3725 6125
230 256 371 309 wlf>

1331 249 1606 308 pultes
1640 240 1937 308 AEGYPrtt
1976 250 2251 312 SAECUL!
2291 253 2378 311 W.
3386 265 3432 321 ll

229 365 456 431 cecidit,
482 363 734 433 superbia
770 362 1024 419 videlicet
1058 372 1112 419 ct
1140 363 1316 418 inanis
1355 364 1540 435 gloriae
1596 377 1803 420 amore.
1835 366 1884 424 Α
1910 364 2001 434 qm·
2027 380 2222 434 egensis
2267 365 2441 436 [actus
2476 374 2554 421 est
2597 376 2846 437 propter
2885 380 2998 423 nos
3045 381 3174 422 euru
3206 368 3424 439 sitdiu,

306 458 401 514 llis
432 460 616 528 itaque
653 473 751 513 nos
797 466 1109 528 oppugnant
1151 457 1435 524 daemones,
1478 471 1578 511 nos
1615 468 1647 510 a
1695 456 1807 512 Deo
1908 454 2024 524 ejus
2055 464 2287 526 egestate
2323 456 2661 525 ditentur⁴⁸3
2704 458 2969 530 ejusque
3019 458 3332 516 niniam-r
3357 464 3432 521 hu

235 552 322 606 his
355 552 587 621 aliisque
618 564 877 618 separare
925 557 1198 621 putantes.
1236 550 1427 604 Sciunt
1458 549 1628 613 enim,
1664 548 1806 616 quod

234 641 546 711 quicunque
591 640 766 711 diligit
823 638 1048 695 tratrem
1096 654 1276 703 suum,
1320 637 1499 706 diligit
1526 645 1582 693 et
1614 636 1804 692 Deum.

230 718 417 797 'Quare
460 729 704 800 injiciunt
748 730 803 784 in
844 730 1011 786 corda
1062 739 1244 786 nostra
1269 729 1361 799 (ob
1396 742 1586 783 eorum
1621 726 1807 783 stulti·

238 821 368 876 tiam
407 829 464 876 et
508 820 875 886 inimicitiam,
913 836 1020 890 qna
1061 822 1317 878 virtutem
1356 817 1808 891 prosequuntur,)

239 913 421 968 odium
451 925 581 982 erga
615 911 844 969 invicem
869 930 887 967 ε
912 912 987 968 lta
1020 911 1265 983 quidem,
1299 922 1359 967 ut
1388 926 1561 981 neque
1588 910 1810 965 fratrem

237 1006 423 1063 videre
460 1007 748 1077 quisquam
793 1013 1039 1062 nostrum
1084 1005 1349 1061 sustineat
1393 1018 1573 1067 suum,
1597 1009 1694 1058 aut
1731 1001 1814 1057 di·

236 1111 360 1154 cere
384 1098 436 1153 ei
464 1096 711 1154 verbum.
752 1095 1139 1164 Quamobrem,
1172 1094 1326 1151 tilioli
1352 1094 1482 1161 mei,
1509 1101 1695 1149 notum
1720 1105 1814 1148 vo-

238 1188 322 1246 his
366 1188 531 1256 l'ucio,
565 1187 709 1259 quod
755 1187 910 1243 inulti
954 1201 1081 1244 vere
1127 1200 1402 1244 summum
1436 1183 1816 1255 impenderunt

239 1281 479 1337 laborem
509 1280 565 1335 in
607 1281 854 1346 virtute;
891 1278 963 1334 ob
1006 1292 1163 1335 suam
1209 1290 1343 1334 vero
1395 1274 1814 1346 imprudentiam

239 1380 410 1427 seruet
440 1372 585 1441 ipsos
614 1370 1026 1426 interemerunt.
1064 1367 1132 1422 Et
1155 1380 1287 1423 sane
1317 1364 1453 1430 scio,
1487 1365 1590 1420 hoc
1619 1363 1816 1418 mirum

240 1477 349 1519 non
379 1476 522 1527 esse,
548 1476 672 1516 eum
704 1474 801 1517 vos
836 1458 1089 1516 taeduerit
1120 1455 1454 1528 operationis
1499 1454 1818 1511 existiman·

245 1564 325 1610 tcs
353 1552 633 1625 possidere
669 1551 721 1607 in
744 1551 1018 1609 vobismet
1055 1548 1186 1620 ipsis
1219 1548 1485 1603 virtutes:
1515 1546 1642 1601 hinc
1672 1545 1818 1601 ccci·-

239 1644 398 1701 alistis
422 1644 476 1700 in
507 1644 651 1699 hunc
674 1641 1000 1699 diabolicum
1027 1640 1296 1708 morbum,
1335 1639 1426 1710 qui
1455 1647 1540 1695 est
1580 1639 1818 1710 pruden-

243 1739 330 1794 tiae
355 1735 609 1808 privatio,
643 1743 895 1806 putantes
916 1732 1249 1805 propinquos
1274 1747 1373 1789 vos
1400 1746 1522 1789 esse
1547 1731 1659 1789 Deo
1679 1740 1734 1786 et
1761 1731 1814 1787 in
1846 1716 1890 1772 Β

242 1827 445 1883 lumine
473 1839 597 1882 esse
628 1825 975 1890 constitutos,
1009 1838 1133 1879 cum
1163 1839 1221 1881 re
1245 1838 1375 1880 vera
1399 1823 1454 1878 in
1479 1823 1720 1881 tenebris
1741 1826 1818 1880 si·

242 1919 332 1972 ris.
368 1914 548 1971 Filioli
597 1916 728 1984 mei,
752 1915 907 1986 quid,
951 1916 1204 1981 obsecro,
1248 1915 1536 1971 Dominum
1571 1924 1816 1971 nostrum

241 2006 427 2063 lesum
458 2007 736 2065 Christum
783 2007 851 2062 ad
907 2005 1269 2076 accingendos
1298 2006 1516 2063 lumbos
1549 2021 1679 2063 suos
1704 2006 1820 2063 sin·

243 2099 406 2168 done,
431 2108 488 2155 et
512 2101 825 2171 deponenda
851 2098 1197 2168 vestimenta,
1228 2109 1284 2156 et
1318 2113 1515 2170 aquam
1547 2100 1600 2155 iu
1623 2098 1820 2169 pelvim

243 2191 593 2259 fundendam,
619 2201 674 2249 et
701 2192 865 2263 pedes
883 2206 942 2248 se
974 2191 1294 2250 interiorum
1312 2192 1574 2248 lavandos
1602 2192 1650 2225 ⁸⁸
1671 2206 1823 2250 corn·

247 2286 419 2357 pulit,
450 2285 553 2342 nisi
588 2296 646 2341 ut
675 2284 1038 2346 bumilitatem
1087 2300 1191 2342 nos
1250 2285 1504 2342 doceret?
1533 2284 1704 2353 Quam
1729 2299 1826 2342 no-

244 2376 330 2434 bis
352 2377 455 2434 hoc
482 2376 732 2450 exemplo
753 2377 896 2448 quod
919 2384 1178 2446 operatus
1205 2386 1314 2444 est,
1355 2376 1583 2434 retulit:
1613 2386 1668 2433 et
1693 2391 1826 2433 sane

247 2484 440 2526 omnes
474 2469 568 2541 qui
597 2469 667 2525 ad
695 2468 988 2541 pristinum
1017 2469 1262 2525 ordinem
1293 2468 1631 2542 postliminio
1657 2467 1826 2540 recipi

247 2562 494 2633 eupiunt,
527 2562 583 2620 id
612 2562 828 2633 assequi
862 2560 1085 2617 minime
1113 2561 1314 2628 valent,
1339 2561 1442 2617 nisi
1476 2560 1781 2617 humilitate
1808 2578 1824 2615 ι

245 2654 449 2711 etenim
477 2653 636 2710 initio
664 2662 845 2712 motus
869 2651 1139 2724 superhiae
1168 2651 1294 2717 ruit,
1326 2666 1448 2722 quae
1480 2650 1591 2725 (18)
1629 2665 1662 2707 e
1686 2650 1827 2709 coelo

250 2746 578 2801 deturbavit.
619 2743 736 2800 Nisi
778 2759 909 2817 ergo
960 2745 1153 2816 ingens
1198 2743 1254 2799 in
1293 2743 1513 2799 homine
1557 2742 1831 2799 exstiterit

254 2836 537 2894 humilitas
563 2835 630 2892 de
657 2844 779 2892 toto
801 2838 961 2893 corde
991 2847 1047 2894 et
1072 2835 1140 2892 de
1167 2843 1279 2892 tota
1317 2844 1499 2892 mente
1533 2844 1591 2892 et
1620 2835 1688 2891 de
1717 2843 1829 2892 toto

256 2928 450 3002 spiritu
492 2938 549 2988 et
591 2931 658 2986 de
701 2935 813 2982 tota
847 2927 1025 2984 antima
1075 2937 1132 2984 et
1178 2928 1246 2984 de
1297 2937 1412 2984 toto
1445 2941 1694 2997 corpore,
1721 2941 1828 2980 non

1912 546 2090 611 litate,
2119 556 2176 604 et
2205 549 2480 617 sementes
2504 548 2832 607 efficiamur
2855 550 2918 605 in
2948 549 3424 623 stultioribusejn,

1911 635 2059 693 illius
2088 646 2265 696 morte
2289 652 2668 710 resurgamus,
2702 648 2767 697 et
2799 639 3143 697 clamenus
3173 656 3293 697 eu·
3316 645 3432 715 Αμιι

1911 726 1964 783 lo
1989 728 2234 787 dicentes
2268 746 2286 784 t
2318 729 2386 785 Et
2415 732 2461 785 si
2491 732 2888 802 cognoscimus
2917 731 3093 787 illuns
3119 732 3187 787 irs
3229 747 3379 804 earu,
3397 755 3433 792 ι

1912 819 1981 875 do
2018 835 2124 874 nort
2158 823 2517 891 capitose-imus
2545 823 2700 877 illam
2729 824 2823 879 sie
2846 822 2922 878 ⁸⁷.
2959 822 3198 879 Revera
3239 829 3433 896 autad

1913 910 2222 979 lectissimi,
2265 912 2387 969 dico
2438 913 2613 981 vobis,
2636 915 2825 972 verba
2887 916 3023 973 haec
3064 918 3290 973 subtilia
3321 927 3433 981 ui

1917 1016 2019 1059 sun
2047 1017 2236 1070 sensu,
2267 1004 2542 1075 multaque
2575 1006 2764 1063 babeo
2794 1010 2872 1065 de
2897 1008 3025 1065 illis
3063 1009 3432 1073 dioendunu

1920 1094 2025 1149 hoc
2061 1103 2275 1166 tempus
2297 1110 2404 1151 non
2442 1105 2532 1153 est
2550 1098 2886 1169 exponendi
2927 1114 3053 1164 εις
3099 1102 3206 1157 sed
3228 1103 3416 1176 affl

1916 1186 2099 1243 dicere
2148 1186 2306 1245 vobis
2343 1187 2570 1246 salutem
2619 1189 2673 1245 in
2736 1190 3032 1261 Domino,
3067 1192 3230 1250 lilioli
3249 1195 3397 1256 dh-

1918 1277 2069 1342 dicti.
2099 1288 2398 1350 notumque
2423 1281 2582 1338 vobis
2625 1281 2858 1350 tacere,
2881 1284 3056 1356 quod
3091 1285 3394 1359 nobis*-

1918 1365 2050 1423 dere
2095 1369 2344 1427 volumus
2380 1373 2447 1426 ad
2474 1370 2816 1432 Creatorem
2855 1386 3170 1444 nostrum,
3199 1383 3406 1440 mi.

1921 1467 1981 1512 ut
2010 1469 2286 1517 certemus
2314 1475 2411 1533 pro
2440 1461 2780 1520 liberatione
2802 1465 3154 1523 animarum
3181 1477 3426 1526 nuru-t

1921 1550 2263 1621 passionibus
2290 1553 2589 1610 secundum
2616 1555 3101 1614 intellectualem
3132 1560 3428 1632 tegeno*

1920 1656 1990 1697 ex
2022 1642 2409 1713 adimpletione
2430 1644 2684 1701 fraudum
2724 1659 2789 1703 et
2815 1648 3215 1708 delectatione
3240 1651 3430 1722 μὴ

1922 1740 1979 1789 et
2032 1733 2424 1791 diabolicarum
2473 1736 2858 1794 tentationum
2915 1738 3270 1797 multitudine
3296 1741 3432 1798 tufi·

1923 1836 2035 1883 tum
2067 1835 2154 1883 est
2178 1827 2435 1885 sensibile
2464 1839 2745 1896 nostrum,
2776 1837 2841 1886 et
2868 1830 3172 1888 demortui
3217 1842 3323 1888 snat
3341 1845 3432 1889 ιιι

1921 1919 2225 1975 animarum
2256 1929 2562 1977 nostrarum
2589 1937 2603 1974 ε
2633 1920 2896 1991 ideoque
2934 1938 3058 1979 non
3088 1924 3433 1981 valemus-nn

1923 2009 2304 2068 intellectualis
2334 2010 2655 2068 substantia
2704 2024 3091 2083 cognoscere
3133 2016 3433 2084 magnius-n

1923 2112 2142 2177 propter
2170 2103 2447 2175 passiones
2476 2102 2531 2158 in
2565 2117 2715 2174 quas
2763 2103 3142 2175 inctdtmns;
3184 2122 3332 2177 nequ
3356 2106 3433 2161 ιᾶ

1924 2196 2068 2253 salus
2096 2205 2201 2265 est,
2242 2196 2345 2253 nisi
2384 2211 2481 2268 per
2513 2195 2821 2252 Dominum
2876 2207 3150 2254 nostrum
3192 2197 3433 2255 less-th?

1925 2301 2091 2348 stum.
2127 2289 2398 2359 Scriptum
2430 2289 2571 2345 enim
2602 2298 2691 2345 est
2727 2289 2789 2344 in
2821 2291 3108 2362 apostolo
3131 2290 3433 2362 Paemani

1926 2397 2024 2452 pcr
2048 2381 2280 2453 primum
2317 2379 2487 2434 Adam
2528 2379 2630 2435 luit
2677 2395 2872 2449 mors,
2905 2392 2975 2439 et
3006 2399 3115 2455 per
3138 2380 3432 2442 Christe-fl

1926 2475 2058 2530 vita.
2103 2472 2360 2528 Dominus
2387 2471 2552 2541 igitur
2582 2471 2736 2527 Deus
2777 2483 3000 2531 noster
3028 2471 3419 2532 Christnsesti

1927 2563 2166 2619 omnium
2202 2562 2545 2618 rationalium
2574 2562 2643 2617 ad
2688 2563 3158 2623 similitudinem
3207 2561 3412 2635 einsid-

1930 2655 2014 2710 nis
2030 2652 2366 2710 conditorum
2401 2669 2418 2718 ;
2453 2667 2574 2723 quae
2597 2661 2688 2708 est
2716 2669 2906 2712 verus
2932 2655 3127 2715 vatris
3158 2658 3425 2715 turdum«

1932 2746 2110 2816 imago
2155 2744 2333 2800 Patris
2383 2744 2838 2804 inconvertibilis
2883 2757 2952 2803 et
2999 2744 3432 2807 immutabilis-h

1932 2852 2060 2893 vero
2084 2836 2258 2908 imago
2288 2850 2554 2907 apparens
2578 2838 2883 2896 exsistens
2930 2842 2993 2897 in
3020 2843 3276 2899 creaturis
3303 2851 3433 2896 contu

1934 2929 2098 2985 tibilis
2119 2937 2203 2986 est
2232 2947 2246 2984 ε
2274 2928 2478 2985 idcirco
2505 2928 2560 2984 in
2587 2943 2653 2983 ea
2689 2928 2851 2986 sacta
2881 2943 2987 2989 est
3018 2948 3158 2991 mors
3178 2943 3344 2988 nostra
3363 2933 3433 3001 (ru

257 3020 598 3081 haereditabit
626 3034 852 3092 regnum
891 3019 1008 3085 nei,
1043 3020 1342 3077 secundum
1375 3020 1520 3090 quod
1564 3018 1826 3090 scriptum
1855 3052 1902 3115 C
1933 3027 2017 3077 tra
2052 3034 2177 3077 vero
2203 3027 2286 3078 est
2317 3027 2510 3077 natura
2543 3018 3032 3097 intellectualis),
3054 3034 3254 3082 etexes
3276 3022 3323 3078 iu
3341 3035 3433 3077 can

256 3124 362 3174 est.
395 3113 685 3183 Equidem,
711 3110 861 3169 tilioli
897 3109 1240 3170 dilectissimi
1269 3110 1323 3165 in
1356 3111 1608 3177 Domino,
1635 3109 1830 3179 depre-

255 3221 353 3265 cor
384 3205 699 3262 Creatorem
738 3217 919 3260 meum
949 3203 1001 3259 in
1033 3201 1188 3274 cujus
1213 3203 1466 3261 manibus
1501 3210 1583 3257 est
1607 3201 1832 3273 spiritus

256 3315 430 3368 meus,
463 3308 631 3356 noctu
663 3296 886 3368 diuque,
910 3304 971 3351 ut
1003 3292 1278 3353 illuminet
1300 3297 1492 3352 oculos
1529 3295 1709 3351 cordis
1738 3308 1833 3351 ve·

257 3394 381 3459 stii,
417 3399 477 3448 ut
498 3389 810 3462 agnoscatis
839 3388 1073 3458 primum
1111 3402 1284 3443 meam
1311 3401 1438 3458 erga
1472 3400 1567 3442 vos
1591 3384 1829 3442 charita-

255 3499 399 3554 tem;
428 3494 540 3541 tam
580 3481 925 3556 prospiciatis
962 3491 1127 3550 atque
1172 3478 1521 3551 cognoscatis
1547 3477 1829 3534 confusio-

251 3593 374 3634 ueiu
415 3585 686 3641 vestram3
735 3589 857 3630 natu
906 3573 998 3643 qui
1040 3586 1194 3628 suam
1236 3570 1514 3638 cognoscit
1555 3568 1835 3625 conlusio-i

256 3684 402 3733 nem,
434 3669 480 3722 is
505 3667 735 3738 gloriam
761 3667 991 3722 electam
1021 3679 1207 3720 veram
1243 3664 1441 3733 quaerit
1471 3681 1486 3717 :
1511 3663 1710 3733 quippe
1736 3661 1830 3732 qui

252 3775 403 3814 stram
422 3758 568 3814 novit
587 3757 985 3824 mortalitatem,
1007 3758 1052 3812 is
1067 3757 1178 3826 jam
1201 3755 1345 3811 novit
1371 3752 1530 3808 vitam
1548 3763 1827 3809 aeternam.

253 3849 444 3906 'l'itneo
475 3864 628 3914 sanc,
655 3849 807 3907 tilioli
838 3848 964 3913 mci,
992 3863 1061 3904 ne
1083 3845 1506 3917 comprehendat
1540 3858 1634 3898 vos
1653 3843 1829 3898 chari-

255 3955 339 3994 ms
382 3950 434 3994 et
482 3949 770 4008 paupertas
805 3939 856 3994 in
901 3939 982 3992 via
1017 3939 1350 4009 perducente
1384 3935 1450 3990 ad
1498 3933 1826 4005 locum,qun

254 4033 469 4101 assequi
502 4029 689 4086 valetis
716 4030 952 4088 divitias.
984 4030 1157 4102 Cupio
1183 4040 1365 4084 autem
1394 4028 1578 4083 videre
1613 4042 1709 4085 ros
1739 4027 1826 4082 hic

252 4122 307 4180 in
347 4136 575 4193 corpore
601 4140 617 4191 ;
645 4133 882 4180 attamen
915 4132 1170 4194 exspecto
1194 4119 1448 4177 saeculum
1475 4119 1606 4179 illud
1635 4121 1689 4175 iu
1717 4134 1824 4191 quo

253 4216 395 4272 nulla
443 4217 586 4272 inest
624 4217 879 4273 moestitia
908 4231 1084 4287 neque
1119 4228 1325 4272 moeror
1360 4227 1535 4283 neque
1567 4214 1820 4283 gemitus,

249 4311 342 4367 sed
374 4308 558 4364 laetitia
594 4317 649 4363 et
672 4308 926 4378 gattdium
960 4307 1212 4364 omnibus
1239 4318 1365 4360 vere
1399 4304 1530 4361 illud
1563 4305 1820 4360 merenti·

1934 3116 2044 3171 nati
2077 3128 2282 3181 sumus,
2331 3122 2387 3171 et
2428 3114 2556 3170 sacti
2596 3129 2809 3172 sumus
2858 3120 3077 3178 domus
3105 3121 3243 3193 plena
3276 3127 3433 3174 εει-ιω

1933 3207 2037 3262 nis.
2068 3205 2179 3277 Ego
2225 3215 2406 3262 autem
2461 3205 2737 3263 testilicor
2770 3211 2957 3269 vohis
3000 3223 3061 3271 et
3085 3213 3223 3280 dieo,
3243 3210 3363 3283 qnod
3384 3223 3433 3262 ea

1925 3295 2039 3366 jam
2075 3296 2451 3354 amisissemus
2486 3311 2684 3354 omnes
2731 3299 3030 3372 virtutes,
3063 3297 3432 3373 vinumque&

1931 3387 2094 3449 Patet·
2135 3396 2377 3449 nostram
2418 3388 2841 3461 infirmitatem,
2873 3403 2940 3452 et
2972 3397 3129 3469 quod
3165 3389 3433 3453 sustinete-i

1935 3483 2077 3538 utine
2100 3482 2341 3538 valemus
2370 3480 2489 3551 ejus
2520 3481 2574 3538 in
2594 3482 2766 3538 nobis
2795 3487 3308 3545 manifestatione
3331 3497 3432 3538 itt*

1930 3575 2057 3630 dum
2091 3573 2360 3644 propriam
2387 3571 2615 3628 {ormam
2657 3586 2854 3641 penes
2882 3592 3092 3634 veram
3123 3579 3239 3649 ejus
3261 3576 3418 3632 ration

1930 3665 2078 3721 misit
2106 3664 2297 3720 Filium
2330 3678 2489 3720 suum
2530 3662 2935 3734 unigenitum,
2975 3672 3077 3742 qni
3122 3666 3404 3738 annmpdff

1930 3774 2050 3814 nem
2103 3765 2367 3823 nostram,
2406 3764 2459 3811 et
2493 3769 2649 3810 suam
2691 3755 2921 3821 ,invisit
2969 3757 3378 3818 creaturam*

1929 3848 2204 3905 ministros
2247 3856 2304 3903 et
2342 3856 2559 3904 sanctos
2583 3846 2706 3902 suis
2745 3847 2960 3907 donis.
3005 3852 3223 3924 ltaque,
3254 3833 3366 3906 Εὖ

1929 3941 2063 3996 mihi
2101 3939 2464 4004 dilectissimi,
2506 3939 2741 3995 obsecro
2804 3956 2922 4000 vos
2962 3960 3071 4015 per
3097 3961 3260 4001 meam
3282 3936 3389 4007 ep*

1926 4029 2288 4097 dilectionem,
2325 4037 2383 4087 ut
2422 4027 2696 4086 accedatis
2721 4031 2802 4086 ad
2842 4033 3161 4090 omninum
3185 4036 3242 4090 de
3262 4033 3400 4086 ιοιοια·

1924 4124 1991 4180 de
2021 4132 2219 4190 vestro,
2244 4124 2579 4194 exploratum
2619 4120 2947 4190 habentes.
2991 4130 3141 4201 quod
3174 4123 3413 4185 undant*

1926 4225 2112 4272 nostra
2141 4230 2262 4286 quae
2297 4212 2525 4270 Domino
2570 4208 2914 4284 offerimus,
2965 4221 3149 4292 „nih
3189 4231 3311 4288 quan
3333 4203 3416 4263 ulit

1926 4307 2184 4376 elargitus
2211 4315 2295 4362 est
2331 4305 2619 4373 mediante,
2651 4303 2779 4373 eius
2827 4323 2951 4378 pro
3003 4312 3169 4368 nohis
3189 4292 3416 4366 tin-thibi

249 4398 384 4465 bus;
424 4413 488 4453 ac
535 4408 595 4453 ut
631 4399 1015 4454 conveniamus
1056 4397 1128 4454 ihi
1172 4410 1334 4467 quam
1362 4396 1470 4452 cito
1507 4404 1564 4451 et
1608 4396 1818 4451 videam
1852 4397 1898 4452 D
1925 4399 2336 4468 haudquaquam
2386 4397 2495 4453 siut
2545 4401 2986 4466 comparanda.
3049 4402 3207 4460 Nobis
3236 4395 3331 4453 eain
3355 4397 3419 4438 ’Ν

251 4504 367 4545 vos.
412 4490 633 4545 Demum
678 4490 848 4545 multa
885 4488 1060 4547 adhuc
1097 4497 1307 4543 restant
1351 4487 1482 4543 milti
1523 4490 1686 4543 verba
1736 4503 1824 4543 vo·

251 4586 334 4641 bis
356 4584 617 4641 dicenda:
655 4599 838 4640 verum
875 4593 1085 4654 tempus
1112 4583 1253 4649 haud
1289 4591 1649 4653 opportunum
1675 4597 1821 4639 nunc

247 4687 362 4746 est3
394 4677 489 4733 sed
526 4685 738 4746 tempus
775 4685 892 4740 cst,
923 4684 982 4729 ut
1029 4675 1192 4731 vobis.
1231 4673 1552 4730 nominatim
1589 4673 1818 4728 salutent

248 4772 446 4831 «ticam.
487 4768 634 4825 ntioti
686 4768 790 4823 mei
830 4766 1187 4823 dilectissimi.
1223 4765 1304 4821 Ac
1358 4764 1586 4822 Domino
1635 4773 1820 4820 nostro

247 4857 371 4917 lesu
397 4859 614 4916 Christo
646 4860 720 4913 sit
742 4856 909 4929 gloria
938 4856 988 4910 in
1008 4856 1202 4911 sarcula
1234 4856 1580 4913 saeculorum.
1614 4858 1815 4911 Amen.

790 4990 1125 5049 EPtS'rOLA
1168 4990 1279 5046 vn.

252 5108 402 5165 filiis
436 5110 545 5164 suis
567 5109 857 5173 monachis,
880 5109 932 5163 r‘n
947 5124 1050 5178 qun
1075 5107 1180 5162 illis
1197 5108 1545 5171 demonstrat,
1583 5114 1818 5160 nostram

312 5181 535 5235 sulutem
597 5194 762 5245 neque
797 5195 889 5244 per
940 5176 1181 5244 nnqeltmt
1237 5191 1401 5245 neqtte
1431 5189 1526 5242 per
1557 5175 1819 5229 hominem

315 5250 510 5317 factam
547 5265 680 5312 esse,
716 5249 805 5302 sed
835 5263 928 5316 per
983 5247 1146 5301 Deum
1181 5244 1405 5300 Verbum
1456 5244 1814 5299 incarnatum.

318 5320 540 5385 Insuper
563 5335 650 5374 eos
682 5319 865 5371 incitat
896 5318 963 5370 ad
996 5317 1370 5371 decertandum
1410 5330 1612 5370 summo
1638 5328 1815 5371 certa·

313 5389 470 5450 utine,
503 5400 556 5442 ut
590 5386 812 5443 salutem
841 5396 1246 5457 cousequantur.
1281 5385 1427 5440 Dixit
1462 5400 1482 5440 .·

317 5499 575 5573 liquidem
607 5501 726 5554 novi
748 5499 975 5570 qratiam
1012 5497 1222 5555 Domini
1252 5497 1416 5552 nostri
1433 5495 1562 5553 lesu
1587 5495 1810 5563 Christi,

314 5614 360 5647 ⁸⁸
388 5611 542 5668 Joan.
574 5629 695 5672 xm.
724 5612 755 5666 t
781 5627 901 5683 sqq.

305 5707 422 5782 (18)
450 5706 602 5778 Quae.
642 5704 736 5766 vet
763 5705 874 5782 qui.

992 5610 1038 5643 ⁸⁸
1069 5608 1109 5664 ΙΙ
1133 5609 1257 5664 Cor.
1290 5624 1408 5679 vni,
1442 5609 1496 5665 9.
1574 5611 1618 5642 δ’
1644 5609 1686 5666 tt
1719 5609 1843 5666 Cor.
1878 5625 1931 5679 v,
1964 5612 2043 5668 lG.

1923 4491 2147 4558 indiget,
2182 4503 2358 4558 neque
2382 4488 2448 4542 ad
2478 4502 2576 4543 nos
2602 4489 2760 4542 venit.
2800 4505 3068 4565 propter
3096 4502 3282 4550 nostra·
3305 4483 3413 4536 ΙΙ·-

1923 4580 2148 4645 litntem,
2180 4594 2365 4634 verum
2388 4579 2456 4634 ob
2482 4579 2760 4650 inge-ntem
2800 4581 2945 4652 ejus
2970 4572 3404 4644 honum-eth*

1923 4671 2126 4727 litatem
2156 4670 2589 4738 charitatemque
2626 4667 3255 4744 incomprehenffl·
3278 4657 3414 4723 W

1921 4768 2033 4836 egit
2083 4765 2363 4820 nobiscum
2395 4763 2549 4832 juxta
2596 4775 2843 4834 peccata
2913 4785 3153 4838 nostra,
3187 4747 3433 4828 sdffilffls‘*

1927 4857 2066 4913 lunae
2108 4866 2165 4912 et
2211 4857 2382 4912 stellis
2439 4856 2705 4912 inservire
2745 4856 2970 4920 domui
3033 4865 3166 4922 huic
3208 4854 3433 4914 tfflnffl

1922 4964 2048 5022 quae
2076 4958 2157 5004 est
2191 4949 2450 5012 mundns,
2468 4946 2535 5002 ad
2566 4950 2833 5017 corporis
2865 4953 3313 5012 subsistentiam.

1996 5039 2291 5101 Constituit
2324 5049 2585 5110 praeterea
2635 5039 2743 5093 alia
2788 5045 3100 5113 perman,
3153 5028 3433 5102 occultat&

1926 5132 2297 5198 inservientia,
2339 5146 2456 5208 quae
2488 5131 2774 5200 corporeis
2837 5139 3075 5196 nostris
3114 5135 3276 5194 oeulis
3310 5123 3432 5183 mini·

1920 5224 2221 5280 cernimus.
2253 5222 2363 5279 Nos
2386 5236 2515 5277 vero
2542 5220 2611 5276 ob
2645 5231 2993 5285 nostrorum
3029 5226 3433 5301 peecatorum-u

1922 5313 2233 5381 titudinem,
2263 5327 2454 5369 eorum
2492 5326 2618 5383 erga
2671 5325 2782 5369 nos
2829 5319 3186 5375 servitutem
3217 5297 3433 5370 irritam!

1919 5408 2118 5463 cimus.
2143 5405 2213 5462 Λι
2255 5404 2413 5475 quid,
2444 5405 2630 5470 sodes,
2673 5405 2938 5468 Domino.
2977 5420 3186 5471 nostro
3218 5405 3302 5461 die
3335 5392 3433 5471 1⁹⁸³*

1918 5500 2204 5557 dicemus?
2235 5498 2368 5556 Nam
2415 5498 2541 5569 quid
2598 5499 2892 5560 bonorum
2949 5503 3253 5562 nobiscum
3305 5497 3432 5569 insen

2181 5612 2265 5668 ⁵⁸1
2298 5612 2419 5669 Cor.
2461 5627 2552 5677 xv,
2577 5609 2671 5666 ⁴22.
