3725 6125
339 257 450 316 295

347 468 432 521 nis
473 473 596 522 erat
615 463 761 519 orbis
805 469 1069 513 terrarum
1103 456 1291 508 doctor
1319 464 1335 504 ε
1368 463 1550 504 coram
1585 447 1800 516 quidem
1824 460 1921 515 po·

344 560 479 612 sitos
507 567 756 611 sermone
786 550 1002 617 iuvans,
1037 546 1290 599 absentes
1313 556 1444 597 vero
1468 548 1793 596 convertens
1827 552 1923 609 per

346 645 636 713 Epistulas.
668 641 825 697 Solus
850 638 939 693 ille
968 647 1077 700 est,
1108 635 1263 705 cuius
1289 647 1563 704 nunqnam
1594 646 1769 701 genua
1796 644 1921 684 cum

345 752 558 805 semper
596 736 696 787 iter
733 737 915 797 ageret
949 736 1079 782 sunt
1105 726 1338 792 lassata;
1372 739 1434 779 ac
1465 736 1564 778 nec
1599 722 1778 792 lingua
1814 729 1926 775 tor-

346 826 479 895 pnit,
532 821 675 877 nulla
719 819 906 888 requie
945 818 1012 872 ad
1062 817 1245 872 hostes
1287 829 1353 870 ac
1400 816 1605 870 amicos
1651 809 1924 881 Evangelii

345 913 598 984 mysteria
627 925 912 966 enarrans.
941 908 1021 963 Ac
1073 907 1290 978 quidem
1350 906 1472 961 talis
1517 903 1720 959 Paulus
1782 900 1927 971 quod

348 1014 556 1077 spectat
585 1005 651 1059 ad
680 1003 1017 1067 doctrinam;
1052 1000 1194 1071 quod
1222 1008 1404 1054 autem
1446 1000 1514 1052 ad
1550 995 1810 1066 reliquam
1848 995 1929 1048 vl-

345 1107 413 1151 tae
453 1095 866 1166 philosophiam,
903 1092 1082 1163 qualis
1130 1092 1305 1162 rogo?
1338 1091 1430 1161 qui
1473 1104 1686 1160 semper
1710 1087 1931 1158 iugiter-

343 1203 450 1261 que
490 1187 750 1244 doctrinae
787 1187 1057 1251 assiduus,
1106 1200 1170 1240 ac
1213 1182 1508 1253 Evangelio
1550 1181 1814 1246 serviens,
1861 1194 1931 1234 ne

345 1296 540 1352 panem
588 1279 804 1348 quidem
859 1278 926 1334 ab
980 1277 1161 1347 aliquo
1214 1276 1385 1346 gratis
1438 1272 1759 1343 referebam
1797 1271 1930 1341 quin

349 1373 582 1430 interdiu
625 1373 842 1443 quidem
887 1355 1156 1426 adversus
1184 1376 1473 1424 sexcentos
1516 1369 1697 1421 hostes
1745 1373 1926 1420 certa-

348 1482 471 1521 men
500 1465 749 1531 habebat,
786 1472 944 1518 noctu
983 1476 1132 1529 vero,
1177 1458 1516 1530 scalpellum,
1551 1456 1845 1529 pellesque,
1866 1471 1930 1510 ac

350 1558 484 1613 artis
537 1559 788 1613 versabat
842 1570 1000 1624 opus,
1051 1562 1110 1607 ut
1163 1564 1436 1606 annonam
1492 1548 1616 1604 inde
1684 1562 1753 1602 ac
1806 1546 1930 1600 vitae

350 1654 709 1701 commeatum
761 1653 997 1714 pararet,
1050 1651 1109 1697 ut
1152 1640 1286 1697 nihil
1317 1654 1378 1695 se
1418 1653 1636 1709 gravem
1666 1635 1931 1707 praeberet

1607 241 1665 295 S.
1707 237 1978 294 ASTtttul
2020 235 2324 293 AMASEM

341 388 470 430 setis
500 372 682 425 Asiam
703 410 717 433 ,
748 366 1194 439 postmodumque
1243 355 1632 418 Macedoniam,
1679 369 1920 406 commu-
1949 364 1995 419 Α
2023 353 2135 416 λεις

3497 242 3605 299 wo

2178 352 2522 418 καταλαόὼν,
2568 353 2821 407 κάκεῖθεν
2855 352 2951 426 τήν
3001 352 3185 408 Ἀσίαν
3230 355 3608 429 ἐπισκεψάμε-

2025 461 2136 507 νος,
2161 440 2282 498 εἶτα
2309 444 2407 515 τὴν
2438 443 2800 507 Μακεδονίαν,
2828 444 3010 510 κοινδς
3034 441 3105 517 ἦν
3134 446 3238 518 τῆς
3280 446 3608 521 οἰκουμένης

2024 534 2361 599 διδάσκαλος,
2403 534 2531 598 τοὺς
2571 534 2670 605 μὲν
2701 534 3010 607 ὁρωμένους
3038 536 3149 589 ἀπδ
3178 534 3432 608 γλώττης
3466 536 3614 609 ὡφε-

2025 623 2154 688 λῶν,
2186 627 2311 689 τοὺς
2350 623 2405 677 δὲ
2446 624 2685 689 ἀπόντας
2719 624 2809 679 διά
2841 626 2951 680 τῶν
2989 627 3294 681 ἐπιστολῶν
3353 630 3611 703 ἐπιστρά-

2027 734 2160 786 φων·
2211 716 2373 788 μόνου
2408 715 2465 769 δὲ
2506 717 2739 781 ἐκείνου,
2771 718 2833 770 οὐ
2862 718 2991 786 γόνυ
3015 720 3257 791 ἔκαμνεν
3290 719 3483 775 ὁδεῦον
3505 722 3611 787 ἀεὶ,

2026 811 2089 863 οὐ
2121 810 2335 880 γλῶττα
2366 811 2590 881 ὲνάρκα.
2628 811 2766 884 πρὸς
2796 810 3026 883 ἐχθροὺς
3056 814 3151 866 καὶ
3174 814 3368 883 φίλους
3397 814 3617 869 ἀνελλι-

2028 902 2146 965 πιῖις
2177 901 2451 966 διεξιοῦσα
2489 901 2582 956 τοῦ
2614 903 2949 973 Εύαγγελίου
2977 907 3272 977 μυστήρια.
3328 908 3498 963 Ἀλλά
3522 910 3619 984 τὴν

2033 995 2130 1066 μὲν
2162 994 2509 1048 διδασκαλίαν
2548 994 2809 1061 τοιοῦτος·
2841 996 2940 1070 τὴν
2967 997 3023 1051 δὲ
3051 998 3217 1069 ἀλλην
3241 999 3340 1053 τοῦ
3379 1000 3500 1070 βίου
3528 1020 3618 1071 φι-

2030 1086 2306 1157 λοσοφίαν,
2333 1081 2446 1150 οἷος
2470 1085 2791 1159 ἀνθρωποςς
2834 1089 2947 1142 ’Asi
2972 1089 3067 1143 καὶ
3096 1092 3344 1161 συνεχῶς
3375 1091 3458 1163 τῷ
3480 1093 3618 1165 λόγῳ

2030 1177 2477 1250 προσκαρτερῶν,
2531 1179 2628 1232 καὶ
2671 1177 2752 1250 τῷ
2799 1180 3118 1252 Εὐαγγελίῳ
3161 1183 3461 1248 δουλεύων,
3499 1185 3613 1240 oti&

2029 1270 2196 1338 ἄρτου
2224 1269 2433 1341 δωρεάν
2467 1271 2617 1344 παρά
2641 1288 2788 1336 τινος
2809 1273 3114 1344 ἐκομίζετο·
3149 1274 3266 1327 ἀλλ’
3299 1276 3480 1348 ἡμέρα
3505 1278 3605 1346 μιν

2028 1357 2143 1431 εἶχε
2190 1361 2284 1414 τὸν
2326 1361 2515 1431 ἀγῶνα
2551 1362 2645 1415 τὸν
2694 1362 2829 1436 πρὸς
2866 1364 3093 1434 μυρίους
3139 1366 3399 1439 ἐχθροὺς,
3425 1368 3511 1435 νὺξ
3541 1371 3597 1425 δὲ

2029 1453 2127 1526 τὴν
2154 1454 2375 1527 σμίλην,
2426 1456 2518 1509 καὶ
2555 1454 2625 1508 τά
2656 1457 2853 1527 σκύτη,
2895 1459 2989 1511 καὶ
3027 1458 3127 1527 τὴν
3159 1459 3271 1512 ἀπὸ
3299 1462 3407 1532 τῆς
3428 1461 3600 1533 τέχνης

2031 1545 2318 1617 ἐργασίαν·
2360 1545 2427 1599 ἶν’
2452 1546 2661 1600 ἐκεῖθεν
2698 1544 2799 1620 ἔχῃ
2831 1547 2922 1601 τὸν
2954 1548 3325 1619 ἐπισιτισμὸν,
3366 1551 3612 1623 φαίνηται

2029 1633 2088 1688 δὲ
2110 1636 2276 1690 πᾶσιν
2308 1636 2620 1707 ἀνεπαχθὴς
2646 1637 2963 1704 ἀπόστολος,
2995 1638 3272 1704 ἀδάπανος
3300 1640 3508 1713 κῆρυξ,
3530 1645 3618 1695 καὶ

349 1736 677 1809 apostolum,
706 1746 764 1789 nt
789 1735 1199 1807 praedicatorem
1227 1730 1432 1800 absque
1467 1737 1704 1798 sumptu,
1738 1728 1830 1796 qui
1857 1725 1924 1779 ad
1958 1728 1997 1781 n
2030 1724 2221 1797 μέχρις
2246 1725 2410 1797 άρτου
2438 1725 2547 1779 τῶν
2571 1725 2888 1793 ξενιζόντων
2912 1726 3260 1798 φειδόμενος.

351 1843 520 1901 usque
547 1843 738 1899 panem
781 1827 1083 1898 hospitibus
1127 1832 1395 1895 parceret.

431 1922 585 1977 llunc
623 1935 721 1977 nos
763 1932 1094 1983 sermonem,
1134 1913 1467 1980 sacerdotes,
1499 1912 1804 1977 audiamus,
1837 1911 1928 1981 qui

355 2018 551 2075 nedum
583 2012 1000 2084 comparticipes
1019 2022 1206 2065 sumus
1236 2006 1518 2071 altaribus,
1544 2018 1730 2058 verum
1765 2003 1929 2056 etiam

356 2111 426 2166 ab
452 2108 560 2164 illis
591 2105 784 2162 divites
810 2116 1019 2164 sumus,
1043 2098 1184 2154 acin
1212 2096 1423 2152 deliciis
1449 2096 1689 2165 azimun
1716 2109 1933 2149 sacras-

355 2214 461 2270 que
484 2196 791 2258 facultates,
821 2199 1059 2246 nostram
1094 2190 1333 2261 ipsorum
1371 2187 1772 2259 possessionem
1797 2183 1935 2241 laci-

356 2307 510 2358 mus;
536 2289 761 2360 quique.
791 2283 994 2339 Christi
1024 2295 1189 2336 causa
1222 2280 1500 2348 subjectis,
1531 2287 1785 2348 tauquam
1817 2290 1936 2331 ser-

355 2383 437 2438 vis
465 2379 702 2451 graviter
740 2377 1108 2445 imperamus,
1157 2371 1301 2426 band
1349 2371 1507 2440 plano
1545 2366 1933 2430 sacerdotium,

353 2472 650 2529 dominatio
678 2477 796 2535 est;
823 2465 955 2535 quin
984 2466 1182 2534 potius,
1215 2470 1274 2516 ut
1293 2460 1417 2532 quis
1445 2458 1732 2528 intelligat,
1762 2458 1935 2512 servi-

356 2574 463 2621 tus.
492 2560 607 2616 Non
637 2559 990 2627 magistratus
1026 2552 1349 2607 auctoritate
1379 2550 1725 2605 decernentis
1757 2548 1938 2619 digni·

358 2665 478 2718 tas,
529 2651 622 2706 sed
658 2648 916 2702 modestae
954 2659 1018 2698 ac
1051 2643 1328 2711 castigatoe
1363 2640 1786 2711 dispensationis
1830 2642 1934 2695 mi·

359 2744 630 2801 nistratio.
655 2738 844 2794 Nonne
871 2746 1191 2807 potestatem
1215 2733 1450 2789 habebat
1471 2733 1686 2788 divinus¹
1715 2732 1936 2801 Paulus,

360 2844 421 2892 ut
447 2851 513 2891 ex
549 2833 723 2888 sacris
771 2830 1122 2884 manducaret
1176 2828 1490 2896 biberetque
1540 2827 1617 2893 ¹⁸3
1661 2841 1726 2882 ac
1766 2829 1941 2881 modi-

361 2942 485 2985 cum
538 2926 669 2998 quid
720 2921 972 2992 stipendii
1036 2919 1298 2984 laborum,
1357 2919 1423 2973 ad
1489 2918 1753 2989 corporis,
1794 2917 1937 2987 qnod

362 3020 604 3092 qnotidie
648 3014 977 3080 caedebatur,
1025 3011 1323 3070 lomentum
1365 3026 1429 3068 ac
1472 3026 1560 3067 cu.
1547 3026 1681 3077 ··,am
1727 3010 1940 3080 accipe-

2103 1904 2303 1959 Τοῦτον
2331 1906 2422 1960 τὸν
2453 1905 2631 1975 λόγον,
2662 1909 2849 1979 ἱερεῖς,
2891 1909 3242 1981 ἀκούσωμεν,
3287 1914 3339 1967 oi
3374 1914 3455 1985 μὴ
3491 1931 3622 1985 συμ-

2036 1997 2381 2070 μεριζόμενοι
2436 2001 2549 2064 τοῖς
2610 1999 3015 2073 θυσιαστηρίοις
3068 2002 3232 2073 μόνον
3251 2042 3269 2070 ,
3333 2005 3477 2061 ἀλλά
3530 2008 3622 2062 καὶ

2034 2089 2393 2155 πλουτοῦντες
2419 2091 2515 2145 ἀπ’
2541 2090 2765 2147 ἐκείνων
2792 2093 2887 2146 καὶ
2913 2093 3254 2165 τρυφῶντες,
3284 2098 3383 2151 καὶ
3414 2097 3514 2169 τὴν
3543 2100 3619 2152 is·

2038 2183 2139 2255 ράν
2171 2184 2489 2255 περιουσίαν
2513 2183 2645 2237 ίδιον
2671 2184 2856 2256 κτῆμα
2879 2186 3212 2257 ποιούμενοι,
3250 2191 3348 2243 καὶ
3380 2194 3495 2255 τοῖς
3521 2191 3623 2245 ὑπ-

2033 2279 2221 2347 ηκόοις
2240 2275 2327 2330 διὰ
2356 2275 2449 2330 τὸν
2477 2277 2715 2346 Χριστὸν
2740 2271 2829 2331 οία
2855 2277 3063 2343 δούλοις
3092 2282 3374 2353 φορτικῶς
3403 2285 3622 2339 ἐπιτάτ-
3705 2264 3717 2279 ⁴

2035 2385 2239 2433 τοντες.
2272 2369 2385 2422 Οὐκ
2424 2368 2571 2422 ἔστιν
2609 2369 2860 2441 ίεροσύνη
2890 2370 3201 2438 δεσποτεία,
3247 2374 3391 2429 ἀλλὰ
3429 2376 3623 2447 μᾶλλον

2036 2460 2115 2531 τῷ
2146 2458 2380 2513 συνιέντι
2404 2460 2640 2514 δουλεία·
2671 2462 2773 2514 οὐκ
2797 2462 3125 2534 ἀρχοντικῆς
3148 2464 3443 2531 αὐθαδείας
3470 2467 3624 2533 ἀξίω-
3711 2445 3718 2455 ‚

2042 2569 2140 2623 μα,
2195 2551 2311 2604 ἀλλ’
2373 2550 2637 2615 εὐλαόοῦς
2690 2553 3005 2624 οἰκονομίας
3053 2554 3328 2615 διακονία.
3380 2558 3474 2629 Μὴ
3527 2560 3623 2612 οὐκ

2040 2644 2198 2715 ἔσχεν
2223 2644 2470 2709 ἐξουσίαν
2511 2647 2541 2698 ὁ
2585 2644 2873 2710 θεσπέσιος
2918 2645 3133 2710 Παῦλος
3179 2648 3387 2705 ἐσθίειν
3418 2652 3511 2705 καὶ
3536 2652 3621 2705 πί-

2040 2753 2154 2789 νειν
2184 2736 2293 2789 ἀπὸ
2319 2736 2426 2788 τῶν
2460 2735 2642 2807 ἱερῶν,
2665 2737 2760 2791 καὶ
2790 2738 2986 2811 μικρὸν
3012 2737 3148 2808 γοῦν
3183 2739 3488 2812 λαμὸάνειν
3516 2743 3620 2796 ’.ὧν

2045 2825 2251 2897 μυρίων
2278 2826 2454 2879 πόνων
2480 2827 2672 2897 γέρας,
2705 2830 2786 2893 είς
2811 2828 3113 2901 θεραπείαν
3150 2834 3491 2904 τυπτομένου
3525 2834 3617 2888 τοῦ

2044 2917 2294 2989 σώματος
2347 2918 2466 2971 καθ’
2497 2919 2749 2991 ἡμέραν,
2734 2937 2749 2951 ·
2797 2921 2937 2976 Ἀλλ’
2966 2923 3071 2976 οὐκ
3115 2925 3394 2997 ἐχρήσατο
3442 2930 3507 2999 τῇ
3537 2927 3621 2993 ἐξ·

2041 3010 2219 3082 ουσία,
2261 3008 2349 3064 ἵνα
2374 3009 2540 3082 μηδὲν
2578 3012 2672 3067 ἐπὶ
2699 3014 2804 3086 γῆς
2845 3013 3045 3082 λαᾶὼν,
3078 3016 3257 3073 πάντα
3291 3018 3355 3074 ἐν
3379 3021 3495 3084 τοῖς
3526 3021 3621 3075 οὐ·

364 3111 490 3167 ret!
518 3107 868 3176 Nequaquam
914 3115 1094 3160 tamen
1139 3118 1267 3158 usus
1295 3111 1380 3158 est
1405 3111 1690 3172 potestate,
1722 3101 1935 3157 utnihil
1964 3086 2007 3143 C
2043 3102 2223 3172 ρανοῖς
2265 3099 2537 3174 ἀτοοθήσῃ.
2573 3104 2665 3157 Διὸ
2704 3107 2798 3158 καὶ
2834 3104 2943 3159 τῶν
2970 3106 3112 3180 ὑπὲρ
3142 3106 3422 3180 ἄνθρωπον
3453 3110 3621 3179 ἠξιώ-

366 3203 420 3258 in
452 3212 598 3254 terra
625 3196 925 3265 accipiens,
959 3194 1142 3250 onmia
1182 3194 1235 3248 iu
1271 3194 1428 3250 coelis
1459 3203 1764 3264 reponeret.
1801 3194 1943 3260 Qua-

365 3301 588 3366 propter
618 3291 810 3354 etiaut,
839 3303 969 3343 eunt
990 3287 1172 3344 adhue
1195 3287 1349 3345 carni
1374 3286 1725 3359 corruptibili
1755 3287 1939 3361 alliga·

369 3397 457 3441 tus
482 3390 644 3442 esset.
677 3378 970 3447 iunioribus
1009 3391 1168 3447 quam
1198 3391 1297 3446 pro
1324 3374 1560 3430 hnmana
1608 3370 1817 3430 ratio‘ue
1844 3376 1945 3432 do·

368 3479 452 3535 nis
477 3487 666 3531 auctus
700 3481 816 3537 est,
863 3480 1026 3540 atque
1062 3478 1120 3523 ιιι
1166 3470 1428 3523 bonorum
1471 3468 1796 3534 futurorum,
1844 3472 1943 3523 ho·

367 3582 670 3636 nurumque
707 3579 822 3621 aevo
849 3563 939 3618 illo
972 3561 1331 3633 repositorum
1369 3561 1591 3616 arrham
1637 3561 1939 3631 pignusque

366 3668 731 3721 convertetnr,
757 3656 1058 3712 assumitur
1085 3667 1255 3723 usque
1284 3651 1352 3708 ad
1393 3653 1610 3708 tertium
1638 3653 1830 3708 coelum
1856 3653 1938 3705 ¹⁷:

371 3753 714 3821 visionesque
739 3763 974 3804 nostram
995 3747 1295 3802 mortalium
1324 3757 1524 3800 sortem
1556 3753 1944 3815 exsuperantes

371 3846 548 3912 videt,
572 3859 635 3899 ac
664 3842 826 3898 verba
856 3856 1056 3896 arcana
1078 3841 1249 3903 audit,
1282 3839 1437 3893 ukait
1465 3838 1599 3908 ipse,
1632 3850 1943 3905 quanquam

372 3935 425 3990 id
460 3935 705 3988 modeste
754 3946 940 4000 agens,
996 3947 1061 3984 ac
1109 3929 1432 3984 necessitate
1471 3928 1804 3997 compulsus,
1852 3941 1946 3981 en-

371 4039 611 4095 vensque
638 4024 835 4092 ubique
856 4021 1100 4092 gloriari,
1134 4034 1312 4092 exque
1334 4019 1764 4089 pra-cellentibus
1788 4018 1945 4072 donis

372 4117 482 4170 suis
510 4130 628 4171 sese
657 4112 868 4169 efferre.
902 4110 972 4167 Ut
1021 4121 1201 4166 tamen
1244 4125 1430 4164 eorum
1476 4123 1668 4165 sensus
1709 4108 1945 4178 compri-

374 4217 505 4272 mat,
541 4213 938 4273 componatque
979 4203 1043 4257 ad
1094 4201 1440 4264 modestiam,
1489 4199 1579 4268 qui
1610 4213 1707 4268 pro
1733 4199 1943 4268 exiguis

2041 3189 2132 3260 θη,
2171 3189 2252 3243 ἔτι
2278 3193 2344 3261 τῇ
2378 3191 2593 3264 φθαρτῇ
2623 3194 3007 3267 συνδεδεμένος
3041 3198 3220 3270 σαρκί.
3250 3198 3417 3250 fiat*
3391 3216 3474 3251 ινα
3499 3200 3616 3252 τῶν

2046 3280 2347 3363 μελλόντων
2380 3281 2620 3350 ἀγαθῶν,
2666 3285 2764 3337 καὶ
2802 3285 2911 3339 τῶν
2961 3287 3079 3342 ἐκεῖ
3111 3285 3272 3358 τιμῶν
3304 3286 3605 3358 άρῥαὸῶνα

2043 3368 2300 3442 θεάσητε,
2331 3372 2789 3446 ἀναλαμὸάνεται
2844 3377 2944 3447 μὲν
2987 3377 3106 3453 ἄχρι
3137 3375 3317 3450 τρίτου
3343 3378 3600 3450 οὐρανοῦ,

2047 3462 2109 3534 β)
2113 3465 2209 3518 ἐπε
2214 3483 2231 3518 ι
2286 3465 2345 3518 δὲ
2376 3465 2644 3532 ὀπτασίας
2683 3467 3461 3571 bmphtvoiiooeessmhbtifis
3489 3471 3620 3544 κλι-

2048 3575 2161 3628 ρον,
2187 3558 2375 3613 ἀκούει
2415 3558 2472 3613 δὲ
2504 3559 2767 3631 ῥημάτων
2808 3562 3087 3635 ἀρρήτων,
3113 3560 3196 3628 ὣς
3238 3560 3404 3629 αἰνῶς
3439 3574 3630 3636 φησιν,

2052 3653 2145 3705 καὶ
2172 3651 2344 3706 ταῦτα
2370 3653 2695 3725 μετριάζων,
2721 3654 2813 3708 καὶ
2839 3655 2899 3719 ἐξ
2920 3656 3191 3727 ἀνάγκης,
3220 3656 3635 3731 ἀποδιδράσκων

2051 3743 2328 3815 πανταχοῦ
2372 3744 2433 3797 τὸ
2476 3745 2933 3817 μεγαλαυχεῖσθαι
2961 3748 3054 3802 καὶ
3084 3749 3476 3820 ἐμπομπεύειν
3528 3753 3638 3816 τοῖς

2055 3835 2205 3899 ίδίοις
2236 3835 2718 3908 πλεονεκτήμασιν.
2754 3839 2873 3894 Ἵνα
2896 3840 2953 3894 δὲ
2991 3841 3327 3913 φρονήματα
3353 3843 3634 3898 καταστεί-

2051 3928 2117 4002 λῃ
2172 3929 2281 3983 τῶν
2341 3931 2435 3983 ἐπὶ
2490 3935 2704 4002 μικροῖς
2757 3933 3092 4006 φυσωμένων
3153 3936 3521 4007 χαρίσμασιν,
3578 3937 3632 4001 ἐξ

2049 4018 2297 4091 ἀνάγκης
2332 4019 2488 4088 ὀλίγα
2528 4021 2637 4075 τῶν
2677 4023 2893 4077 οἰκείων
2938 4029 3311 4097 παραγυμνοῖ,
3345 4030 3443 4083 καὶ
3468 4028 3626 4082 ταῦτα

2050 4109 2225 4180 ἑτερο
2254 4109 2533 4182 προσώπῳ
2554 4113 2819 4185 περιθεὶς,
2852 4114 2948 4169 καὶ
2972 4115 3163 4188 πόρρω
3188 4117 3363 4187 τῆς..
3364 4120 3451 4192 spi
3475 4118 3623 4174 αὐτὸν

2050 4201 2306 4265 ὑπονοίας
2338 4203 2661 4274 ἀπαγαγών.

372 4299 532 4356 doms
559 4296 835 4359 :inflantur
865 4313 912 4363 p
914 4310 1030 4347 inca
1056 4308 1121 4347 ox
1158 4293 1270 4347 suis
1307 4291 1452 4346 uelut
1516 4299 1741 4346 coaetus
1803 4293 2017 4362 operit·
2062 4309 2160 4346 nec
2198 4295 2248 4346 id
2294 4295 2452 4350 aliter
2489 4311 2652 4365 quam
2699 4309 2976 4370 assumpta
3013 4299 3103 4354 illa
3159 4316 3421 4372 persona,
3474 4315 3628 4374 atque

373 4406 588 4447 mnnem
617 4392 682 4444 de
711 4403 770 4443 se
793 4387 906 4457 ipsc
934 4384 1292 4454 suspicionem
1322 4381 1605 4438 amoliens.

447 4482 589 4538 Sane
617 4481 832 4551 quidem
884 4476 1026 4531 Elias
1080 4475 1170 4529 ille
1211 4472 1522 4540 Thesbites,
1566 4487 1633 4528 eo
1681 4470 1830 4541 quod
1884 4471 1938 4526 in
1973 4477 2018 4532 Ι)

374 4577 554 4649 specie
581 4572 724 4644 ignei
753 4583 944 4626 currus
983 4567 1034 4621 in
1079 4565 1246 4620 altum
1293 4568 1585 4621 subvectus
1612 4563 1704 4624 sit,
1747 4563 1946 4632 ubique

375 4670 714 4730 decantatur,
759 4676 825 4716 ac
879 4659 1101 4714 multam
1152 4658 1346 4714 szucnlo
1379 4656 1788 4712 admirationem
1821 4653 1948 4710 reli-

374 4761 512 4831 quit.
565 4755 857 4824 Quousque
904 4762 1081 4805 antem
1145 4749 1487 4820 pervenerit,
1543 4761 1721 4802 serino
1771 4745 1948 4801 nullus

375 4851 646 4921 exposuit.
688 4844 825 4901 Fors
848 4843 992 4897 enim
1046 4841 1210 4896 etiam
1266 4841 1532 4896 modicum
1583 4854 1612 4892 a
1651 4847 1794 4893 terra
1846 4837 1950 4892 ela·

378 4955 465 5000 tus
501 4957 532 4996 a
563 4940 762 4993 virtute
808 4942 1002 5004 agente
1044 4931 1242 5002 ipsum,
1273 4929 1348 4984 illi
1386 4929 1502 4985 loco
1552 4928 1793 4984 redditus
1840 4937 1948 4991 cst,

2124 4470 2312 4534 Ηλίας
2341 4471 2443 4542 μὲν
2480 4468 2574 4526 οῦν
2611 4475 2641 4526 ὁ
2668 4471 2954 4544 Θεσὸίτης,
2980 4475 3169 4547 ἐπειδὴ
3197 4478 3257 4531 ἐν
3293 4480 3413 4552 ίδέᾳ
3452 4481 3630 4554 ἅρμα-

2049 4580 2142 4628 τος
2179 4564 2408 4636 πυρίνου
2443 4566 2527 4628 είς
2562 4565 2625 4619 τὸ
2658 4565 2791 4636 ὕψος
2833 4566 3065 4638 ἀνήχθη,
3094 4567 3283 4640 ᾅδεται
3330 4573 3628 4645 πανταχοῦ,

2053 4657 2148 4710 καὶ
2187 4656 2321 4711 πολὺ
2359 4656 2453 4711 τοῦ
2491 4656 2768 4728 θαύματος
2812 4656 2890 4729 τῷ
2923 4658 3025 4730 βίῳ
3061 4660 3352 4717 κατέλιπε·
3382 4666 3552 4738 μέχρι
3576 4667 3626 4721 δὲ

2056 4749 2222 4803 πόσου
2249 4749 2514 4820 ἔφθασεν,
2544 4750 2719 4814 οὐδεὶς
2756 4751 3068 4822 ἡρμήνευσε
3097 4750 3276 4821 λόγος.
3317 4755 3497 4828 Τυχδν
3527 4758 3627 4830 γὰρ

2055 4844 2150 4896 καὶ
2176 4842 2355 4911 ὀλίγον
2396 4843 2496 4929 τῇς
2526 4843 2632 4913 γῆς
2664 4843 2921 4914 ἐπαρθεὶς
2948 4843 3101 4917 παρὰ
3134 4845 3236 4917 τῆς
3265 4847 3513 4920 ἀγούσης
3536 4850 3623 4905 δυ-

2052 4932 2288 5004 νάμεως,
2313 4933 2547 5004 ἀπεδόθη
2570 4933 2648 5005 τῷ
2665 4934 2834 5004 τόπῳ,
2862 4933 2921 4986 ὃν
2950 4933 3138 5004 ἔλαχεν
3162 4941 3459 4995 κατοικεῖν.
3486 4939 3622 4993 Παύ-

377 5053 482 5110 quo
508 5045 628 5092 erat
648 5029 978 5088 domicilium
1038 5027 1344 5082 habiturus.
1376 5026 1449 5080 At
1479 5023 1632 5080 Pauli
1663 5025 1948 5080 translatio
2053 5024 2146 5079 λου
2175 5025 2232 5078 δὲ
2257 5027 2291 5095 ἡ
2323 5026 2636 5096 μετάθεσις,
2681 5028 2775 5082 ἐπὶ
2820 5029 2980 5085 πλέον
3022 5033 3239 5102 ἐγένετο
3274 5032 3623 5106 λαμπροτέρα

379 5133 535 5200 longe
556 5123 818 5182 illustrior
849 5120 953 5176 luit
985 5127 1150 5188 atque
1181 5116 1466 5182 celebrior,
1503 5118 1756 5185 adiuncto
1781 5120 1944 5173 etiam
2051 5118 2148 5171 καὶ
2175 5117 2425 5190 εὐκλεής,
2460 5120 2857 5192 προσκειμένου
2884 5124 2979 5177 καὶ
3015 5123 3111 5177 τοῦ
3141 5124 3368 5197 μέτρου,
3394 5125 3481 5196 ἐφ’
3508 5126 3626 5179 ὅσον

380 5221 554 5305 medio
591 5219 657 5275 ad
684 5217 826 5288 quod
879 5228 1048 5282 usque
1089 5211 1332 5268 sublatus
1369 5212 1467 5267 luit
1500 5229 1514 5265 :
1548 5227 1671 5266 nam
1703 5226 1824 5265 cum
1859 5229 1946 5266 se-
2051 5209 2281 5280 άνήχθη.
2314 5210 2485 5264 Ἐπτά
2518 5211 2626 5283 γάρ
2655 5213 2901 5284 οὐρανῶν
2924 5214 3218 5287 ᾀδομένων,
3245 5217 3450 5290 μικροῦ
3490 5217 3619 5271 διον-

379 5320 521 5380 ptem
552 5309 894 5365 celebrentur
915 5305 1059 5372 coeli,
1099 5319 1287 5373 parum
1331 5302 1484 5360 abest
1514 5314 1573 5360 ut
1612 5317 1679 5358 ne
1708 5303 1941 5358 medium
2046 5319 2140 5365 τος
2194 5303 2420 5372 ἀφίκετο
2465 5304 2559 5358 τοῦ
2593 5307 2838 5376 ἡμίσεος.
2878 5309 2988 5362 Καί
3023 5326 3114 5380 μοι
3158 5309 3348 5364 λοιπὸν
3392 5309 3619 5382 ‘Bepara

377 5409 656 5458 assecutus
688 5400 782 5454 sit.
814 5397 932 5453 Jam
965 5397 1096 5451 mihi
1129 5395 1336 5452 liebraei
1366 5410 1584 5453 sensum
1615 5395 1943 5466 deprimant,
2051 5393 2504 5450 καταθαλὲτωσαν
2566 5397 2660 5451 τοῦ
2716 5401 3081 5471 φρονήματος,
3124 5403 3218 5455 ἐπὶ
3278 5401 3361 5473 τῷ
3417 5403 3621 5472 Modica

378 5504 630 5561 magnum
666 5488 795 5559 qnid
825 5489 890 5544 de
922 5486 1101 5558 Moyse
1141 5487 1457 5574 gloriantes,
1488 5489 1631 5558 quod
1669 5487 1816 5544 solus
1850 5503 1946 5543 ns·
2057 5485 2197 5555 μέγα
2217 5487 2556 5559 φρονοῦντες,
2591 5489 2674 5544 ὅτι
2701 5490 2859 5562 μόνος
2890 5491 2994 5557 ἕως
3014 5493 3113 5563 τῆς
3144 5491 3395 5568 κορυφῆς
3426 5492 3623 5564 ἔφθασε

451 5688 495 5726 ⁸⁸
522 5687 688 5747 lCor.
724 5703 798 5754 tx,
822 5686 876 5743 4.
3495 5717 3526 5753 :-

3502 5765 3516 5779 ν

3495 5785 3538 5808 23
