3725 6125
929 343 987 401 S.
1027 339 1235 403 tsAtAE
1274 339 1566 401 ABBATIS
1603 338 2016 400 ORATIONES.

191 474 207 507 ¹
281 467 582 527 ostendens
628 463 781 520 nobis
821 462 1051 520 salutem
1093 464 1149 518 in
1190 477 1257 519 eo
1285 464 1444 520 sitam
1475 470 1523 525 Α
1549 461 1738 519 eodem
1772 472 1953 519 tamea
1982 470 2111 518 suut
2138 460 2504 518 firmamento.
2535 461 2601 516 Et
2638 459 2812 533 gloria
2838 467 2999 534 atque
3029 461 3131 520 ba·-

192 513 436 620 u’ntatem
465 565 712 615 nostram
742 555 1089 627 abnegemus.
1110 553 1210 610 His
1232 554 1320 609 itte
1344 571 1443 609 au·

191 674 201 712 t
231 651 554 710 discessit⁰⁸.
588 647 922 719 intelligebat
953 647 1099 704 enim
1128 660 1291 718 grave
1321 648 1446 719 qui·

192 745 324 802 dare
369 750 570 800 cuncta
603 738 953 811 pauperibus,
989 737 1084 794 sed
1127 737 1295 794 multo
1319 752 1447 808 gra-

191 855 231 895 rn
263 851 417 895 suam
455 842 697 907 gestare.
727 829 1036 887 Facultates
1062 829 1207 887 enim
1238 843 1444 901 paupe-

191 930 385 986 ·ibuere
419 926 597 982 virtus
627 934 717 981 est
744 936 870 987 una,
920 935 1042 993 quae
1070 931 1250 977 tamen
1277 920 1445 975 etiam

191 1020 432 1078 onsistit.
482 1016 716 1073 Crucem
747 1028 876 1070 veru
917 1022 1131 1085 gestare
1168 1020 1254 1068 est
1286 1025 1447 1068 omne

191 1116 481 1173 lestruere.
509 1107 651 1164 unde
676 1118 732 1163 et
756 1107 991 1162 charitas
1019 1104 1286 1169 nascitur,
1327 1104 1448 1159 sine

191 1216 258 1261 est
293 1217 449 1257 crux.
478 1198 743 1255 Caeterum
777 1213 899 1251 cum
952 1196 1116 1251 sciret
1157 1192 1449 1262 Apostolus

2988 346 3128 403 ties

1546 569 1649 610 nor
1668 554 1914 611 omnium
1949 561 2037 610 est
2067 552 2238 622 ipsius
2280 552 2376 609 Dei
2425 552 2480 607 in
2530 551 2727 609 saccula
2780 552 3128 608 saecntorum.

1548 645 1737 703 Amen.

2109 734 2371 794 ennio
2407 734 2577 792 xxtt.

1959 829 2033 885 De
2061 829 2304 899 operibus
2329 828 2559 884 hominis
2585 831 2722 886 novi.

1622 920 1662 975 Ι.
1695 920 1822 977 Tria
1864 929 2013 988 sunt,
2037 920 2374 988 charissimi,
2405 920 2602 991 quibus
2624 918 2884 974 liebraeus
2914 919 2984 974 ab
3010 916 3135 973 aliis

1551 1012 1908 1083 distinguitur
1935 1031 1949 1067 ε
1980 1012 2344 1079 circumcisio,
2373 1022 2424 1069 et
2456 1011 2688 1077 Pascha,
2722 1023 2778 1069 et
2805 1010 3129 1067 Sabbatum.

1552 1104 1643 1159 Sic
1662 1104 1883 1160 enimin
1913 1102 2108 1161 Genesi
2126 1106 2384 1175 scriptum
2407 1113 2523 1161 est:
2554 1104 2741 1175 Infans
2772 1115 2887 1159 octo
2928 1103 3133 1159 dierum

1553 1196 1962 1250 circumcidetur
1984 1198 2039 1253 in
2066 1199 2225 1265 uobis,
2257 1207 2365 1251 tam
2411 1196 2719 1252 vernaculus
2762 1213 2917 1268 qnam
2943 1197 3132 1268 empti·

191 1312 239 1351 te
281 1306 336 1350 et
387 1292 569 1349 haberi
610 1291 839 1346 virtutes
887 1289 940 1343 in
983 1287 1181 1357 quibus
1212 1285 1449 1341 cltaritas

191 1400 324 1455 eque
353 1384 607 1437 virtutum
634 1378 896 1451 perfectio
922 1396 936 1433 ι
964 1375 1023 1431 Si
1057 1376 1248 1447 linquis
1278 1374 1450 1428 leonti-

192 1478 255 1543 it,
278 1475 465 1547 loquar
492 1481 543 1528 et
573 1471 902 1543 anqelorum,
937 1469 1248 1523 charitatem
1276 1477 1451 1521 antem

1552 1286 1678 1341 tius.
1709 1284 1816 1351 Qui
1850 1286 2194 1341 circumcisus
2224 1302 2325 1340 non
2358 1285 2539 1356 fuerit,
2564 1284 2820 1340 delebitur
2852 1286 2916 1342 de
2941 1284 3135 1357 populo

1551 1392 1687 1442 meo,
1745 1378 1872 1448 quia
1924 1387 2137 1445 pactum
2185 1392 2357 1433 meum
2417 1377 2628 1431 irritum
2685 1375 2865 1446 [cciv.
2920 1378 3135 1435 Primus

1552 1464 1826 1521 Abrabam
1872 1467 2230 1524 circumcisus
2282 1476 2385 1525 est.
2432 1467 2487 1524 ld
2531 1477 2619 1524 cst
2652 1467 2865 1539 signum
2901 1468 3138 1524 hominis

191 1584 260 1632 ro,
287 1566 454 1633 [actus
482 1579 599 1619 sum
623 1565 756 1618 sicut
785 1578 859 1616 ωε
907 1574 1102 1615 sonans
1127 1566 1219 1613 ant
1243 1557 1455 1628 cymba-
1556 1558 1719 1626 novi;
1757 1559 1899 1628 quud
1940 1559 1994 1613 in
2030 1568 2219 1615 sancto
2258 1573 2487 1630 corpore
2535 1574 2635 1615 suo
2687 1559 2944 1615 Dominus
2978 1560 3138 1619 lesus

191 1675 245 1714 ts.
276 1655 344 1711 Et
365 1657 413 1711 si
432 1656 753 1710 distribuero
775 1669 953 1708 omnes
981 1650 1262 1721 facultates
1285 1667 1453 1715 mens,
1557 1650 1798 1706 admisit.
1831 1649 1910 1706 De
1936 1651 2038 1706 boc
2066 1661 2121 1708 et
2147 1650 2439 1721 Apostolus
2466 1652 2544 1708 ait
2576 1669 2592 1708 t
2621 1651 2688 1708 ln
2712 1668 2813 1724 quo
2839 1654 3137 1708 circumcisi

191 1766 357 1820 :orpus
406 1763 599 1813 meum,
638 1746 715 1800 ita
761 1753 816 1798 nt
857 1745 1095 1810 ardeam,
1142 1743 1454 1797 charitatem
1556 1740 1684 1796 estis
1709 1740 2108 1797 circumcisione
2139 1757 2244 1798 non
2273 1757 2434 1795 manu
2470 1740 2637 1811 sacta,
2664 1743 2718 1797 in
2758 1742 3138 1812 exspoliatione

214 1842 468 1906 itaburo,
496 1839 631 1893 niltil
657 1837 785 1892 milti
814 1836 1048 1907 prodest.
1081 1833 1329 1892 Charitas
1358 1849 1454 1904 pa·
1485 1833 1527 1888 B
1555 1831 1790 1902 corporis
1813 1832 2015 1900 carnis,
2046 1832 2137 1887 sed
2173 1833 2228 1886 in
2284 1832 2681 1887 circumcisione
2708 1832 2926 1899 Christi,
2955 1850 3137 1889 conse·

191 1934 403 2003 benigna
431 1944 529 2000 est,
577 1947 679 1986 non
722 1931 1028 1994 oemuiatur,
1068 1944 1172 1983 non
1198 1926 1304 1998 aqit
1336 1940 1455 1995 per·
1554 1923 1689 1993 pulei
1717 1927 1767 1979 ei
1804 1926 1861 1979 in
1906 1926 2185 1994 baptismo,
2217 1925 2274 1981 in
2311 1941 2415 1994 quo
2448 1935 2495 1981 et
2537 1926 2841 1981 surrexistis
2867 1942 2958 1996 per
2978 1926 3138 1996 fidem

190 2046 205 2083 t
237 2028 478 2097 inflatur,
510 2041 613 2080 non
640 2026 883 2080 indecore
911 2039 966 2077 se
990 2022 1146 2094 qerit,
1183 2037 1286 2076 non
1309 2035 1457 2091 quoe·

191 2134 215 2172 tt
232 2125 378 2184 sttnt,
404 2131 510 2170 non
539 2116 802 2182 irritatur,
818 2129 922 2168 nott
945 2113 1137 2184 coqitnt
1169 2108 1451 2164 molunt·⁷.

193 2209 371 2266 ituria
401 2210 488 2265 via
523 2209 807 2266 charitatis
830 2206 1103 2272 incedere,
1126 2204 1194 2261 ab
1213 2203 1454 2259 omnium

208 2316 303 2359 seu
338 2300 465 2357 boni
495 2315 590 2357 seu
627 2300 755 2356 mali
797 2300 929 2364 sint,
961 2296 1332 2374 sollicitudine
1367 2310 1457 2351 re·

191 2394 247 2450 tei
279 2392 602 2450 desiderium
643 2392 789 2448 soret
835 2392 887 2447 in
941 2390 1106 2447 corde
1147 2404 1267 2445 suo.
1304 2388 1458 2456 Quod

192 2485 456 2542 siderium
496 2484 698 2555 justam
755 2482 1046 2554 qnamdam
1089 2481 1165 2537 illi
1205 2481 1343 2537 iram
1378 2482 1461 2552 gi-

191 2576 464 2649 propulsat.
493 2576 798 2631 inimicum.
843 2575 995 2630 Tunc
1025 2573 1120 2629 Dei
1159 2573 1325 2631 timor
1356 2590 1459 2630 nu·

191 2686 235 2735 a,
262 2678 314 2725 et
345 2682 443 2739 per
468 2668 721 2723 timorem
748 2664 992 2721 ebaritas
1021 2662 1226 2733 patellt.
1274 2662 1343 2719 Et
1368 2664 1459 2735 qui

191 2770 284 2824 est,
318 2760 508 2814 cadem
558 2757 752 2814 ildncia
797 2771 903 2827 qua
943 2755 1256 2826 ApostoluS,
1291 2756 1458 2813 dicit:

192 2860 277 2906 tus
348 2867 462 2905 sunt
541 2867 641 2906 nott
690 2851 862 2907 solunt
909 2849 1121 2917 vinciri,
1155 2854 1245 2905 sed
1304 2851 1459 2905 etism

222 2944 429 2998 nontine
482 2941 692 2998 Domini
750 2943 917 2998 nostri
986 2940 1116 2997 «iesu
1158 2941 1358 2999 Christi
1388 2940 1458 2997 ⁹⁸.

191 3038 365 3093 anima
400 3036 511 3105 illa,
544 3051 665 3109 quat
693 3037 758 3093 ad
792 3037 954 3092 talem
986 3036 1308 3094 charitatem
1337 3050 1461 3108 per-

201 3238 319 3280 nms
362 3237 394 3278 e
444 3221 668 3288 mundo,
702 3221 922 3279 iratres.
956 3224 1075 3291 Quo
1111 3222 1166 3276 iu
1204 3231 1345 3278 statu
1386 3223 1460 3279 si·

195 3316 494 3370 idn-remus.
546 3314 760 3369 Etenim
805 3315 1116 3371 misericors
1157 3325 1240 3370 est
1281 3313 1463 3369 Dumi-

241 3416 299 3460 et
350 3420 450 3474 pro
486 3403 749 3471 cujusque
787 3406 1041 3474 operibus
1080 3406 1320 3476 quietem
1362 3407 1462 3462 tri-

191 3496 276 3548 nis
303 3507 405 3561 pro
435 3493 828 3563 magnitudine,
854 3498 1032 3567 part-is
1063 3513 1162 3568 pro
1204 3500 1466 3554 tenuitate

197 3581 387 3635 statne
425 3581 569 3636 enim
598 3594 736 3647 sunt,
770 3585 962 3656 iuquit,
992 3589 1290 3643 mansiones
1323 3591 1464 3658 apud

197 3675 393 3729 enm”.
430 3674 575 3730 Licet
602 3676 741 3731 enim
769 3695 930 3734 unum
960 3681 1033 3736 sit
1060 3696 1307 3752 regnum,
1336 3695 1464 3750 pro·

195 3783 279 3822 »en
323 3768 379 3822 in
406 3783 470 3824 co
501 3768 724 3839 quisque
750 3769 930 3826 locum
965 3773 1192 3839 invenit,
1229 3783 1284 3829 ct
1329 3790 1467 3844 opus

191 3873 428 3930 gnemus,
458 3858 674 3927 fratres,
700 3860 960 3918 adversus
989 3865 1281 3935 ignaviam,
1307 3874 1359 3919 ct
1386 3873 1467 3920 tc-

223 3951 395 4007 velum
421 3967 452 4007 a
486 3953 636 4010 nobis
661 3955 1025 4020 excutiamus,
1059 3956 1203 4026 quod
1246 3967 1329 4012 est
1366 3957 1467 4012 ob-

192 4043 499 4099 ioeuitentiae
526 4042 703 4099 lucem
736 4046 1090 4118 aspiciamus.
1124 4047 1387 4101 Martinam
1415 4055 1472 4103 et

192 4134 443 4197 nitemur,
472 4148 594 4203 quae
620 4133 838 4203 plorant
860 4134 916 4190 in
953 4145 1243 4206 conspectu
1272 4134 1466 4191 Salva·

191 4227 398 4282 ·.uscitct
431 4225 654 4282 fratrem
687 4226 978 4293 Lazarum,
1009 4230 1063 4286 id
1101 4239 1183 4286 cst
1222 4229 1466 4285 animum

191 4327 449 4373 :catorum
494 4316 730 4372 vinculis
758 4319 1101 4377 obstrictum.
1143 4321 1244 4390 Qui
1292 4321 1337 4376 si
1377 4333 1472 4376 so·

1557 2016 1878 2084 operationis
1900 2014 1993 2070 Dei
2010 2016 2066 2085 ⁸3
2095 2026 2150 2072 et
2172 2031 2386 2073 rursum
2418 2034 2433 2072 t
2464 2015 2715 2088 Deponite
2739 2036 2829 2075 vos
2850 2021 3139 2076 secundum

1555 2105 1832 2175 pristinam
1855 2107 2302 2163 conversationem
2331 2117 2552 2163 ueterem
2574 2109 2861 2177 nominent,
2894 2113 2986 2182 qui
3018 2129 3139 2168 cor-

1559 2197 1824 2267 rumpitur
1863 2200 2152 2253 secundunt
2196 2200 2460 2255 desideria
2513 2201 2706 2256 erroris
2738 2218 2759 2258 .·
2792 2203 3140 2262 Renouamini

1558 2300 1733 2345 autent
1767 2291 2012 2359 spiritum
2049 2291 2238 2347 mentis
2281 2302 2486 2360 uestrtc,
2510 2304 2557 2350 et
2590 2297 2793 2356 uiduite
2830 2315 3016 2354 nouum
3044 2301 3144 2357 lto-

1559 2381 1751 2436 minem
1777 2383 1868 2452 qui
1909 2383 2196 2440 secundum
2228 2382 2391 2438 Deum
2424 2396 2630 2441 creatus
2658 2399 2733 2443 est
2764 2390 2817 2444 in
2851 2389 3067 2460 justitia
3091 2403 3142 2447 ct

1561 2476 1856 2536 sanctitate,
1908 2482 1958 2529 et
2005 2474 2293 2540 veritatc⁸3
2344 2484 2398 2531 et
2448 2483 2658 2534 rut-sum
2685 2497 2698 2533 :
2727 2477 2795 2536 Ut
2840 2482 3142 2536 moriamini

1560 2566 1768 2636 quidem
1802 2578 2036 2637 peceato,
2067 2566 2256 2620 vivatis
2280 2576 2452 2622 autent
2472 2569 2695 2637 justitia·
2713 2572 2757 2627 ⁸.
2784 2572 2850 2627 Et
2881 2570 2997 2629 lnce
3018 2575 3141 2645 qui-

1561 2657 1683 2712 dem
1721 2658 1790 2713 de
1826 2657 2287 2714 circumcisione:
2316 2673 2436 2729 quae
2466 2662 2559 2733 qui
2598 2677 2705 2718 non
2736 2662 3010 2730 observat,
3036 2680 3142 2722 non

1562 2757 1648 2806 est
1673 2749 2053 2819 circumcisus,
2081 2765 2180 2806 nec
2217 2765 2345 2808 vere
2371 2750 2744 2825 Christianus,
2774 2756 2898 2827 quia
2929 2758 3146 2816 irritum

1562 2840 1694 2897 fecit
1724 2850 1966 2914 pactum,
1987 2843 2131 2915 quod
2157 2844 2375 2916 proprio
2406 2846 2674 2916 sanguine
2696 2860 2890 2906 sancto
2915 2864 3015 2907 suo
3038 2849 3146 2908 Do-

1565 2936 1747 2991 minus
1766 2933 1929 2999 «iesus
1953 2936 2199 2993 sancivit.

1635 3028 1699 3086 ll.
1732 3029 1887 3087 Nunc
1910 3031 1977 3088 de
2000 3040 2190 3090 sancto
2213 3030 2481 3092 Pascltate
2507 3031 2795 3091 dicendum
2823 3044 2925 3102 est,
2949 3035 3016 3090 dc
3038 3050 3147 3108 qun

1566 3124 1648 3180 sic
1679 3124 1757 3181 ait
1791 3126 1858 3182 ad
1897 3122 2141 3198 moysem
2178 3149 2191 3183 ;
2221 3124 2351 3183 Hoec
2378 3136 2452 3182 est
2497 3126 2766 3197 paschatis
2803 3124 2887 3180 lex
2915 3124 3145 3182 :Dinnis

1564 3215 1858 3287 alienigena
1886 3231 1989 3271 non
2012 3225 2248 3271 vescetur
2273 3234 2339 3273 ea:
2351 3234 2432 3273 eo.
2471 3216 2658 3274 Omnis
2684 3233 2860 3274 seruus
2884 3220 3147 3290 emptitius

1562 3322 1666 3361 non
1690 3306 1921 3361 comedet
1950 3321 2016 3362 ex
2043 3323 2123 3362 eo.
2153 3304 2377 3363 Omnem
2391 3323 2595 3362 servunt
2618 3309 2907 3378 emptitium
2932 3309 3152 3365 circum-

1563 3398 1741 3462 cides,·
1766 3406 1817 3452 et
1845 3396 1924 3451 sic
1954 3398 2184 3453 comedet
2222 3414 2290 3452 ea:
2310 3413 2391 3452 eo.
2427 3396 2678 3466 Quisquis
2702 3409 2874 3452 autem
2900 3414 3003 3452 non
3032 3401 3150 3469 sue-

1568 3489 1633 3542 rit
1665 3477 2027 3552 cireumcisus,
2063 3505 2125 3543 ne
2164 3488 2400 3542 comedat
2440 3502 2507 3541 ea:
2542 3503 2621 3542 eo.
2659 3486 2773 3541 Hoc
2816 3488 3068 3544 comedite
3090 3491 3149 3544 in

1567 3604 1672 3640 nna
1703 3585 1912 3639 donto‘.
1949 3584 2119 3640 Renes
2146 3593 2339 3640 vestros
2370 3582 2678 3654 accinqetis,
2712 3590 2761 3637 et
2789 3582 3147 3639 calceamenta

1566 3691 1736 3734 vestra
1766 3676 2024 3732 habebitis
2065 3680 2121 3733 in
2159 3678 2373 3747 pedibus
2420 3677 2622 3741 restris,
2670 3686 2898 3732 tenentes
2935 3677 3150 3732 baculos
3191 3716 3204 3733 ,

1566 3773 1622 3826 in
1650 3770 1891 3827 manibus
1905 3772 1947 3827 ⁷.
1983 3770 2100 3826 Non
2133 3770 2311 3826 editur
2339 3759 2538 3840 pasclt‘a
2570 3768 2670 3823 nisi
2704 3782 2825 3822 cum
2852 3770 3060 3840 azymis
3090 3783 3148 3824 et

1568 3863 1796 3920 lactucis
1851 3864 2176 3937 agrestibus,
2226 3871 2280 3917 ct
2334 3863 2593 3917 carnibus
2635 3860 2832 3917 assatis
2871 3862 3001 3931 igni.
3031 3860 3146 3917 Non

1570 3957 1707 4011 dixit
1733 3975 1746 4012 :
1774 3956 2084 4027 Accingetis
2117 3971 2212 4010 vos
2242 3970 2407 4024 super
2451 3969 2608 4011 renes
2643 3966 2875 4021 vestros,
2915 3969 2983 4010 ne
3024 3955 3150 4026 quis

1570 4049 1637 4105 de
1673 4046 1890 4118 cingulo
1934 4048 2138 4104 dietum
2188 4046 2536 4118 intelligeret.
2586 4046 2713 4109 Sed,
2765 4062 2913 4101 renes
2954 4058 3148 4103 cestros

1570 4140 1871 4212 accingetis,
1906 4150 1967 4194 ut
1997 4139 2064 4195 de
2107 4138 2357 4195 castitate
2384 4148 2440 4193 et
2465 4138 2728 4194 munditia
2764 4137 3142 4209 intelligamus.

1569 4229 1948 4287 calceamenta
1994 4241 2172 4286 autem
2214 4229 2542 4302 significant,
2573 4242 2630 4285 ut
2674 4229 2905 4301 prompti
2946 4231 3147 4299 parati-

1570 4336 1676 4393 que
1705 4321 1878 4377 simus
1910 4322 1976 4377 ad
2021 4323 2202 4378 omnia
2248 4320 2497 4395 fugienda
2549 4330 2606 4377 et
2638 4321 2978 4386 declinanda,
3024 4335 3146 4390 qua.-

191 4407 265 4470 ·it,
298 4417 423 4464 tunc
453 4409 636 4467 Mariae
660 4410 994 4482 Martbaeqne
1017 4414 1257 4469 studium
1286 4423 1470 4470 exsta·
1573 4413 1960 4470 conscientiam
2017 4424 2257 4485 pungunt
2317 4424 2372 4470 et
2433 4413 2739 4479 maculant,
2801 4424 3147 4484 mentemquz

191 4510 395 4552 ‚azarus
445 4499 565 4555 sine
613 4499 976 4557 sollicitudine
1021 4503 1297 4558 recumbet
1346 4519 1468 4558 cum
1500 4523 1547 4581 ῃ
1573 4514 1827 4562 avertunt
1849 4521 1880 4561 a
1910 4506 2128 4577 propria
2149 4504 2610 4575 contemplatione
2635 4505 2687 4560 in
2710 4505 3019 4561 sanctitate.
3041 4502 3148 4559 Per

192 4587 279 4641 tlia
301 4601 423 4643 cum
452 4589 634 4644 notitia
665 4590 1021 4646 ministerium
1053 4607 1210 4647 suum
1243 4592 1471 4664 diligen·
1570 4596 1818 4653 baculum
1848 4613 1971 4667 spes
2003 4597 2292 4662 indicatur,
2321 4605 2378 4652 et
2409 4595 2671 4652 fortitudo
2709 4596 3048 4665 tendentium
3078 4598 3147 4650 ad

191 4678 319 4747 ibit:
361 4678 530 4735 Maria
575 4696 704 4737 vcro
749 4691 961 4752 promet
1004 4683 1335 4738 alabastrum
1368 4699 1470 4737 un·
1573 4697 1772 4743 terram
1801 4686 2201 4759 promissionis.
2249 4687 2472 4766 lli·sunt
2508 4687 2600 4758 qui
2637 4685 2932 4742 Sabbatum
2958 4685 3149 4741 obscr-

191 4780 209 4825 t
253 4780 417 4843 unget
447 4774 614 4844 pedes
643 4775 873 4830 Domini.
898 4774 1049 4842 Quod
1084 4775 1139 4830 in
1176 4774 1332 4830 nobis
1360 4785 1466 4842 est,
1572 4785 1721 4834 vant.
1770 4776 2001 4848 Sanguis
2054 4776 2178 4848 agni
2231 4776 2505 4849 signifieat
2553 4777 2871 4848 sanguinem
2931 4774 3145 4831 Domini

194 4863 209 4915 l
242 4864 369 4918 totis
404 4865 612 4920 viribus
648 4880 1049 4937 exsequamur;
1091 4877 1146 4920 et
1195 4866 1334 4922 Deus
1373 4881 1472 4937 pro
1568 4867 1721 4935 lesu,
1751 4870 1843 4940 qui
1876 4870 2052 4925 iactus
2083 4870 2246 4926 bomo
2290 4870 2440 4927 veuit
2466 4870 2535 4925 ad
2565 4884 2686 4935 nos,
2723 4877 2780 4925 ut
2805 4868 2943 4925 illios
2982 4867 3144 4923 lsrael

191 4966 243 5008 te
291 4955 677 5014 misericordiae
724 4972 835 5014 suat
885 4957 1045 5013 nobis
1097 4957 1466 5027 opitulabitur.

192 5043 323 5100 orda
365 5056 549 5103 nostra
578 5047 720 5103 band
748 5048 820 5102 ita
852 5047 1258 5115 custodivimus,
1293 5060 1352 5104 ut
1375 5065 1472 5120 pa·

191 5136 262 5204 ri;
303 5153 446 5195 minc
493 5139 685 5195 saltem
740 5155 805 5195 ea
853 5155 882 5194 a
918 5143 1159 5211 pcccatis
1198 5142 1470 5199 custodia-

191 5243 460 5301 ·emusque
507 5244 608 5286 uos
641 5231 769 5287 item
823 5232 981 5288 fatuis
1033 5243 1275 5305 tempore
1329 5233 1470 5303 apud

191 5321 504 5378 ericordiam
564 5323 895 5388 inventuros,
954 5325 1096 5381 sicut
1150 5327 1470 5382 invenerunt

199 5428 316 5468 nes.
346 5415 606 5483 Quamvis
658 5416 804 5472 enim
840 5416 940 5472 alia
988 5417 1061 5473 sit
1104 5417 1234 5472 solis
1274 5415 1465 5487 gloria,

191 5549 194 5562 .
227 5518 284 5561 et
315 5507 471 5562 stella
501 5522 530 5561 a
561 5507 717 5564 stella
747 5505 959 5564 differat
990 5510 1044 5562 iu
1070 5507 1376 5574 claritate¹3
1412 5506 1465 5561 in

230 5644 393 5696 xvtn,
421 5628 512 5685 22.
589 5632 638 5664 '⁰
668 5631 796 5686 ibid.
829 5630 920 5686 23.
997 5627 1087 5684 ⁹⁷1
1124 5627 1250 5686 Gor.
1280 5644 1399 5695 xttt,
1431 5629 1485 5695 t,
1511 5629 1619 5685 5-5

1572 4961 1794 5017 duceret
1820 4961 1889 5016 ad
1916 4960 2238 5031 promissam
2268 4961 2396 5018 coeli
2439 4959 2831 5016 haereditatem.
2872 4959 3151 5031 Apparent

1572 5051 1663 5124 qui
1689 5051 1934 5106 instructi
1966 5061 2114 5116 sunt,
2129 5061 2183 5107 et
2204 5050 2417 5123 signum
2451 5050 2504 5106 in
2532 5051 2711 5106 anima
2738 5065 2835 5106 sua
2861 5049 3148 5121 perspicue

1573 5144 1897 5213 impressum
1931 5143 2152 5198 babent.
2191 5139 2423 5213 llys-sepi
2454 5139 2746 5196 fasciculus
2776 5141 2979 5195 indicat
3008 5140 3149 5196 ailli-

1571 5235 1828 5292 ctionem.
1878 5233 2039 5291 «lubet
2080 5235 2223 5291 enim
2275 5244 2339 5290 ut
2378 5250 2502 5292 cum
2546 5234 2775 5291 lactucis
2817 5233 3151 5305 agrestibus.

1574 5340 1668 5381 seu
1714 5325 1898 5382 herbis
1943 5327 2143 5382 amaris
2179 5326 2518 5394 comedatur.
2551 5325 2809 5397 Expende
2836 5324 3149 5397 diligenter,

1574 5430 1608 5471 o
1631 5417 1816 5482 trater,
1851 5425 2031 5471 utrum
2056 5417 2132 5473 sis
2155 5417 2529 5484 circumcisus,
2563 5428 2618 5473 et
2644 5418 2837 5473 domus
2872 5425 2975 5472 tuae
3006 5416 3151 5471 iores

1574 5508 1852 5564 inunxeris
1878 5509 2002 5579 agni
2027 5512 2287 5582 sanguiue
2313 5511 2666 5578 immaculati,
2705 5519 2886 5566 utrum
2911 5509 2980 5565 ab
3001 5511 3148 5565 omui

1704 5628 1753 5662 ⁸⁸
1777 5627 1900 5683 Act.
1931 5644 2046 5695 xxi,
2079 5629 2170 5684 13.
2244 5630 2293 5663 ’⁹
2318 5630 2476 5688 ioan.
2525 5647 2637 5695 xiv,
2682 5631 2737 5687 2.
2817 5631 2833 5660 ¹
2859 5625 3023 5683 lCor.
3056 5640 3150 5696 xv,

191 5700 493 5766 n.xvtt,l2.
517 5702 601 5756 li.
679 5699 920 5756 ’Coloss
954 5715 1014 5764 tt,
1056 5700 1142 5768 ll,
1180 5700 1263 5757 ts.
1339 5701 1362 5733 ⁸
1386 5698 1580 5772 Epltcs.
1617 5714 1690 5766 tv,
1729 5697 1927 5757 22·2t.
2035 5699 2255 5760 ⁸1t>ot.
2287 5715 2350 5769 ιι,
2390 5701 2482 5760 st.
2562 5706 2584 5733 ⁸
2613 5702 2782 5759 Exod.
2832 5714 2935 5763 xit,
2965 5695 3148 5754 4348.
