3725 6125
272 298 408 357 ¹029

806 412 1137 469 El‘lSTOLA
1184 414 1323 469 xiv.

265 512 345 569 D:
371 505 643 579 implendo
665 506 985 568 obedientia,
1014 516 1067 558 nt
1091 505 1345 560 inhabitet
1366 507 1421 561 in
1443 508 1547 563 illis
1573 507 1860 565 benedictio

724 585 934 646 potrum
968 592 1204 632 suornm.
1233 576 1381 631 Dixit
1423 593 1441 632 .·

341 689 689 757 Dilectissimi
721 690 859 746 mibi
913 690 968 746 in
1036 689 1505 761 Domino-quidem
1551 694 1704 759 estis,
1735 695 1860 764 quia

274 792 488 842 vosmet
516 782 664 854 ipsos
686 782 923 852 parastis
953 781 1019 836 ad
1060 796 1284 853 regnum
1318 784 1601 851 melorum,
1625 786 1860 841 etDenm

276 875 513 946 rogastis
539 880 770 928 utesset
817 872 992 937 vobis,
1043 873 1203 929 sicuti
1257 883 1341 929 est
1389 875 1535 930 Patri
1573 888 1775 944 vestro,
1806 886 1863 932 ιιι

283 971 506 1026 abiretis
535 968 601 1024 ad
629 967 807 1023 locum
844 968 910 1022 ad
961 984 1124 1039 quem
1157 967 1407 1025 abiturus
1452 981 1535 1026 est
1568 971 1730 1027 Pater
1768 987 1862 1027 ve·

279 1074 413 1128 ster,
439 1071 572 1119 etot
599 1060 909 1118 benedictio
948 1077 1070 1131 quae
1102 1063 1430 1119 inhabitavit
1457 1063 1513 1119 in
1534 1063 1665 1130 ·illo,
1700 1065 1862 1120 inba-

274 1154 410 1209 bitet
439 1154 494 1209 in
524 1153 707 1220 vobis,
739 1161 793 1209 et
820 1152 1048 1223 gloriam
1100 1168 1258 1221 quam
1316 1162 1403 1209 εει
1443 1166 1861 1222 consecuturus,

267 1245 710 1315 consequamini,
743 1260 810 1299 eo
843 1245 986 1316 quod
1028 1245 1159 1300 lacti
1192 1247 1326 1302 estis
1350 1248 1399 1302 ci
1439 1248 1534 1303 lilii
1565 1250 1863 1304 secundum

271 1338 602 1391 linationem
634 1338 880 1392 veritatis
909 1346 962 1392 ει
985 1336 1383 1397 benedictionis
1400 1349 1567 1411 atque
1603 1341 1863 1398 obedien-

268 1433 385 1485 tia·.
416 1417 636 1485 Etenim
669 1429 762 1484 lilii
793 1429 1112 1488 obedientes
1144 1442 1356 1501 patrum
1387 1448 1606 1489 suorum
1625 1435 1864 1500 divitias,

266 1521 550 1591 justitiam
582 1528 639 1574 et
666 1519 1103 1576 benedictionem
1154 1533 1211 1578 ιιι
1264 1524 1506 1581 ltaercdcs
1529 1540 1869 1597 consequun-

266 1623 366 1669 tur
397 1613 896 1684 litereditatisjnre.
930 1614 1227 1671 Enimvero
1258 1631 1449 1686 preces
1472 1631 1607 1687 quas
1630 1617 1860 1673 fundunt

272 1704 371 1760 lilii
398 1719 582 1761 coram
610 1704 740 1771 Deo,
777 1703 983 1760 similes
1011 1713 1141 1759 sunt
1193 1705 1445 1775 precibus
1497 1715 1713 1775 patrum
1741 1722 1869 1762 suo·

275 1812 435 1864 rum;
480 1797 658 1867 iisque
707 1797 1071 1853 mediantibus
1119 1797 1460 1854 ltaeredilatis
1500 1797 1624 1867 J‘ure
1677 1814 1869 1856 conse-

276 1873 522 1959 quuntur
572 1898 830 1958 paternas
883 1890 1134 1946 virtutes.
1182 1889 1248 1945 Ει
1284 1906 1417 1947 sane
1472 1906 1666 1963 preces
1698 1891 1869 1948 Jacob

288 1977 497 2034 similes
516 1990 676 2034 erant
710 1977 969 2049 precibus
995 1989 1209 2050 patrum
1243 1995 1466 2036 suorum
1496 1982 1548 2035 in
1573 1982 1826 2036 omnibus
1855 2002 1869 2037 ε

287 2070 519 2142 ideoque
565 2073 968 2129 descenderunt
1023 2088 1188 2143 super
1218 2073 1368 2129 illum
1405 2088 1599 2131 omnes
1648 2072 1872 2129 benedi·

288 2162 502 2218 ctiones
526 2173 737 2233 patrum
770 2179 1020 2229 suorum,
1074 2164 1382 2233 meruitque
1413 2163 1677 2218 visionem
1715 2163 1875 2219 scalae

288 2253 613 2325 spiritualis,
672 2258 1094 2314 ascendentibus
1147 2265 1204 2312 et
1264 2257 1724 2312 descendentibus
1776 2272 1872 2327 per

290 2345 445 2400 illam
470 2347 692 2417 angelis.
726 2348 1029 2422 Antequam
1055 2362 1185 2405 vero
1218 2349 1551 2419 suscepisset
1585 2358 1871 2417 parentum

287 2451 517 2494 suorum
574 2437 1000 2498 benedictionem
1023 2482 1038 2507 ,
1105 2457 1205 2497 nec
1255 2457 1423 2496 utinm
1489 2442 1708 2513 quidem
1740 2442 1876 2496 vidit

282 2528 540 2596 angelum
572 2547 588 2585 ε
624 2542 680 2587 at
735 2546 857 2587 cum
913 2532 1357 2589 benedictionem
1390 2542 1610 2604 patrum
1647 2550 1871 2590 suorum

287 2632 442 2679 esset
472 2634 820 2693 consecutus,
855 2627 1075 2699 angelos
1131 2627 1290 2692 vidit,
1361 2638 1417 2680 et
1445 2628 1764 2683 benedictus
1792 2638 1877 2684 est

295 2714 364 2769 ab
387 2713 511 2769 illis.
541 2714 667 2771 Pari
694 2716 912 2787 quidem
946 2718 1161 2772 ratione
1196 2718 1306 2773 veri
1340 2717 1436 2773 filii
1474 2728 1873 2790 cognoverunt,

289 2814 356 2855 ve
384 2799 588 2854 nnllam
617 2801 881 2878 virtutem·
910 2801 1093 2860 videre
1123 2818 1306 2874 posse,
1339 2804 1445 2859 nisi
1478 2804 1717 2860 assecuti
1757 2803 1876 2860 l'ue·

295 2891 411 2945 rint
441 2891 864 2948 benedictionem
893 2906 1175 2965 parentum
1226 2911 1473 2954 suorum.
1530 2897 1709 2964 Quare
1743 2899 1877 2953 obe-

301 2983 559 3039 dientiam
579 2985 894 3057 parentibus
936 3000 1195 3059 pra-stare
1224 2990 1404 3046 conati
1442 2999 1592 3055 sunt,
1626 3005 1720 3046 eos
1749 3006 1877 3063 snp-

296 3076 560 3147 plicantes
584 3086 639 3132 ut
690 3078 761 3135 ab
791 3079 895 3136 illis
948 3082 1426 3145 benedicerentur,
1458 3093 1515 3136 ιιι
1545 3098 1732 3137 corum
1765 3098 1877 3138 me-

298 3168 567 3225 diantibus
592 3169 1064 3229 benedictionibus
1119 3176 1304 3230 videre
1334 3185 1676 3229 mererentur
1713 3191 1874 3232 exer·

294 3260 436 3318 citus
459 3261 794 3334 angelorum,
823 3265 1024 3335 quibus
1050 3264 1177 3321 visis
1206 3266 1346 3320 lirnti
1381 3265 1721 3322 efficerentur
1752 3268 1875 3325 sine

285 3354 700 3423 perturbatione
731 3356 990 3411 ontnibus
1020 3357 1075 3413 in
1103 3354 1339 3413 mulis-
1391 3356 1659 3413 Sitniliter
1681 3357 1880 3416 Paulus

274 3443 593 3514 attestatus,
625 3458 751 3501 cum
780 3444 887 3498 ltos
924 3442 1173 3507 vidisset,
1219 3444 1571 3503 confirmatus
1603 3460 1657 3502 et
1686 3464 1877 3504 corro-

284 3537 520 3589 boratus
550 3542 660 3598 est,
686 3541 742 3588 et
782 3531 1114 3587 exclamavit
1154 3534 1374 3595 dicens:
1405 3537 1529 3594 Non
1554 3553 1759 3609 separat
1799 3558 1882 3597 nte

293 3645 327 3677 a
359 3627 624 3676 charitate
648 3622 844 3677 Christi
863 3634 1246 3694 nocumentum,
1275 3639 1366 3684 ont
1388 3647 1587 3696 carcer,
1637 3642 1726 3686 aut
1758 3650 1882 3703 per-

302 3714 533 3776 secutio,
556 3725 646 3767 ont
670 3714 859 3782 sames,
897 3728 986 3770 ont
1025 3717 1258 3787 traditos,
1284 3732 1375 3775 ont
1421 3723 1745 3790 adversatio,
1789 3733 1880 3777 out

305 3805 520 3876 gladius
544 3807 610 3864 ''.
653 3808 746 3863 Ait
798 3822 1008 3880 qnoque
1038 3826 1053 3864 ι
1088 3808 1272 3884 Neque
1318 3831 1482 3878 mors,
1539 3832 1702 3886 neque
1750 3817 1882 3884 cilo,

309 3915 480 3968 ireque
498 3899 689 3971 onyeli,
717 3916 876 3972 neque
911 3905 1169 3975 principes
1201 3945 1217 3971 ,
1264 3922 1428 3977 neque
1455 3919 1761 3978 potestates,
1798 3925 1886 3963 ne·

300 4006 413 4061 qne
442 3991 552 4046 lure
576 3992 1024 4067 instandumque
1047 3994 1257 4065 fotura,
1298 4015 1462 4067 neque
1508 4004 1747 4066 virtutes,
1788 4016 1883 4055 ne·-

304 4098 413 4153 qne
430 4083 674 4151 altitudo,
698 4100 861 4156 neque
898 4087 1261 4157 profunditas,
1284 4106 1448 4161 neque
1488 4107 1548 4146 ea
1598 4091 1705 4145 alia
1737 4108 1887 4146 crea-

300 4187 432 4229 turo
461 4175 682 4246 inferior
720 4187 884 4248 potest
926 4194 1011 4234 une
1048 4180 1291 4235 decidere
1341 4199 1372 4235 o
1409 4184 1665 4237 charitate
1693 4182 1789 4238 Dei
1829 4183 1884 4237 in

301 4266 536 4323 Domino
572 4279 750 4326 nostro
794 4270 923 4328 deso
956 4271 1170 4328 Christo
1217 4274 1285 4330 ¹¹⁸.
1321 4274 1516 4331 Videte
1570 4277 1773 4347 itaque,
1807 4278 1886 4332 di-

299 4361 588 4416 lectissimi
612 4363 743 4431 mei,
770 4366 1040 4435 quomodo
1073 4382 1263 4420 omnes
1285 4368 1376 4436 qui
1408 4368 1764 4424 decertarunt
1791 4369 1889 4423 do-

1256 292 1312 349 S.
1356 292 1637 351 Ax‘roxtt
1677 294 1745 350 M.
1787 295 2085 353 AttssaTts
2125 296 2509 355 Et‘ts'rOLAE..

1905 3123 1952 3185 C

3413 307 3437 362 1
3447 308 3551 365 050

1894 423 1933 474 Α
1965 427 2071 473 tem
2103 419 2279 483 vobiS,
2310 423 2451 489 qnod
2505 435 2779 489 nunquam
2806 435 2967 476 cesso
2996 422 3279 492 deprecari
3322 438 3421 495 pro
3449 441 3550 481 vo-

1967 510 2072 574 bis,
2108 519 2167 564 ut
2193 511 2314 565 sitis
2363 526 2574 566 mecum
2624 513 2715 566 ubi
2749 513 2934 581 l'oero;
2973 513 3098 569 lacti
3143 531 3379 587 namque
3421 520 3553 579 milti

1966 601 2098 654 estis
2129 600 2248 667 lilii,
2281 609 2332 655 et
2358 602 2726 657 obedientiam
2758 604 2890 657 mihi
2948 602 3004 658 in
3056 606 3311 663 omnibus
3335 610 3543 680 praesti·

1969 690 2129 746 tistis.
2156 690 2288 745 Nam
2322 706 2443 747 cnm
2474 694 2701 749 vidisset
2731 692 2991 751 Dominus
3009 705 3199 753 noster
3216 698 3537 757 lesnsCltri·

1967 793 2083 837 stus
2119 784 2415 854 discipulos
2440 801 2567 841 snos
2600 786 2700 842 sibi
2734 787 3072 852 obedientes,
3101 792 3315 863 rogavit
3335 791 3554 849 Patrem

1966 890 2123 928 suum
2165 876 2388 932 dicens:
2426 874 2609 945 Pater,
2633 878 2685 932 in
2712 879 2826 933 loco
2850 880 2903 932 in
2932 897 3032 950 qno
3054 898 3164 949 ero,
3204 883 3320 938 volo
3355 894 3417 939 ιιι
3449 886 3555 941 sint

1966 963 2021 1017 tn·
2052 981 2249 1020 meeum
2275 984 2294 1031 ,·
2321 971 2568 1037 qnoniam
2630 971 2913 1024 andierunt
2969 974 3125 1026 verba
3170 990 3307 1041 ntea,
3351 984 3401 1029 et
3461 992 3555 1047 eqo

1967 1057 2122 1111 trodo
2163 1071 2346 1113 memet
2379 1060 2549 1130 ipsum
2592 1078 2686 1130 pro
2710 1062 2838 1119 illis.
2870 1062 3051 1128 Pater,
3103 1081 3156 1119 es
3183 1066 3237 1120 in
3258 1082 3361 1132 me,
3387 1078 3434 1122 et
3460 1083 3555 1138 eqo

1966 1146 2022 1200 in
2082 1157 2167 1206 te:
2197 1157 2245 1202 et
2280 1149 2334 1202 ln'
2382 1151 2437 1203 in
2503 1151 2649 1206 nobis
2710 1155 2814 1205 sint
2877 1153 3046 1222 iqitttr
3087 1156 3142 1211 in
3193 1158 3395 1212 unitate
3419 1160 3556 1213 sient

1967 1255 2064 1293 nos
2092 1241 2158 1295 ⁷².
2184 1240 2512 1297 lntueamiui
2539 1244 2741 1314 itaque,
2785 1244 2933 1300 lilioli
2964 1248 3091 1312 mei,
3118 1248 3553 1319 deprecationem

1969 1329 2184 1385 Domini
2215 1333 2386 1386 nostri
2429 1349 2527 1402 pro
2566 1335 2847 1405 discipulis
2878 1336 3015 1399 suis,
3067 1348 3125 1392 ut
3152 1339 3262 1394 sint
3293 1340 3381 1395 ubi
3413 1342 3552 1408 erit;

1974 1436 2075 1475 nec
2120 1437 2227 1476 non
2261 1423 2698 1493 deptecationem
2746 1427 2863 1496 ejus
2895 1430 2959 1482 ad
3004 1427 3217 1485 Patrem
3239 1472 3254 1496 ,
3291 1440 3350 1485 ut
3379 1442 3560 1488 custo-

1970 1510 2083 1564 diat
2109 1526 2203 1569 eos
2235 1529 2264 1568 a
2294 1515 2456 1583 malo,
2491 1516 2665 1573 donec
2701 1521 3021 1589 perveniant
3062 1522 3129 1575 ad
3169 1522 3285 1579 loca
3325 1526 3556 1596 requiei,

1970 1605 2204 1675 eoquod
2238 1605 2364 1661 sacti
2431 1618 2555 1664 sunt
2582 1611 2655 1664 illi
2704 1612 2887 1666 amici.
2944 1612 3152 1670 Scitote
3196 1626 3375 1672 autem
3414 1618 3560 1688 ejus·

1973 1696 2114 1751 tnodi
2148 1713 2320 1751 meam
2346 1714 2469 1755 esse
2498 1716 2596 1770 pro
2638 1702 2788 1758 vobis
2804 1705 3245 1776 deprecationem
3269 1712 3337 1763 ad
3363 1709 3556 1776 θευιιι.

1977 1801 2034 1843 ιιι
2070 1801 2252 1847 servet
2278 1807 2375 1849 vus
2402 1808 2432 1847 a
2494 1794 2659 1862 malo,
2716 1796 2887 1853 donec
2933 1801 3260 1870 perveniatis
3313 1804 3382 1857 ad
3438 1803 3558 1860 loca

1978 1884 2210 1954 requiei,
2241 1895 2296 1939 et
2351 1897 2411 1940 ιιι
2475 1888 2628 1942 vobis
2686 1888 2948 1960 largiatur
2989 1893 3421 1951 benedictionem
3460 1910 3559 1966 pa-

1977 1983 2115 2026 trum
2147 1985 2480 2030 nostrornm.
2532 1976 2742 2031 Etenim
2801 1980 3210 2039 benedictiones
3270 1984 3387 2040 istac
3420 1987 3466 2040 si
3502 1987 3556 2041 in

1973 2064 2128 2118 vobis
2155 2064 2597 2131 inhabitaverint,
2624 2071 2857 2124 maxima
2909 2072 3063 2127 vobis
3113 2075 3302 2143 gratiae
3348 2075 3439 2131 liet
3470 2091 3565 2132 ac-

1976 2156 2170 2211 cessio.
2196 2154 2643 2229 Quandoquidem
2675 2158 2845 2217 Jacob
2874 2162 3316 2233 Mesopotamiam
3348 2176 3559 2238 petens,

1978 2255 2094 2315 post
2126 2255 2407 2315 acceptam
2446 2248 2903 2320 benedictionem,
2947 2256 3084 2311 vidit
3115 2260 3359 2327 angelos,
3394 2260 3561 2315 bene·

1977 2339 2221 2409 dixitque
2257 2355 2382 2396 cum
2438 2341 2583 2398 Deus
2620 2345 2691 2399 ob
2742 2347 3039 2415 praestitatn
3087 2349 3406 2417 parentibus
3429 2352 3562 2405 obe-

1976 2428 2257 2496 dientiam,
2291 2444 2593 2499 eorumque
2619 2432 3045 2492 benedictiones.
3074 2434 3210 2492 Cum
3262 2446 3447 2493 autem
3477 2436 3563 2493 vi·

1976 2517 2152 2573 disset
2182 2521 2407 2589 angelos
2436 2521 2577 2577 facie
2613 2525 2683 2579 ad
2726 2523 2925 2580 faciem
2976 2527 3076 2582 sibi
3109 2536 3454 2598 apparentes,
3486 2537 3566 2586 te-

1980 2613 2096 2667 nuit
2126 2629 2291 2669 unum
2328 2629 2543 2679 eorum.
2608 2617 2782 2673 donec
2860 2617 3212 2688 multiplicem
3261 2622 3567 2692 accepisset

1981 2704 2049 2758 ab
2085 2704 2174 2759 illo
2203 2705 2659 2776 benedictionem,
2702 2725 2809 2779 qua
2858 2710 3144 2766 benedixit
3179 2711 3323 2767 tilios
3350 2727 3569 2784 qnoque

1979 2812 2132 2853 suos.
2166 2796 2431 2855 Similiter
2459 2802 2621 2855 etiam
2649 2801 2837 2857 infelix
2886 2816 2986 2873 ego
3037 2802 3208 2859 Deum
3259 2819 3438 2860 meum
3471 2803 3568 2860 de-

1980 2905 2193 2961 precor,
2223 2892 2309 2947 cui
2346 2907 2375 2945 a
2401 2892 2638 2963 pueritia
2674 2907 2794 2948 mea
2820 2908 2997 2964 usque
3041 2910 3184 2949 nunc
3220 2895 3480 2963 insert-io,
3509 2906 3570 2953 ut

1981 2998 2077 3039 vos
2099 2984 2402 3049 benedicat,
2456 2996 2761 3057 augeatque
2796 2987 3300 3054 benedictionibus,
3335 2997 3394 3042 ut
3422 2989 3566 3046 liatis

1984 3077 2125 3145 patri
2158 3085 2345 3132 nostro
2381 3074 2552 3131 Jacob
2589 3077 3059 3133 benedictionibus
3099 3076 3300 3135 referto
3328 3113 3345 3142 ,
3377 3078 3432 3132 in
3459 3082 3568 3149 spi·

1984 3168 2179 3224 ritibus
2200 3179 2255 3224 et
2279 3169 2600 3239 corporibus
2643 3171 2845 3227 vestris
2876 3169 3105 3224 similes.
3152 3167 3362 3227 Scitote
3384 3169 3569 3239 itaque

1983 3260 2130 3331 quod.
2153 3273 2312 3332 putet
2337 3268 2523 3319 noster
2539 3259 2713 3317 Jacob
2739 3261 2866 3317 dunt
2911 3268 3059 3319 esset
3079 3261 3132 3317 in
3175 3262 3568 3333 Mesopotamia

1984 3353 2300 3409 recordatus
2328 3363 2415 3410 est
2441 3360 2726 3422 parentum
2751 3367 2997 3419 suorum,
3023 3362 3080 3408 et
3113 3366 3365 3409 reversus
3392 3365 3478 3411 est
3512 3355 3566 3409 in

1987 3453 2185 3498 terram
2220 3459 2415 3511 suam;
2452 3452 2506 3498 et
2531 3444 2726 3498 timens
2766 3443 2996 3497 fratrem
3037 3458 3216 3508 suum,
3269 3442 3466 3499 obtulit
3508 3445 3560 3500 ei

1986 3545 2278 3605 :uttequam
2301 3535 2491 3591 obvius
2522 3535 2598 3589 illi
2625 3544 2793 3599 esset,
2819 3543 3053 3605 quatuor
3086 3549 3348 3601 munera3
3373 3547 3433 3592 et
3454 3537 3570 3608 qui·

1985 3628 2107 3684 dent
2141 3627 2227 3683 bis
2277 3628 2498 3682 minime
2539 3626 2817 3698 indigebat
2866 3625 2985 3695 ejus
3033 3626 3221 3692 frater,
3255 3642 3380 3684 cum
3420 3638 3569 3686 esset

1986 3719 2144 3774 valde
2174 3718 2363 3784 dives;
2392 3732 2579 3772 verum
2608 3717 2711 3772 ltoc
2746 3715 2876 3772 l'ecit
2927 3722 2996 3773 ad
3042 3718 3444 3776 dissolvendam
3467 3722 3573 3777 ini·

1990 3811 2253 3866 micitiam
2282 3825 2404 3881 quae
2432 3812 2575 3864 luter
2620 3818 2913 3881 utrumque
2951 3810 3365 3880 intercedebat,
3414 3824 3470 3870 ει
3509 3817 3577 3872 ad

1990 3903 2435 3973 consequendam
2496 3913 2784 3971 parentum
2832 3917 3053 3958 suorum
3098 3904 3570 3975 benedictionetn;

1990 3997 2198 4052 sciebat
2222 3996 2366 4050 enim
2397 3995 2654 4050 virtutem
2689 3994 3083 4053 benedictionis
3124 4008 3409 4068 parentum
3439 4015 3567 4056 suo·

1992 4106 2110 4146 rum
2139 4088 2434 4145 maximam
2466 4102 2610 4150 csse,
2662 4085 2936 4155 Scriptum
2989 4103 3223 4158 natiiqne
3244 4101 3328 4147 est
3356 4110 3370 4146 ι
3399 4090 3571 4147 Bene·

1990 4181 2149 4235 dictio
2171 4191 2379 4252 patrum
2417 4179 2689 4233 descendet
2723 4177 2779 4232 in
2805 4177 2946 4246 {ilios
2971 4178 3040 4230 ⁸⁹.
3068 4179 3145 4233 Ex
3189 4195 3337 4237 nunc
3366 4182 3571 4252 itaque,

1992 4273 2335 4329 dilectissimi
2361 4272 2485 4337 mei,
2525 4271 2577 4325 in
2612 4270 2865 4339 gaudium
2896 4271 3027 4326 milti
3086 4271 3214 4338 erit,
3248 4282 3305 4327 ut
3336 4289 3468 4331 mcae
3493 4276 3576 4329 in-

1994 4364 2266 4422 felicitatis
2306 4380 2574 4420 memores
2605 4364 2761 4430 sitis;
2791 4378 2890 4417 nec
2916 4378 3021 4419 non
3057 4372 3343 4434 parentum
3367 4380 3574 4422 restro·

298 4468 413 4509 nec
444 4454 912 4524 imperturbabilis
945 4470 1075 4515 sunt
1104 4457 1314 4525 effecti,
1360 4459 1430 4516 de
1487 4463 1634 4517 nullu
1665 4462 1886 4531 pcmtus
1919 4465 1962 4520 D
1994 4475 2108 4513 rutu
2129 4459 2425 4513 carnalium
2451 4458 2832 4522 recordemini,
2858 4467 2917 4512 ut
2945 4458 3463 4530 descendantsuper
3478 4477 3575 4518 vos

295 4545 524 4602 solliciti
548 4556 695 4603 sunt.
735 4547 827 4605 Sic
856 4564 950 4607 sos
975 4566 1097 4607 esse
1140 4551 1320 4622 cuplo,
1367 4568 1434 4609 ac
1462 4569 1560 4611 vos
1584 4555 1768 4610 videt-e
1790 4557 1889 4611 de-

292 4639 489 4695 sidero
518 4639 586 4694 ob
612 4640 834 4697 nimiam
864 4644 1031 4699 resti-i
1059 4644 1112 4698 in
1150 4644 1261 4700 Deo
1317 4645 1639 4703 charitatem
1661 4685 1678 4713 ,
1725 4663 1888 4718 quem

294 4746 438 4802 wgo
459 4741 617 4787 noctu
669 4731 870 4806 diuque
896 4777 912 4801 ‚
943 4746 1003 4790 ut
1055 4736 1358 4794 inhabitent
1398 4740 1450 4794 in
1482 4740 1635 4795 vobis
1664 4740 1891 4796 benedi·

295 4822 518 4878 ottones
546 4833 758 4895 patrum
815 4839 1155 4893 nostrornm,
1214 4838 1269 4883 et
1325 4830 1633 4886 benedictio
1668 4844 1886 4901 qnoque

304 4914 422 4972 mei
460 4915 711 4987 infelicis,
744 4930 803 4975 ut
852 4922 1128 4979 resideant
1188 4920 1241 4977 in
1274 4921 1428 4978 vobis
1483 4920 1882 4978 intellectuales

306 5012 561 5081 virtutes,
582 5022 639 5068 et
685 5015 1002 5086 transigatis
1037 5015 1304 5085 reliquum
1354 5015 1477 5069 vitae
1509 5023 1705 5070 vestra:
1737 5015 1886 5070 omni

302 5104 526 5176 gaudio·
592 5105 805 5161 Etenim
857 5107 1169 5177 quicunque
1226 5108 1365 5163 banc
1410 5121 1727 5165 mensuram
1781 5122 1889 5163 non

303 5194 576 5269 attigerit,
598 5196 1024 5269 haudquaquam
1047 5198 1348 5254 coelestium
1383 5197 1580 5270 gaudia
1611 5201 1891 5256 nancisci-

301 5302 421 5348 tul·-

375 5382 592 5439 Scitote
620 5384 774 5451 item,
818 5382 966 5440 lilioli
999 5381 1126 5444 mci,
1172 5393 1441 5456 nraeccpta
1499 5399 1675 5455 neque
1707 5384 1894 5455 gravia

292 5488 432 5531 esse
453 5490 636 5547 neque
664 5475 960 5543 laboriosa,
989 5476 1082 5531 sed
1126 5475 1305 5530 lumen
1338 5490 1525 5531 verum
1548 5485 1603 5531 et
1634 5476 1892 5549 gaudium

292 5566 707 5638 setitpiternum
735 5568 1158 5641 adimplentibus
1211 5568 1599 5626 obedientiam.
1632 5570 1762 5648 Dico
1789 5584 1894 5625 au-

378 5749 430 5784 '’
471 5748 629 5806 Rom.
659 5765 780 5821 rttt,
814 5750 902 5806 δῦ.
977 5752 1023 5785 '¹⁸
1060 5751 1191 5809 ibid.
1217 5751 1419 5808 38.?o.
1515 5751 1559 5785 ‘¹’
1597 5749 1752 5809 Juan.
1794 5766 1927 5817 xvtt,
1960 5750 2015 5819 8,
2042 5747 2235 5819 t9,‘25,
2272 5747 2361 5803 ⁶22.

1460 5842 1507 5852 a—

1992 4566 2180 4606 eorum
2205 4550 2617 4607 benedictiones
2670 4549 2818 4605 omni
2860 4560 3123 4621 tempore.
3153 4551 3268 4610 lloc
3298 4554 3452 4608 vobis
3473 4571 3573 4606 no-

1995 4652 2107 4697 tum
2146 4643 2239 4698 sit.
2266 4643 2332 4697 Et
2374 4657 2477 4712 pax
2507 4641 2721 4699 Domini
2741 4655 2923 4699 servet
2955 4643 3119 4700 corda
3150 4654 3352 4708 vestra,
3378 4655 3432 4699 ει
3452 4663 3580 4713 gra-

1997 4737 2068 4791 tia
2097 4735 2213 4806 ejus
2244 4736 2396 4792 vobis
2427 4735 2744 4805 opituletur.
2773 4735 2872 4793 Cui
2898 4735 3018 4797 laus
3051 4736 3120 4795 ab
3143 4735 3392 4792 otnnibus
3418 4739 3579 4791 ratio·

1998 4829 2267 4886 nabilibus
2298 4830 2349 4884 in
2374 4840 2665 4886 aetcrnmn.
2690 4831 2890 4886 Amen.

2542 4923 2875 4981 EPlSTOLA
2918 4923 3035 4981 XV.

2705 5015 2848 5070 Dixit
2882 5032 2902 5072 .·

2070 5107 2208 5163 Ante
2234 5108 2440 5174 onmia,
2472 5106 2622 5163 lilioli
2682 5109 2787 5164 mei
2848 5107 3142 5173 benedicti,
3174 5108 3342 5163 Deum
3378 5107 3576 5178 depre-

1998 5215 2112 5264 cor,
2145 5211 2203 5254 ιιι
2233 5202 2385 5257 vobis
2408 5200 2703 5268 elargiatur
2730 5201 3024 5257 invisibilia
3061 5221 3075 5257 ι
3112 5199 3324 5256 Etenim
3347 5200 3576 5257 visibilia

1994 5292 2127 5357 lea-c,
2156 5290 2465 5360 temporalia
2490 5301 2612 5346 snat
2662 5301 2709 5345 et
2743 5293 2977 5358 coduc05
3006 5293 3101 5347 illo
3121 5308 3240 5347 rero
3265 5291 3577 5360 inuisibilia,

1995 5390 2219 5445 aeterno,
2261 5382 2627 5450 permanentia
2648 5380 2717 5436 ⁸¹.
2755 5382 2820 5437 Et
2850 5396 2968 5437 nica
2991 5384 3206 5452 quidem
3252 5381 3578 5453 hoecdepre-

1995 5471 2140 5526 catio
2163 5486 2261 5541 pro
2288 5470 2440 5524 vobis
2463 5481 2568 5535 est,
2599 5472 2745 5541 quod
2790 5472 3046 5529 vidissem
3104 5473 3319 5533 fructus
3367 5486 3578 5532 vestros

1994 5564 2146 5618 vivos
2177 5561 2550 5630 rationabiles,
2573 5575 2627 5618 et
2653 5566 2796 5636 qnod
2847 5565 2974 5623 lacti
3019 5571 3215 5625 essetis
3248 5569 3357 5626 Deo
3401 5567 3580 5623 Verbo

2472 5747 2519 5780 ⁸⁰
2561 5747 2724 5806 Ezcli.
2769 5764 2852 5819 tn,
2881 5751 2964 5810 ll.
3063 5753 3110 5832 ξ’*
3151 5752 3195 5811 tt
3237 5750 3361 5811 Cor.
3389 5765 3469 5820 tv,
3489 5750 3583 5807 ta.
