3725 6125
295 262 396 320 581

1429 260 1709 315 Nssusssu
1751 255 2055 313 muscum
2098 251 2394 312 [MESENJ

3438 248 3553 305 552

295 384 468 429 ratur.
525 373 724 442 Quare,
775 386 1010 428 antinum
1061 387 1166 426 non
1217 386 1340 426 esse
1387 385 1606 439 (orpus,
1667 385 1733 424 ex
1783 368 1867 423 his
1897 380 2056 433 Αται
2103 367 2251 439 (51),
2310 364 2596 434 ἀσώματος
2663 356 2837 442 οὖσα..
2880 362 3002 415 Ὀτι
3062 360 3163 432 μὲν
3226 357 3367 432 [οὖν]
3448 362 3556 415 οὐκ

294 481 419 537 quae
447 467 699 533 diximus,
747 466 968 536 perspici
1016 473 1212 533 potest.
1244 465 1308 516 At
1339 478 1490 522 vero.
1533 477 1708 531 neque
1744 475 1868 516 esse

295 557 807 615 non-substantiam.
857 555 1109 625 deinceps
1154 553 1532 624 explicandum
1565 563 1671 608 est.
1722 549 1868 619 Quo-

300 650 446 705 niam
473 663 601 720 ergo
633 657 685 701 et
717 644 1017 699 Dinarchus
1074 642 1488 716 (Dicaearchus)
1530 643 1868 699 harmoniam

292 740 528 795 animam
557 736 819 798 delinivit,
847 745 900 789 et
941 734 1196 789 Simmias
1227 733 1607 789 contradicens
1633 731 1868 796 Socrati,

294 832 531 886 animam
565 827 900 881 harmoniam
931 840 1053 880 esse
1089 824 1408 890 asserebat;
1458 824 1599 893 quod
1630 823 1870 879 animum

1968 458 2113 511 ἔστιν
2155 456 2267 529 (32)
2315 459 2349 527 ἡ
2388 456 2533 525 ψυχὴ
2569 453 2749 523 σῶμα,
2787 452 2945 524 δῆλον
2972 454 3038 505 ὲκ
3073 451 3184 507 τῶν
3212 450 3553 522 εἰρημένων·

1967 550 2051 604 ὅτι
2096 549 2154 604 δὲ
2192 548 2314 603 οὐδὲ
2359 546 2606 607 ἁνούσιος
2632 544 2763 615 (55),
2794 545 2924 617 ἑξῆς
2968 544 3183 617 ῥητέον.
3222 541 3452 616 Ἐπειδὴ
3496 541 3561 597 δὲ

1970 642 2064 695 καὶ
2106 640 2220 711 (5-1)
2265 638 2597 711 Δικαίαρχος
2637 638 2902 708 ἁρμονίαν
2934 636 3176 708 ὡρίσατο
3210 634 3309 707 τὴν
3348 632 3562 705 ψυχὴν,

1970 732 2066 786 καὶ
2096 731 2335 802 Σιμμίας
2366 730 2498 799 (55),
2528 728 2824 796 ἀντιλέγων
2869 726 2949 798 τῷ
2978 726 3280 799 Σωκράτει,
3315 723 3423 789 τὴν
3455 722 3567 794 ψυ-

1971 825 2074 894 χὴν
2115 820 2377 894 ἁρμονίαν
2430 821 2666 891 ἔφασκεν
2715 815 2853 873 εἶναι
2896 817 3030 891 (56),
3069 818 3268 886 λέγων,
3314 816 3567 873 ἐοικέναι

292 920 588 975 harmoniae
615 918 849 972 similem
879 931 1000 971 esse
1047 917 1272 981 diceret,
1318 930 1518 985 corpus
1563 913 1737 987 lyrae:
1771 915 1871 969 lio·

293 1026 413 1065 rum
443 1008 824 1064 dissolutiones
852 1007 1141 1073 allerendae
1187 1016 1350 1072 sunt,
1399 1020 1519 1076 quae
1548 1006 1601 1060 in
1633 1002 1875 1061 Platonis

1971 916 2071 989 τὴν
2100 915 2196 987 μὲν
2228 913 2402 986 ψυχὴν
2439 911 2695 986 ἁρμονίᾳ,
2726 911 2788 965 τὸ
2828 910 2886 964 δὲ
2919 910 3080 980 σῶμα
3105 908 3263 982 λύρᾳ·
3303 909 3568 963 ἐκθετέον

1971 1006 2071 1071 τὰς
2110 1005 2291 1069 λύσεις
2324 1003 2512 1060 τούτου
2546 1004 2681 1069 (57),
2708 1003 2807 1068 τὰς
2843 1005 2902 1058 ὲν
2932 1004 3009 1075 τῷ
3038 1004 3294 1058 Φαίδωνι
3331 1004 3569 1059 Πλάτω-

296 1095 569 1156 Phoedone
602 1109 728 1155 sunt
756 1101 1030 1169 expositae.
1065 1098 1303 1165 Quarum
1340 1112 1445 1153 una
1470 1097 1641 1152 utitur
1663 1096 1730 1152 iis
1754 1109 1876 1165 quae
1974 1117 2063 1165 νος
2090 1104 2363 1171 κειμένας.
2393 1098 2508 1153 Μία
2538 1099 2635 1169 μὲν
2664 1092 2758 1152 οὖν
2784 1099 2930 1152 ἐστιν
2960 1099 2994 1167 ἡ
3026 1099 3090 1151 ὲκ
3134 1097 3242 1151 τῶν
3276 1097 3394 1167 (58)
3427 1114 3568 1169 προ-

295 1207 463 1263 snpra
493 1192 810 1246 conlirmata
837 1202 893 1246 et
928 1191 1297 1246 demonstrata
1323 1198 1501 1244 erant.
1535 1188 1666 1243 Erat
1692 1197 1874 1243 autem
1975 1188 2440 1260 αποδεδειγμένων
2469 1187 2639 1259 αὐτῷ.
2674 1186 3167 1260 Προαποδέδεικται
3210 1186 3344 1258 γὰρ,
3391 1186 3482 1239 ὅτι
3510 1186 3565 1241 αι

293 1281 748 1349 demonstratum,
783 1279 1097 1351 disciplinas
1128 1294 1250 1335 ease
1278 1277 1699 1334 recordationes.
1978 1278 2248 1351 μαθήσεις
2272 1280 2605 1351 ἀναμνήσεις
2630 1278 2754 1332 είσί.

367 1373 477 1427 lloc
511 1373 676 1443 igitur
702 1384 935 1442 sumpto,
972 1383 1030 1427 ut
1051 1369 1324 1435 confesso,
1360 1370 1623 1426 rationem
1649 1368 1879 1424 instituit
2047 1371 2219 1427 Τοῦτο
2255 1367 2348 1426 οὗν
2380 1358 2583 1438 λαθὼν,
2613 1371 2689 1433 ὡς
2719 1371 3168 1442 ὁμολογούμενον,
3210 1370 3552 1424 κατασκευὰ·

294 1478 375 1524 stc
410 1487 424 1523 ε
459 1468 515 1523 Si
568 1469 862 1537 disciplinae
912 1475 1036 1523 sunt
1084 1464 1530 1530 recordationes,
1581 1472 1708 1519 ante
1758 1472 1879 1517 erat
1978 1466 2060 1531 ζει
2084 1465 2175 1519 τὸν
2202 1464 2360 1534 λόγον
2392 1463 2585 1530 οὕτως·
2619 1465 2684 1518 Et
2721 1466 2776 1519 αί
2809 1464 3071 1537 μαθήσεις
3100 1463 3449 1535 ἀναμνήσεις
3490 1463 3563 1516 εί-

297 1572 485 1617 nostra
510 1561 710 1623 anima,
740 1574 900 1630 quam
936 1560 988 1613 in
1020 1559 1252 1615 humana
1289 1557 1471 1626 specie
1499 1564 1875 1627 generaretur.

295 1654 362 1707 At
399 1653 442 1706 si
489 1652 765 1705 harmonia
795 1659 900 1715 est,
934 1651 1084 1720 prius
1112 1665 1216 1705 non
1245 1658 1385 1714 erat,
1442 1647 1538 1703 sed
1581 1646 1875 1716 posterius,

1979 1553 2063 1607 σὶν
2090 1550 2224 1623 (59),
2255 1548 2326 1623 ἦν
2356 1552 2515 1624 ἡμῶν
2544 1553 2578 1623 ἠ
2610 1552 2758 1625 ψυχὴ
2785 1553 2916 1625 πρὶν
2946 1555 3006 1607 ὲν
3028 1552 3105 1623 τῷ
3130 1551 3472 1624 ἀνθρωπείῳ
3496 1552 3573 1605 εί·

1978 1646 2057 1699 δει
2088 1644 2201 1717 (40)
2226 1643 2502 1713 γενέσθαι·
2538 1646 2586 1699 εί
2614 1644 2671 1698 δὲ
2704 1645 2940 1717 ἁρμονία
2974 1645 3109 1709 ἐστὶ,
3142 1644 3416 1716 πρότερον
3457 1643 3568 1716 (41)

293 1759 519 1816 corpore
561 1743 675 1812 iarn
733 1745 1060 1814 composito,
1111 1743 1290 1813 genita
1341 1749 1444 1797 est.
1493 1736 1685 1795 Omnis
1729 1738 1874 1793 enim
1906 1758 1949 1813 Β
1980 1735 2078 1806 μὲν
2105 1735 2206 1789 οὐκ
2229 1730 2319 1806 ἦν,
2351 1733 2576 1808 ὕστερον
2600 1734 2659 1789 δὲ
2686 1736 2922 1804 ἐγένετο,
2954 1735 3323 1808 ἀρμοσθέντος
3349 1733 3452 1789 τοῦ
3475 1734 3571 1789 σώ-

295 1837 615 1905 compositio
640 1850 745 1891 non
775 1836 936 1890 aliter
963 1836 1146 1899 hahet,
1180 1848 1340 1904 quam
1367 1846 1426 1888 se
1455 1830 1545 1886 illa
1573 1830 1791 1892 hahent.
1814 1844 1879 1885 ex

295 1929 494 1997 quibus
533 1926 766 1983 connata
830 1939 934 1983 est.
982 1926 1079 1982 Est
1128 1926 1273 1983 enim
1307 1924 1649 1995 compositio,
1679 1923 1884 1993 quippe

300 2036 423 2090 qnae
467 2022 746 2076 hannonia
779 2023 871 2085 sit,
902 2023 1146 2091 quaedam
1175 2020 1484 2075 communio
1521 2031 1733 2084 eorum,
1761 2030 1885 2088 quae

298 2122 722 2181 componantur,
753 2126 982 2182 eamque
1012 2126 1120 2166 non
1168 2108 1490 2165 antecedere
1520 2106 1608 2163 illa
1641 2122 1709 2163 ex
1756 2106 1882 2177 qui-

298 2201 400 2257 bus
430 2212 666 2266 constat,
698 2206 793 2257 sed
829 2201 1086 2273 consequi
1116 2199 1400 2272 contingit.
1433 2198 1612 2267 Quare
1650 2198 1884 2275 intertse

301 2301 547 2361 pngnant
576 2311 591 2347 :
622 2293 873 2348 Animam
902 2292 1243 2349 harmoniam
1266 2305 1422 2358 esse;
1446 2301 1531 2346 et:
1564 2288 1885 2361 Disciplinas

301 2381 720 2439 recordationes.
754 2383 953 2439 Verum
1000 2391 1181 2438 autem
1210 2382 1346 2438 illud
1377 2382 1445 2437 de
1478 2380 1881 2437 recordationi·

299 2472 435 2540 buu
467 2472 660 2530 salsum
693 2476 859 2547 igitur
898 2476 1136 2529 animam
1182 2488 1305 2529 esse
1347 2472 1705 2528 harmoniam.
1733 2470 1884 2527 Prae-

302 2572 454 2621 tcrea
483 2569 687 2631 anima,
728 2575 783 2621 et
816 2566 1140 2620 adversatur
1177 2564 1420 2633 corpori,
1450 2572 1506 2619 et
1544 2562 1888 2632 imperatoris

1983 1840 2174 1895 ματος.
2205 1824 2316 1897 36
2333 1825 2491 1879 Πᾶσα
2521 1826 2631 1897 γὰρ
2661 1823 2908 1890 σύνθεσις
2938 1826 3041 1879 οὐκ
3063 1825 3235 1889 ἄλλως
3256 1824 3396 1895 ἔχει,
3425 1825 3463 1896 ἢ
3497 1824 3573 1888 ὡς

1980 1916 2093 1988 ἔχει
2149 1915 2220 1970 τὰ
2248 1915 2309 1982 ἐξ
2334 1910 2409 1971 ὧν
2436 1917 2549 1990 (42)
2577 1918 2882 1987 σύγκειται.
2904 1918 3173 1973 Κοινωνία
3197 1918 3310 1988 γάρ
3334 1917 3423 1982 τίς
3453 1920 3572 1972 ἐστι

1978 2008 2089 2063 τῶν
2136 2007 2532 2080 συντιθεμένων
2578 2008 2686 2080 (45)
2731 2011 2765 2081 *l
2806 2009 3075 2074 σύνθεσις,
3121 2008 3359 2081 ἁρμονία
3404 2005 3567 2063 οὖσα·

1980 2101 2077 2157 καὶ
2120 2102 2183 2157 οὐ
2229 2101 2429 2157 κωλύει
2460 2101 2574 2173 (44)
2608 2103 2670 2157 τὸ
2719 2103 2793 2175 μὴ
2822 2103 3072 2173 ἡγεῖσθαι
3112 2100 3283 2173 αὐτὴν
3318 2100 3571 2168 ἐκείνων,

1979 2196 2072 2265 ἀφ’
2091 2187 2167 2248 ὧν
2198 2193 2481 2266 συνετέθη,
2506 2193 2620 2249 ἁλλ’
2642 2193 2870 2249 ἔπεσθαι
2896 2195 3100 2258 αὐτοῖς·
3131 2194 3363 2265 μάχεται
3385 2193 3574 2247 τοίνυν

1976 2286 2040 2341 τὸ
2067 2285 2330 2358 ἁρμονίαν
2380 2282 2521 2341 εἶναι
2566 2286 2665 2358 τήν
2693 2286 2870 2359 ψυχὴν
2898 2286 3032 2357 (45),
3056 2285 3135 2357 τῷ
3164 2286 3264 2350 τὰς
3298 2284 3572 2357 μαθήσεις

1980 2380 2315 2451 ἀναμνήσεις
2341 2374 2503 2434 εἶναι·
2536 2378 2598 2432 τὸ
2618 2377 2675 2431 δὲ
2696 2378 2803 2433 τῶν
2823 2379 3182 2451 ἁναμνήσεων
3205 2376 3405 2449 ἀληθές
3426 2379 3567 2432 ἐστι·

1980 2469 2176 2540 ψεῦδος
2201 2469 2311 2539 ἄρα
2340 2469 2403 2524 τὸ
2428 2468 2528 2541 τὴν
2558 2467 2669 2540 (46)
2709 2468 2887 2541 ψυχὴν
2919 2469 3184 2544 ἁρμονίαν
3219 2462 3381 2524 εἶναι.
3417 2471 3566 2534 Ἔτι,

1983 2565 2018 2634 ἡ
2054 2563 2153 2635 μὲν
2184 2562 2331 2635 ψυχὴ
2360 2561 2455 2618 καὶ
2481 2561 2819 2617 ἐναντιοῦται
2860 2562 2938 2634 τῷ
2974 2560 3191 2634 σώματι
3222 2563 3320 2618 καὶ
3348 2562 3441 2616 τὸν
3464 2564 3569 2635 ἁρ-

1501 2762 1658 2819 VAR.
1694 2761 1896 2818 LECT.
1936 2760 2026 2817 ET
2063 2763 2401 2825 ANtmDV.

375 2917 489 2995 (51)
521 2920 670 2976 Οὔτε
718 2916 891 2989 σῶμά
941 2918 1112 2975 ἐστιν
1166 2921 1359 2991 ψυχὴ,
1416 2919 1516 2976 καὶ
1559 2938 1644 2991 χω
1684 2920 1884 2983 [ξε-ται.

305 2989 444 3049 Οὔτε
471 2990 632 3065 σῶμά
658 2992 774 3044 ἐστι
812 2990 907 3044 καὶ
941 2983 1255 3064 χωρίζεται,
1288 2994 1347 3047 D.
1375 2992 1429 3057 1,
1465 2991 1530 3044 Α.
1556 2997 1607 3055 1,
1637 2939 1697 3056 ς,

307 3065 414 3147 Sed
460 3061 729 3187 0v1.nante
755 3060 902 3133 ψυχή
931 3064 1168 3118 additum
1201 3063 1362 3119 habet
1405 3064 1462 3134 ὴ.
1490 3063 1680 3116 Anima
1706 3071 1887 3117 servat

305 3145 469 3191 ettam
544 3150 572 3185 a
618 3170 633 3186 .

374 3202 491 3272 (52)
534 3202 666 3256 'Ota
702 3199 821 3273 μὲν
861 3196 976 3259 οὖν
1006 3203 1118 3265 οὐκ
1157 3203 1353 3260 ἔστιν.
1384 3199 1491 3258 Οὖν
1524 3200 1697 3268 abest,
1731 3201 1798 3256 D.
1838 3202 1889 3269 1,

307 3275 376 3329 Α.
398 3275 451 3339 1,
475 3271 531 3327 2.
556 3268 763 3341 Itaque,
787 3271 946 3339 con„
971 3266 1106 3326 vau.
1303 3274 1311 3283 '
1558 3274 1585 3287 ‘⁶
1864 3280 1870 3285 '

377 3343 491 3416 (55)
532 3343 652 3397 Ὅτι
683 3340 752 3395 δὲ
776 3341 919 3397 οὐδὲ
961 3343 1264 3410 ἀνούσιος.
1311 3342 1408 3415 Δή,
1446 3340 1564 3396 loco
1598 3340 1677 3406 δέ,
1720 3344 1788 3397 Α.
1832 3341 1890 3398 5.

309 3413 459 3469 Cono
487 3413 576 3468 hic
603 3413 785 3481 incipit
812 3415 930 3468 iibri
965 3428 1001 3466 n
1032 3429 1151 3482 rap.
1181 3416 1235 3469 5.
1261 3413 1419 3467 index
1455 3429 1468 3466 ε
1501 3414 1654 3479 Quod
1708 3412 1889 3466 anima

309 3486 382 3539 sit
413 3483 737 3547 substantia,
773 3499 876 3538 non
920 3485 1221 3548 harmonia,
1257 3494 1314 3537 nt
1350 3482 1650 3537 Dinarchus
1682 3483 1889 3549 voluit;

313 3561 486 3624 neque
501 3554 696 3616 erasis,
733 3562 822 3606 aut
855 3563 1087 3623 quatuor
1115 3553 1398 3607 htiniorum
1428 3553 1713 3622 temperies
1739 3567 1893 3624 quae-

312 3625 461 3685 danii,
493 3623 804 3677 utGalenns
833 3625 1040 3676 videtur
1068 3633 1335 3677 astruere.

384 3692 497 3765 (54)
549 3691 787 3759 Ἐπειδὴ
814 3691 890 3759 δὴ
918 3692 1036 3746 καί.
1086 3692 1307 3765 Ἐπειδὴ
1328 3693 1385 3747 δὲ
1415 3693 1528 3755 καί,
1556 3693 1622 3748 D.
1655 3693 1707 3759 1,
1741 3693 1807 3748 A.
1836 3692 1890 3757 1,

311 3763 367 3818 2.
410 3761 556 3816 Ἐπεὶ
583 3761 639 3813 δὲ
661 3762 775 3824 καί,
810 3761 873 3816 Ν.
905 3763 978 3833 Δή
1007 3778 1233 3828 prorsus
1266 3765 1464 3818 omittit
1491 3765 1557 3816 A.
1587 3764 1643 3819 5.

389 3832 501 3902 (55)
540 3832 822 3901 Σιμμύας.
847 3832 1108 3903 Σιμμίας,
1145 3833 1208 3887 1).
1246 3834 1297 3898 1,
1328 3832 1393 3887 A.
1423 3833 1475 3897 1,
1501 3831 1555 3896 2,
1590 3833 1646 3899 5,
1672 3829 1776 3888 Ox.
1805 3831 1895 3884 Σι-

319 3901 468 3975 μίας,
499 3901 562 3953 N.
597 3905 739 3965 Mox,
769 3901 1052 3973 Σωκράτῃ,
1090 3907 1154 3956 A.
1198 3903 1252 3957 5.
1307 3901 1474 3956 Panlo
1515 3912 1640 3958 ante
1680 3900 1895 3957 correxi

313 3972 659 4043 Δικαίαρχος,
694 3972 808 4024 loco
840 3972 1144 4043 Δείναρχος.
1176 3970 1236 4024 V.
1274 3988 1392 4040 pag.
1413 3971 1504 4026 28.

315 4111 352 4167 ἓ
386 4041 498 4166 (ἓὸ)
537 4035 707 4094 Εἶναι
731 4040 1020 4109 ἔφασκεν.
1053 4042 1327 4111 Ἐφασκεν
1360 4036 1518 4106 εἶναι,
1556 4038 1618 4095 D.
1652 4041 1703 4106 1,
1741 4042 1807 4095 A.
1838 4040 1891 4106 1,

356 4153 373 4179 ,
455 4153 464 4161 .

388 4180 500 4251 (57)
538 4184 759 4247 Λύσεις
782 4181 1025 4235 τούτων.
1055 4179 1253 4245 Λύσεις
1292 4177 1505 4243 τούτου,
1545 4180 1602 4234 1).
1648 4180 1700 4246 1,
1734 4180 1799 4234 A.
1839 4179 1892 4246 1,

319 4251 376 4317 2,
409 4249 541 4305 vau.
582 4254 720 4318 Mox,
746 4250 1009 4312 Φαίδονι,
1045 4249 1106 4303 D.
1138 4252 1189 4308 1.

1730 2990 1957 3075 3.N·c

2060 2919 2173 3014 (vn)
2211 2925 2291 2980 *H
2310 2924 2394 2993 ὡς
2418 2923 2546 2995 ἔχει
2566 2925 2640 2981 τὰ
2668 2923 2738 2991 ἐξ
2760 2920 2869 2982 ὧν.
2897 2926 2970 2980 Ἦ
2998 2926 3076 2993 ὡς
3100 2926 3127 2981 ἔ
3166 2946 3216 2983 ει
3250 2930 3454 2998 ἐκεῖνα,
3499 2931 3569 2987 τὰ

1989 2990 2049 3057 ἐξ
2069 3011 2169 3060 ων,
2200 2993 2271 3049 M.
2301 2996 2353 3057 1,
2388 2995 2452 3049 A.
2479 2998 2533 3059 1,
2563 2994 2620 3055 2.
2648 2996 2703 3061 5,
2742 2995 2802 3050 D.
2828 2996 2879 3059 1,
2913 2995 2979 3050 N.
3006 2996 3141 3053 Simu
3169 3002 3214 3054 is
3239 3005 3569 3057 enrrstructio

1992 3063 2219 3120 inferius
2248 3081 2296 3134 p.
2327 3065 2415 3128 61,
2443 3068 2681 3121 occurrit
2719 3068 2771 3121 in
2806 3067 2870 3122 N.
2920 3067 3156 3131 Ἐκεῖνα,
3188 3070 3263 3126 τὰ
3297 3074 3357 3126 ἐν
3388 3068 3465 3137 οἷς
3502 3075 3571 3129 ἂν

1990 3132 2265 3205 γίγνηται.
2299 3136 2451 3203 Apud
2496 3135 2773 3191 Platonem
2822 3137 2858 3190 l.
2905 3153 2956 3201 ι,
3004 3155 3055 3208 p.
3088 3140 3218 3205 591,
3249 3144 3468 3198 αειεἪ
3494 3144 3571 3208 ὡς

1992 3206 2180 3259 ἐκεῖνα
2204 3202 2270 3258 ἂν
2292 3203 2412 3275 ἔχῃ,
2438 3204 2498 3271 ἐξ
2518 3199 2593 3260 ὧν
2620 3206 2686 3259 ἂν
2712 3206 3031 3280 συγκέηται.

2086 3273 2179 3341 45)
2212 3276 2675 3347 Συντεθεμένων.
2710 3276 3161 3349 Συντεθειμένων,
3196 3280 3259 3336 Ν.

2084 3340 2175 3412 44)
2214 3344 2507 3412 Σύνθεσις
2544 3342 2802 3415 ἁρμονία
2834 3343 3024 3403 οὖσα·
3068 3351 3165 3403 καί
3209 3353 3283 3403 οὐ
3316 3354 3553 3408 κωλύει.

1990 3413 2267 3479 Σύνθεσις.
2326 3415 2588 3486 Ἁρμονία
2638 3410 2793 3482 οὖσα,
2839 3418 2901 3472 οὐ
2943 3417 3150 3488 κωλύει,
3187 3419 3248 3473 D.
3293 3421 3345 3481 1,
3393 3423 3458 3474 A.
3493 3424 3548 3477 5.

1994 3486 2101 3540 Sed
2158 3486 2246 3539 hic
2296 3484 2457 3540 habet
2502 3486 2665 3539 etiarn
2714 3503 2835 3542 rnnx
2873 3488 2986 3558 τοῦ,
3021 3486 3237 3544 boote.
3264 3487 3363 3544 Hic
3397 3490 3572 3551 locus,

1994 3555 2157 3637 male·
2185 3551 2407 3637 affectus
2439 3565 2542 3611 est.
2591 3555 2720 3622 Eius·
2760 3568 2938 3613 tamen
2985 3556 3290 3616 medicinam
3350 3557 3547 3614 frustra

1992 3623 2597 3764 33¹53¹.i:,.:2·..¹3,‘'.z'33;25
2614 3624 3022 3752 *taran-..¹2⁶3
3051 3628 3305 3769 {ffi-
3327 3629 3550 3753 {2:332

1995 3764 2099 3817 lam
2140 3766 2533 3819 adversativam
2570 3764 2726 3830 ἀλλά,
2763 3768 3111 3836 coniunctam
3144 3785 3267 3823 rum
3319 3769 3558 3834 -πεσθα’.,

1993 3833 2134 3888 serre
2170 3848 2274 3886 non
2305 3849 2463 3901 posse
2491 3833 2551 3886 οὐ
2585 3836 2784 3891 κωλύει
2821 3838 2880 3891 τὸ
2908 3836 2983 3908 μὴ
3016 3838 3293 3911 ήγεῖσθαι.
3324 3839 3571 3895 Secundo

1998 3902 2337 3972 intelligitur,
2368 3904 2506 3957 idem
2544 3904 2653 3959 rere
2682 3909 2769 3962 hic
2794 3908 2993 3962 dicrum
3025 3924 3168 3969 esse.
3199 3913 3343 3979 quod
3383 3920 3569 3971 antea,

1992 3972 2259 4043 πρότερον
2313 3973 2414 4043 μὲν
2444 3974 2545 4027 οὐκ
2586 3967 2675 4044 ἦν,
2710 3976 2934 4050 ὕστερον
2966 3975 3025 4030 δὲ
3052 3978 3291 4060 ἐγένετο.
3329 3980 3572 4044 conjicio

1992 4056 2120 4111 ergo
2151 4060 2166 4096 :
2197 4042 2433 4115 ἁρμονία
2474 4041 2539 4114 δὴ
2583 4045 2715 4102 οὖσα
2763 4048 2824 4100 οὐ
2859 4050 3025 4118 χωρεῖ
3068 4049 3147 4120 (ul
3189 4058 3273 4103 est
3312 4049 3571 4104 ἀδύνατόν

1992 4112 2130 4180 ἐστι)
2159 4129 2266 4185 προ
2306 4112 2520 4180 γεῖσθαι
2544 4117 2619 4186 (id
2651 4127 2729 4171 est
2755 4134 2797 4172 π
2861 4132 3020 4208 τερον
3043 4119 3349 4188 γεγονέναι)
3379 4119 3569 4188 αὐτὴν,

1994 4199 2047 4238 κ.
2078 4198 2131 4234 τ.
2163 4181 2215 4237 λ.
2302 4184 2351 4237 el
2382 4185 2542 4237 etiam
2575 4204 2588 4240 ι
2614 4190 2650 4243 ἀ
2692 4204 2788 4259 μον
2813 4205 2847 4240 α
2877 4205 2969 4243 ουν
2998 4189 3113 4258 (seu
3146 4189 3226 4258 δὲ)
3251 4186 3407 4251 οὖσα,
3439 4189 3573 4242 ἀκο-

1992 4250 2173 4307 λουθεῖ
2196 4255 2311 4319 (seu
2344 4255 2638 4311 συνακολου
2676 4259 2747 4327 εἴ)
2774 4257 2835 4310 τὸ
2876 4257 2966 4344 μή
3024 4257 3260 4327 γεῖσθαι.
3297 4258 3389 4312 vet
3420 4278 3433 4313 :
3468 4259 3573 4328 ἁρ-

389 4321 500 4392 (58)
534 4323 653 4375 Μία
695 4321 811 4403 μὲν
859 4315 975 4375 οὖν
1008 4320 1181 4374 ἐστιν
1220 4318 1290 4374 ὲκ
1335 4319 1474 4376 τῶν.
1509 4319 1622 4374 Μία
1659 4318 1758 4390 μὲν
1801 4312 1896 4373 οὖν
2001 4322 2161 4392 μονία
2187 4317 2280 4378 οὖν
2304 4318 2460 4388 οὖσα,
2488 4325 2707 4389 κωλύει,
2734 4323 2809 4399 μὴ
2840 4329 2963 4399 ήγει
3034 4345 3090 4382 αι
3124 4329 3315 4400 αὑτήν.
3351 4328 3446 4381 Vel
3478 4329 3573 4381 de-

318 4394 466 4445 ὲστιν
496 4393 528 4461 ὴ
560 4393 623 4444 ὲκ
654 4408 783 4456 των,
819 4393 876 4445 D.
909 4391 961 4455 1,
998 4391 1058 4444 A.
1092 4391 1145 4454 1,
1172 4388 1226 4444 2.
1263 4389 1396 4463 Γάρ,
1434 4390 1551 4445 loco
1585 4387 1704 4461 μέν,
1738 4387 1810 4444 Μ.
1841 4388 1894 4443 1.
1928 4385 1972 4441 D
2001 4393 2161 4460 nique
2195 4408 2210 4445 z
2240 4393 2337 4446 καὶ
2358 4395 2818 4466 συνομολογεῖται,

319 4461 464 4514 idem
501 4461 658 4530 paulo
679 4473 797 4530 post
833 4460 984 4525 αὐτό,
1023 4459 1140 4515 loco
1170 4460 1338 4532 αὐτῷ.
1366 4460 1590 4516 Aristot.
1623 4459 1696 4512 De
1717 4459 1897 4514 anima

326 4547 364 4595 ι,
383 4529 436 4595 4,
460 4533 620 4584 etiam
650 4541 837 4585 contra
864 4533 1121 4601 disputat,
1152 4533 1384 4586 animan·
1411 4544 1508 4585 nec
1535 4529 1895 4596 harmoniam,

253 4631 255 4634 ⁴
323 4615 425 4654 nec
460 4614 744 4655 nnmerum
782 4615 921 4656 esse.
952 4603 1198 4656 Animam
1235 4615 1341 4655 non
1369 4613 1492 4654 esse
1527 4599 1891 4664 harmoniam,

320 4671 555 4726 breviter
610 4673 772 4725 etiam
832 4685 898 4725 ex
959 4671 1167 4727 Plotino
1209 4674 1365 4728 docet
1414 4670 1609 4725 Euseb.
1652 4667 1893 4734 Proepar.

319 4756 448 4795 enan
490 4781 528 4806 .‚
564 4757 616 4810 p.
650 4740 776 4796 854.

391 4757 504 4883 (ὅὸ)
548 4810 729 4867 Τοῦτο
771 4805 886 4867 οὖν
907 4810 1108 4866 λαθὼν
1131 4840 1203 4852 -
1222 4807 1591 4880 ἀναμνήσεις
1621 4809 1781 4864 είσίν
1797 4808 1894 4863 ab-

322 4891 466 4962 sunt.
525 4882 669 4947 Mox,
696 4877 766 4954 ἦν
810 4883 846 4945 ἠ
903 4879 1004 4951 μὲν
1046 4879 1226 4953 ἡμῶν,
1259 4879 1326 4936 Μ.
1365 4881 1417 4935 1.
1456 4881 1722 4936 Continuo
1766 4879 1831 4931 A.
1863 4878 1900 4933 5

321 4952 520 5006 omittit
680 4971 713 4996 ν
761 4995 774 5006 .

394 5021 506 5092 (40)
550 4951 930 5091 ᾑΑιιΡν-ιὰἳᾏπίνψ
953 5019 1117 5076 εῖδει.
1174 5018 1503 5093 Ανθρωπείῳ
1535 5017 1688 5082 εῖδει,
1737 5017 1799 5073 D.
1844 5017 1900 5084 1,

325 5092 390 5145 A.
420 5092 473 5155 1,
506 5092 563 5154 2,
586 5093 639 5147 5.
674 5093 827 5160 Apud
871 5089 1147 5146 Platonem
1185 5093 1236 5145 in
1263 5089 1545 5154 Pha-done,
1577 5103 1697 5158 cap.
1727 5087 1814 5153 18,
1842 5103 1897 5157 p.

327 5161 448 5218 505.
479 5172 561 5217 est
599 5161 939 5233 ἀνθρωπίνῳ.
972 5163 1111 5232 quud
1151 5171 1325 5215 tamen
1375 5159 1492 5214 leve
1528 5168 1630 5214 est.
1677 5156 1904 5212 Demon-

326 5234 518 5285 stratio
551 5248 675 5287 vero
704 5246 839 5300 ipsa,
876 5236 941 5285 de
975 5248 1078 5299 qna
1104 5230 1192 5285 hic
1219 5231 1451 5300 loquitur
1479 5228 1783 5292 Nemesius,
1815 5229 1896 5280 in-

325 5301 457 5369 cipit
485 5317 603 5369 rap.
639 5301 726 5368 tt,
760 5316 879 5424 μεέ.
903 5301 1008 5356 588
1033 5317 1047 5352 2
1077 5299 1143 5352 Τί
1168 5295 1282 5366 οὖν,
1306 5295 1343 5372 ἦ
1364 5298 1410 5352 δ’
1430 5298 1514 5362 ὃς,
1541 5299 1669 5370 περὶ
1691 5296 1904 5352 ἐκείνου

326 5368 639 5493 sobam-sou,
672 5388 803 5495 *²⁸3
867 5413 880 5425 .
923 5369 1057 5425 vide
1093 5369 1408 5426 Fischerum
1445 5371 1609 5425 etiam
1660 5369 1728 5424 ad
1761 5368 1900 5423 Plat.

368 5478 384 5494 .
475 5442 486 5456 ”
531 5480 545 5501 ,
576 5453 698 5494 nota
798 5480 812 5494 .

330 5456 363 5512 Ρ
400 5507 514 5582 (41)
565 5509 729 5564 Ἔστι
760 5512 1069 5582 πρότερον.
1140 5510 1309 5575 Ἐστι,
1369 5509 1545 5583 δῆλον,
1591 5509 1673 5564 ὅτι
1715 5506 1906 5580 πρότε·

393 5597 446 5643 ν,
475 5581 576 5635 Ox.
609 5582 736 5633 bine
774 5583 1044 5635 mentione
1075 5594 1203 5636 mss.
1240 5581 1318 5636 lta
1343 5589 1519 5638 tamen
1552 5582 1710 5636 habet
1740 5583 1808 5634 A.
1845 5579 1900 5633 5.

384 5667 450 5707 ux
489 5651 630 5707 idem
663 5665 677 5703 ι
717 5650 1107 5721 ’Δρμοσθέντος
1127 5652 1163 5722 ἠ
1193 5650 1308 5706 τοῦ.

1996 4463 2208 4516 videtur
2235 4462 2467 4545 voluisse
2499 4481 2513 4518 τ
2546 4469 2642 4521 καὶ
2676 4397 3575 4541 wpfiafflfflfffgsssskssssff'ffiffl

1998 4536 2073 4613 ita
2113 4549 2127 4586 ι
2172 4531 2465 4587 Harmonia
2506 4548 2679 4591 utitem
2733 4538 3041 4594 inexaiatem
3079 4538 3351 4608 (ἁνούσιος
3388 4536 3575 4606 credo)

1998 4601 2114 4669 rita,
2135 4618 2199 4657 ea:
2226 4603 2409 4672 quitus
2436 4607 2720 4673 composita
2745 4617 2843 4668 εει,
2882 4623 2986 4660 non
3024 4611 3347 4669 antecedere.
3376 4609 3466 4662 sed
3497 4625 3568 4662 se-

1999 4673 2085 4736 qui
2112 4688 2226 4728 eom
2265 4671 2396 4726 nituit
2436 4676 2691 4740 prohibet.
2725 4674 2876 4732 Valla
2912 4675 3221 4748 :Siquidem
3261 4678 3580 4745 composito·

1999 4756 2115 4795 rum
2156 4743 2558 4798 communicatio
2597 4747 2837 4815 quoedam
2869 4756 2944 4801 ext
2978 4749 3307 4815 composicio,
3334 4765 3453 4817 quoe
3505 4757 3580 4800 est

1999 4810 2296 4866 harmonia.
2353 4813 2511 4884 Atqui
2560 4817 2689 4870 nituit
2726 4816 2956 4884 prohibet
3002 4819 3169 4886 ipsam
3214 4817 3429 4871 §uorum
3474 4832 3578 4871 non

2000 4881 2315 4946 existimari,
2355 4899 2388 4936 a
2421 4883 2608 4953 quibus
2636 4889 2920 4955 composita
2959 4887 3047 4952 sie,
3080 4889 3172 4942 sed
3201 4887 3295 4942 itta
3329 4887 3578 4957 consequi

1998 4951 2311 5018 putandum.
2359 4952 2498 5022 Ergo
2528 4953 2777 5025 ἡγεῖσθαι
2819 4956 2955 5011 male
2992 4958 3214 5013 reddidit
3238 4959 3571 5023 existimari,

2001 5027 2056 5074 et
2118 5023 2373 5076 utendum
2404 5026 2470 5077 de
2490 5038 2588 5081 sno
2620 5027 2929 5081 inculcavit.

2095 5089 2185 5160 45)
2235 5089 2554 5162 ’ΛρμονΙαν
2582 5095 2695 5165 τὴν
2724 5095 2937 5167 ψυχὴν
2958 5092 3133 5151 εἶναι.
3174 5097 3467 5168 -Δρμονίαν
3496 5090 3579 5148 εἴ·

2000 5176 2089 5215 ναι
2108 5160 2420 5284 τὴνᾶωχήν,
2457 5163 2518 5218 υ.
2554 5165 2605 5224 1.
2637 5165 2701 5220 A.
2737 5172 2787 5233 1,
2807 5168 2937 5229 2,5.
2966 5167 3078 5224 Sic.
3105 5177 3160 5221 et
3191 5179 3348 5221 antea
3381 5165 3480 5238 τῷ,
3510 5167 3583 5220 lo-

2003 5245 2065 5286 co
2096 5230 2180 5297 τό,
2259 5270 2273 5284 .
2303 5245 2356 5286 et
2376 5248 2520 5295 mox,
2543 5234 2603 5288 τὸ
2630 5235 2747 5303 τάς,
2778 5239 2936 5293 idem.
2974 5237 3140 5302 Valla,
3170 5246 3218 5290 et
3247 5238 3579 5306 disciplinas.

2003 5301 2076 5356 Er
2110 5317 2164 5367 o,
2201 5302 2311 5356 Καὶ
2338 5301 2401 5355 τὸ
2432 5301 2529 5367 τὰς
2566 5305 2846 5378 μαθήσεις.

2096 5370 2188 5443 46)
2230 5371 2463 5438 Ψεῦδος
2491 5373 2605 5444 ἄρα
2636 5374 2703 5429 τὸ
2737 5376 2869 5445 τήν.
2906 5375 3156 5441 ἱ1>ἐυδῶς,
3194 5375 3314 5431 loco
3362 5375 3573 5447 ψεῦδος,
3643 5377 3651 5384 “

2003 5440 2068 5496 A.
2106 5441 2156 5494 1.
2192 5441 2335 5522 Alex,
2359 5443 2440 5497 ἔτι
2472 5445 2521 5499 εἰ
2560 5445 2659 5516 μὲν
2682 5445 2849 5518 ψυχή,
2884 5445 2950 5500 A.
2985 5445 3042 5501 2.
3072 5447 3195 5500 Ἔτι
3224 5449 3260 5519 ἠ
3300 5447 3403 5519 μὲν
3433 5446 3581 5519 ψυχὴ

1999 5512 2361 5582 ἐναντιουται,
2394 5511 2460 5568 Ν.
2492 5514 2603 5570 Hoc
2632 5527 3003 5588 argumentum
3043 5515 3200 5575 Plato
3238 5519 3409 5574 rel'ert
3455 5519 3494 5572 l.
3526 5533 3579 5584 ι,

2004 5594 2106 5652 cap
2158 5584 2247 5638 43.
