3725 6125
1149 302 1436 360 nontua
1475 301 1541 358 tt.
1579 302 1671 356 DE
1703 299 2072 358 OEGONOtto
2110 298 2553 368 tNtQtJt'ra'rts.

3351 298 3456 357 186

278 425 396 478 Ka).
429 424 520 476 ἵνα
539 417 858 493 καταμάθῃς
879 416 1147 489 ἀκριὸὧς,
1179 419 1265 472 ὅτι
1288 419 1473 490 νόμοις
1503 419 1786 473 ὑπόκεισαι
1815 424 1859 479 Α
1959 417 2077 484 Quo
2101 427 2281 473 autern
2324 416 2535 485 plenius
2563 415 2775 480 discas,
2821 413 3034 486 tegibus
3068 411 3225 469 te'ac
3262 413 3457 486 regulis

205 516 311 572 καὶ
337 513 531 567 κανόσι
556 510 911 573 δεσποτικαῖς,
942 506 1063 562 καθ’
1102 506 1195 572 οὖς
1225 526 1285 562 σε
1320 510 1594 581 προσῆκεν
1625 510 1782 579 ἀκρι-

209 606 332 670 6ῶς
355 601 631 675 διορθοῦν·
669 597 780 653 ἀπὸ
809 598 1008 652 σαυτοῦ
1058 598 1274 672 πρῶτον
1306 600 1659 670 κατανόησον,
1697 600 1780 652 ὅτι

215 697 320 752 καὶ
350 695 416 747 τδ
464 690 612 761 σῶμα
635 705 751 752 σου,
778 688 871 742 καὶ
921 688 958 759 η
985 687 1132 760 ψυχὴ
1184 686 1522 759 πανταχόθεν
1557 690 1665 750 τοῖς
1686 686 1783 756 τῆς

221 787 425 857 ἀρετῆς
447 781 715 835 ὑπόκειται
753 778 1225 850 παραγγέλμασιν,
1279 781 1374 833 καὶ
1418 780 1535 833 οὐδὲ
1586 776 1781 831 σαυτοῦ

226 869 408 941 κύριος
427 862 506 920 εί·
537 865 673 919 ἀλλὰ
729 864 1007 935 προσῆκέν
1053 882 1113 918 σε
1170 868 1474 937 οἰκονομεῖν
1503 867 1598 920 καὶ
1628 864 1783 933 λόγον

225 962 311 1013 καὶ
334 957 543 1029 πρᾶξιν,
574 958 671 1011 καὶ
702 959 811 1011 πᾶν
849 958 947 1028 τῆς
991 956 1136 1027 ζωῆς
1180 974 1272 1010 σου
1297 957 1521 1028 κίνημα.
1553 953 1784 1019 Ἐλαὸες

218 1047 366 1117 σῶμα
395 1048 547 1120 παρὰ.
590 1046 684 1100 τοῦ
719 1046 1021 1113 κτίσαντος,
1074 1049 1140 1099 ἐκ
1173 1045 1380 1100 πολλῶν
1410 1046 1611 1118 μορίων
1658 1061 1786 1113 συγ-

210 1139 478 1209 κείμενον,
537 1137 637 1192 καὶ
684 1138 847 1192 πέντε
892 1138 1210 1209 αἰσθήσεσιν
1263 1141 1343 1202 εἰς
1373 1138 1469 1202 τὰς
1503 1138 1602 1207 τῆς
1640 1138 1784 1209 ζωῆς

204 1228 393 1301 χρείας
425 1228 896 1299 οἰκονομούμενον.
946 1227 1067 1281 Εἰσὶ
1086 1227 1141 1281 δὲ
1178 1227 1297 1281 οὐδὲ
1321 1222 1479 1281 αὗται
1515 1226 1784 1296 ἐλεύθεροι

205 1318 299 1373 καὶ
329 1319 651 1389 αὐτόνομοι·
689 1318 802 1372 ἀλλ’
834 1317 1040 1388 ἑκάστη
1069 1318 1229 1389 δούλη
1273 1318 1452 1388 νόμων
1484 1318 1629 1371 ἐστίν
1673 1317 1785 1371 Καὶ

206 1411 425 1482 πρῶτος
475 1410 661 1464 ἀκούει
709 1409 1002 1480 ὀφθαλμός·
1051 1410 1223 1464 Βλέπε
1253 1409 1434 1479 φύσιν,
1470 1410 1564 1462 καὶ
1593 1408 1784 1479 θεώρει

205 1501 244 1555 ἃ
274 1500 491 1571 βλέπειν
517 1500 681 1555 καλόν
701 1518 716 1531 ·
773 1500 943 1571 ἥλιον,
976 1502 1156 1555 πᾶσαν
1192 1501 1291 1570 τὴν
1318 1499 1642 1570 οἰκουμένην
1672 1516 1785 1567 φω-

207 1590 461 1656 τίζοντα’
498 1593 747 1663 σελήνην,
800 1591 859 1644 τὸ
900 1590 1238 1662 σκυθρωπὸν·
1275 1593 1369 1645 καὶ
1425 1588 1663 1659 ζοφῶδες
1685 1587 1785 1658 τῆς

208 1679 404 1742 νυκτδς
459 1678 941 1746 καταυγάξουσαν·
1000 1680 1127 1741 τοὺς
1174 1678 1365 1741 ἄλλους
1415 1677 1670 1747 ἀστέρας,
1721 1676 1783 1728 οὐ

1885 508 2075 577 subjici
2107 508 2436 571 Dominicis,
2480 505 2544 560 ad
2581 521 2703 575 quae
2742 506 2925 561 omnia
2955 504 3143 561 sedulo
3178 504 3456 574 dirigenda

1885 599 2012 664 sint,
2040 599 2267 667 teipsum
2313 599 2367 652 in
2413 597 2603 667 primis
2634 597 2844 650 intuere
2882 604 2938 650 et
2968 595 3277 660 considera,
3310 606 3369 649 ιιι
3400 604 3459 652 et

1883 703 2083 757 corpus
2112 697 2168 741 ct
2218 688 2397 741 anima
2463 688 2817 758 undequaque
2838 686 3056 741 virtutis
3078 694 3363 741 teneantur
3383 684 3461 741 ie-

1883 779 2059 849 gibus,
2094 792 2268 847 neque
2319 777 2395 831 tui
2447 778 2559 848 ipse
2612 778 2861 832 dominus
2906 777 3023 843 sis;
3063 780 3155 833 sed
3190 793 3312 833 cum
3341 792 3459 833 ser·

1884 885 2000 937 mo,
2070 879 2181 925 tum
2242 871 2516 935 actiones,
2571 878 2733 939 atque
2790 870 2925 925 adeo
2971 871 3276 940 quicunque
3336 870 3459 925 vitae

1885 971 2064 1017 motus
2088 1000 2104 1024 ,
2148 970 2297 1015 certa
2330 961 2425 1015 tibi
2468 960 2587 1031 lege
2620 959 2847 1015 habendi
2876 961 3003 1016 sint.
3038 959 3305 1031 Accepisti
3338 974 3460 1015 cor-

1885 1065 1985 1120 pus
2016 1064 2044 1102 a
2080 1046 2369 1112 creatore,
2400 1062 2466 1103 ex
2501 1048 2745 1118 pluribus
2790 1049 3033 1116 partibus
3071 1049 3456 1117 compositum,

1884 1152 1939 1196 et
1959 1141 2199 1209 quinque
2224 1140 2475 1196 sensibus
2503 1141 2569 1194 ad
2594 1156 2749 1196 usum
2776 1141 3320 1209 commoditatentque
3336 1140 3459 1194 vitae

1886 1231 2228 1285 instructum.
2255 1232 2324 1285 At
2360 1246 2535 1301 neque
2571 1232 2669 1301 ipsi
2706 1231 2862 1286 liberi
2897 1242 3055 1295 sunt,
3092 1246 3156 1285 ac
3182 1232 3263 1285 sui
3299 1231 3457 1301 juris,

1885 1322 1980 1377 sed
2023 1322 2134 1377 suis
2169 1321 2400 1391 quisque
2429 1322 2639 1392 tegibus
2675 1323 3017 1393 astringitur.
3063 1322 3276 1376 Primus
3300 1321 3353 1375 in
3380 1324 3460 1377 eis

1887 1413 2036 1467 audit
2084 1413 2273 1468 ocutus
2310 1412 2423 1483 (tt)
2459 1432 2473 1467 ι
2508 1412 2777 1468 Contuere
2807 1423 3051 1468 naturam
3084 1452 3099 1477 ,
3142 1429 3205 1468 ac
3236 1428 3296 1468 ea
3332 1427 3461 1468 con-

1889 1501 2167 1573 templare,
2194 1519 2313 1572 quae
2332 1506 2470 1559 bene
2495 1519 2558 1560 ac
2578 1508 2803 1561 honeste
2824 1506 2986 1560 videri
3009 1512 3247 1574 queant3
3272 1503 3461 1570 sotem,

1890 1604 2159 1650 terrarum
2194 1595 2380 1649 orbem
2411 1595 2856 1663 coitustrantem;
2913 1597 3095 1650 lunam
3122 1636 3136 1661 ,
3175 1595 3380 1650 tristem
3410 1602 3466 1650 et

1890 1686 2172 1741 obscuram
2202 1687 2376 1742 noctis
2410 1685 2601 1742 faciem
2633 1687 3056 1750 illuminantcnt;
3101 1687 3286 1743 stelias
3308 1694 3467 1741 caete-

213 1770 350 1822 πολῦ
382 1769 498 1837 μὲν,
528 1768 647 1820 οὑδὲ
669 1767 933 1840 αὔταρκες
970 1772 1100 1840 ἡμῖν
1155 1770 1214 1823 το
1262 1771 1389 1842 παρ’
1422 1767 1626 1822 ἑαυτῶν
1670 1766 1785 1836 φῶς
1817 1758 1859 1813 B
1888 1793 1974 1832 ras
1996 1818 2011 1841 ,
2037 1778 2290 1845 exiguum
2311 1818 2327 1844 ,
2354 1778 2472 1834 ilias
2515 1778 2729 1849 quidem
2761 1794 2935 1848 neque
2974 1778 3125 1832 nobis
3161 1776 3454 1844 sufficiens,

219 1858 587 1930 χορηγοῦντας
604 1875 618 1888 ·
657 1857 791 1929 πλὴν
822 1860 883 1911 τὸ
921 1860 1113 1925 κάλλος
1133 1861 1161 1913 ὃ
1195 1860 1400 1931 ἔλαχον,
1436 1856 1786 1913 ἀποστίλῆον-

222 1966 346 2014 τας.
377 1946 580 2019 Θεὼρει
616 1949 741 2019 γῆν,
786 1953 969 2017 φυτοῖς
1026 1951 1383 2004 παντοδαπέσι
1418 1952 1511 2003 καὶ
1535 1949 1786 2021 βοτάναις

227 2036 484 2107 κομῶσαν
527 2036 800 2089 Θάλασσαν
847 2036 1201 2107 ηπλωμένην,
1255 2039 1327 2101 ὡς
1359 2040 1532 2091 πεδίον
1563 2036 1784 2108 ὁμαλὲς,

226 2128 357 2180 ὅταν
392 2128 468 2191 εἰς
520 2125 767 2197 καθαρὰν
816 2125 1058 2195 γαλήνην
1091 2130 1260 2197 παγῇ.
1291 2128 1382 2189 Εἰς
1421 2125 1697 2180 ταῦτακαὶ
1721 2126 1788 2178 τὰ

224 2218 448 2271 τοιαῦτα
493 2216 876 2287 κατακέχρησο
919 2214 996 2286 τῷ
1046 2216 1179 2286 όρᾷν
1201 2233 1214 2247 ·
1246 2216 1342 2279 τὰς
1366 2216 1420 2268 δὲ
1452 2216 1612 2279 ἄλλας
1636 2215 1783 2280 θέας,

215 2310 341 2364 ὅσαι
371 2308 458 2361 διὰ
481 2311 581 2378 τῆς
613 2302 792 2378 ὄψεως
818 2308 916 2374 τὴν
975 2306 1178 2377 β).ά6ην
1225 2307 1565 2375 ἐπεισάγουσι
1589 2311 1654 2381 τῇ
1692 2308 1789 2379 ψυ-

213 2402 306 2469 χῇ,
339 2397 505 2467 φεῦγε
551 2396 646 2449 καὶ
699 2396 1030 2467 παράτρεχε,
1070 2396 1164 2449 καὶ
1223 2396 1447 2449 ἐπιτίθει
1479 2397 1659 2468 σαυτῷ
1689 2398 1789 2452 κά·

211 2490 420 2559 λυμμα,
453 2488 540 2540 ἰ’να
572 2488 647 2557 μὴ
678 2486 871 2557 βλέπῃ.
912 2486 1128 2539 Βέλτιον
1158 2487 1265 2557 γὰρ
1300 2489 1544 2542 σκοτίσαι
1577 2490 1676 2561 τὴν
1699 2489 1786 2543 αἶ-

215 2582 424 2659 σθησιν,
459 2579 586 2632 ὅταν
611 2577 720 2630 τῶν
751 2577 928 2647 ἔργων
955 2577 1048 2630 τοῦ
1084 2578 1304 2641 σκότους
1332 2580 1428 2651 τὴν
1449 2580 1627 2635 αἰτίαν
1655 2598 1790 2653 παρ-

216 2672 352 2743 έχει.
382 2669 479 2724 Διά
503 2668 662 2723 τοῦτο
689 2668 818 2739 χθὲς
847 2667 1030 2737 ἔλεγεν
1073 2671 1202 2740 ἡμῖν
1231 2672 1259 2723 ὀ
1300 2671 1500 2742 Κύριος
1530 2671 1617 2725 διὰ
1645 2672 1793 2725 Ματ·

219 2761 374 2815 θαίου
400 2777 413 2791 ·
443 2759 564 2825 Πᾶς
589 2763 620 2814 ὁ
653 2760 902 2825 βλέπων
923 2759 1176 2830 γυναῖκα
1229 2761 1378 2829 πρὸς
1404 2762 1469 2815 τὸ
1505 2762 1790 2833 ἐπιθυμῆ-

224 2868 351 2915 σαι,
402 2850 517 2919 ἤδη
550 2852 900 2919 ἐμοίχευσεν
920 2850 1114 2919 αὐτὴν
1149 2853 1219 2905 ἐν
1270 2852 1345 2921 τῇ
1387 2854 1634 2923 καρδίᾳ·
1695 2856 1790 2909 καὶ

229 2943 432 3013 βέλτιον
482 2942 767 2996 ἐκκόπτειν
810 2943 992 3010 αὑτὸν,
1047 2945 1174 2997 ὅταν
1216 2944 1426 2999 ἄτακτα
1474 2945 1645 3019 βλέπῃ
1696 2948 1789 3002 καί1

223 3032 502 3105 ἐπιζήμια.
537 3034 647 3088 Καὶ
668 3034 868 3106 ἠάκοὴ
895 3034 1326 3108 παραγγέλματα
1363 3035 1638 3092 κωλυτικά
1670 3039 1791 3095 πά-

221 3143 322 3197 σης
353 3124 573 3198 [κακῆς]
621 3126 951 3197 ἀκροάσεως.
1006 3127 1126 3198 Χρὴ
1157 3128 1266 3199 γὰρ
1307 3128 1502 3199 αὐτὴν,
1529 3129 1659 3183 ὅταν
1691 3131 1787 3202 μὲν
1814 3093 1857 3150 C

218 3216 438 3286 ἀγαθῶν
457 3235 618 3270 τινων
645 3216 836 3290 ἀκούῃ,
884 3218 1342 3291 ἀναπεπταμένην
1399 3214 1560 3284 εἶναι,
1592 3224 1687 3275 καὶ
1722 3223 1788 3277 δι’

217 3308 414 3378 ἑαυτῆς
448 3310 517 3378 τῇ
550 3307 693 3378 ψυχῇ
727 3307 1115 3381 παραπέμπειν
1143 3310 1253 3363 τῶν
1298 3311 1683 3382 συμφερόντων
1707 3313 1793 3377 λό-

217 3414 331 3466 γων
360 3397 460 3467 τὴν
489 3396 758 3467 αἴσθησιν.

291 3482 356 3533 Εἰ
383 3481 440 3534 δέ
465 3499 547 3544 τις
575 3482 772 3541 κακίας
817 3483 1049 3554 ἑταῖρος,
1082 3483 1176 3536 καὶ
1200 3480 1408 3555 λοιμὸς,
1470 3488 1563 3539 καί
1597 3486 1792 3557 φθόρος

220 3568 528 3641 πλησιάσας
557 3569 716 3642 αὐτῇ,
745 3571 1024 3624 έπαντλεῖν
1058 3571 1237 3641 μέλλει
1269 3573 1369 3642 τῆς
1404 3574 1676 3644 ἀμαρτίας
1701 3577 1792 3629 τὸν

222 3661 504 3735 βόρὸορον,
555 3662 633 3714 δεῖ
662 3665 881 3731 φεύγειν
908 3665 1086 3725 αὐτὸν,
1115 3664 1189 3726 ὡς
1223 3663 1422 3718 ἰοὸόλον
1450 3663 1653 3736 θηρίον.
1688 3667 1794 3720 Σω-

228 3753 497 3824 φρονεὶτω
518 3754 656 3824 καὶὴ
677 3755 894 3822 γλῶσσα
931 3755 1068 3824 μετὰ
1094 3754 1188 3807 τοῦ
1231 3754 1495 3825 στόματος
1519 3771 1534 3786 ·
1569 3756 1792 3812 λαλείτω

235 3843 310 3894 τὰ
335 3842 539 3895 δίκαια·
569 3842 670 3896 τῶν
693 3844 748 3897 δὲ
791 3845 1253 3916 ἀπηγορευμένων
1285 3845 1593 3917 ἀπεχέσθω,
1618 3847 1790 3904 λοιδο-

243 3932 390 4003 ριῶν,
417 3937 796 3999 συκοφαντιῶν,
846 3937 1179 4008 κατηγορίας
1209 3938 1416 4004 ἀδίκου,
1464 3939 1792 4004 καταλαλιᾶς

227 4022 325 4093 τῆς
357 4021 494 4076 κατὰ
524 4023 629 4076 τῶν
661 4023 924 4094 ἀδελφῶν,
966 4025 1311 4097 βλασφημίας
1342 4027 1439 4099 τῆς
1467 4029 1604 4099 πρὸς
1626 4028 1789 4083 Θεόν·

223 4111 540 4180 φθεγγέσθω
567 4114 624 4168 δὲ
648 4117 749 4169 ὅσα
768 4115 1008 4188 εὔφημα,
1047 4118 1147 4171 ὅσα
1166 4117 1384 4189 εὐσεόῆ,
1414 4119 1515 4173 ὅσα
1542 4121 1790 4192 πράξεων

1886 1883 1950 1922 ex
1985 1883 2105 1923 sese
2147 1867 2328 1924 lumen
2360 1871 2693 1938 praebeutes;
2729 1883 2912 1924 verum
2942 1870 3083 1938 quod
3132 1868 3291 1923 decus
3315 1882 3466 1923 acce·

1885 1968 2083 2028 perunt
2143 1975 2208 2014 ac
2263 1961 2526 2031 speciem,
2593 1960 2945 2028 ejaculantes.
3012 1960 3205 2030 Aspice
3267 1971 3462 2014 terram

1886 2049 2079 2120 plantis
2113 2051 2415 2119 omnigenis
2452 2051 2742 2120 herbisque
2792 2059 3137 2117 comantem;
3187 2066 3251 2107 ac
3296 2063 3463 2115 mare,

1886 2142 2202 2213 aequabilem
2236 2144 2288 2195 in
2336 2141 2615 2212 planitiem
2655 2157 2952 2213 expansum
2976 2182 2993 2207 ,
3032 2143 3122 2197 uhi
3162 2158 3293 2213 pura
3322 2152 3469 2197 tran-

1888 2234 2126 2306 quillitas
2160 2234 2353 2288 stravit
2382 2247 2447 2287 ac
2494 2233 2630 2287 fixit.
2671 2233 2727 2287 ln
2763 2233 2848 2287 his
2895 2248 2955 2287 ac
2990 2233 3295 2302 hujusmodi
3349 2234 3466 2289 visu

1887 2337 2074 2390 ικοιος
2132 2324 2335 2393 reliqua
2389 2338 2519 2378 vero
2574 2324 2881 2394 spectacula
2932 2338 3052 2392 quae
3114 2339 3180 2377 ex
3245 2333 3465 2394 aspectu

1889 2431 2082 2471 noxam
2112 2416 2292 2469 animo
2333 2413 2604 2477 inserunt,
2630 2412 2753 2483 fuge
2780 2427 2845 2468 ac
2909 2421 3265 2481 praetercnrre
3290 2452 3306 2477 ,
3343 2413 3467 2467 tibi-

1889 2521 1994 2576 que
2014 2505 2153 2575 ipse,
2183 2515 2240 2558 ιιι
2263 2520 2329 2558 ne
2354 2503 2538 2558 videas
2556 2543 2573 2568 ,
2605 2502 2784 2556 velum
2806 2503 3079 2557 obducito.
3113 2502 3295 2557 Satius
3318 2504 3464 2559 enim

1888 2599 2067 2653 sensui
2101 2598 2351 2652 tenebras
2379 2595 2666 2660 inducere,
2712 2610 2871 2665 quam
2911 2595 3163 2663 operibus
3209 2594 3462 2649 tenebra·

1890 2704 2009 2744 rum
2032 2688 2373 2743 occasionem
2402 2687 2661 2756 praebere.
2702 2683 2909 2739 Idcirco
2939 2685 3094 2738 nohis
3132 2683 3246 2738 heri
3282 2684 3463 2738 Domi·

1889 2795 1990 2835 nus
2014 2779 2249 2834 Matthaei
2280 2794 2375 2833 ore
2406 2776 2621 2832 dicebat
2650 2798 2665 2833 2
2697 2775 3007 2846 Quicunque
3049 2775 3239 2830 viderit
3287 2776 3464 2831 muli&

1891 2888 1997 2925 rem
2027 2870 2095 2924 ad
2130 2868 2633 2939 concupiscendum,
2662 2866 2777 2935 jour
2821 2866 3108 2919 moechotus
3149 2873 3226 2919 est
3264 2880 3379 2920 eam
3410 2864 3467 2919 in

1891 2963 2045 3015 corde
2072 2976 2165 3014 suo
2188 2961 2228 2991 ¹⁷
2264 2979 2276 3014 :
2316 2967 2640 3029 praestatque
2655 2955 2971 3012 exscindere
3003 2956 3208 3025 ipsum,
3249 2970 3368 3008 cum
3401 2957 3466 3008 ad

1890 3050 2030 3106 foeda
2059 3067 2123 3108 ac
2146 3051 2300 3107 noxia
2331 3048 2599 3120 aspicit¹⁸.
2640 3046 2746 3103 Sed
2778 3058 2829 3103 et
2861 3048 3006 3104 auris
3027 3046 3223 3100 tnalum
3252 3058 3463 3098 omnem

1890 3143 2139 3196 auditum
2192 3141 2532 3211 prohibentia
2559 3141 2603 3212 (1
2618 3139 2671 3210 δ)
2709 3148 2973 3209 prmo-pta
3006 3137 3173 3192 audit.
3199 3137 3279 3191 Ad
3305 3150 3467 3192 sanos

1891 3234 2034 3289 enim
2070 3233 2345 3303 bonosque
2374 3247 2656 3288 sermones
2705 3242 2915 3302 oportet
2956 3242 3194 3301 apertam
3227 3245 3367 3295 esse,
3404 3244 3466 3285 ac

1891 3323 1943 3377 in
1981 3326 2217 3379 animum
2245 3364 2261 3390 ,
2301 3339 2399 3378 suo
2429 3324 2599 3393 ipsam
2630 3339 2834 3390 organo
2862 3322 3012 3377 velut
3038 3322 3187 3386 tubo,
3209 3321 3466 3376 conduct-

1887 3416 2074 3472 biiium
2106 3431 2413 3472 sermonum
2444 3430 2659 3470 sensum
2683 3414 3070 3468 transmittere.

1960 3509 2030 3561 At
2056 3507 2100 3561 si
2135 3510 2254 3576 quis
2280 3508 2531 3561 vitiorum
2567 3505 2770 3561 assecla
2796 3547 2810 3567 ,
2842 3503 3202 3573 pestilensque
3241 3516 3304 3555 ac
3336 3515 3461 3569 per-

1891 3599 2126 3654 niciosus
2153 3601 2369 3669 propius
2399 3601 2641 3663 accedat,
2667 3598 2871 3666 pcccati
2902 3593 3181 3648 infusurus
3228 3606 3463 3654 coenum,

1890 3688 2175 3759 fugiendus
2202 3690 2288 3743 iile
2315 3699 2476 3758 atque
2506 3690 2760 3743 vitandus
2780 3730 2795 3753 ,
2835 3686 2975 3740 haud
3008 3701 3164 3739 secus
3192 3695 3351 3751 atque
3374 3698 3462 3737 ve·

1890 3793 2124 3834 nenosus
2150 3792 2394 3846 serpens.
2425 3776 2497 3833 Os
2525 3778 2688 3831 etiam
2720 3791 2782 3829 ac
2820 3775 2995 3842 lingna
3032 3774 3289 3842 castigata
3316 3773 3418 3826 sint
3444 3813 3460 3837 ,

1890 3878 1950 3923 ut
1977 3870 2113 3922 bona
2163 3877 2368 3921 tantum
2403 3877 2457 3921 et
2501 3868 2721 3920 honesta
2771 3874 3053 3934 promant·¹
3094 3879 3122 3917 a
3159 3864 3316 3918 t'oedis
3338 3879 3462 3918 vero

1888 3959 2173 4028 vetitisque
2216 3957 2558 4021 abstineant;
2588 3971 2778 4026 nempe
2806 3971 2833 4008 a
2863 3953 3130 4009 conviciis
3154 3994 3170 4019 ,
3198 3968 3225 4006 a
3256 3949 3461 4008 calum-

1890 4049 1995 4103 niis
2017 4087 2032 4113 ,
2058 4048 2241 4118 iniqua
2266 4048 2675 4113 criminatione,
2705 4046 3035 4101 detractione
3069 4048 3327 4100 adversus
3356 4043 3460 4099 fra·

1892 4148 2034 4204 tres,
2072 4153 2136 4192 ac
2174 4138 2505 4209 blasphemia
2547 4147 2733 4193 contra
2778 4136 2976 4203 Deum,
3010 4151 3304 4205 eorumque
3345 4136 3463 4192 ioco

221 4204 442 4272 ἅΥαθῶν
475 4204 588 4275 ἐκεῖ
609 4205 709 4276 τὴν
731 4207 1064 4278 σνμθονλῆν·
1104 4209 1197 4261 '‘⁶²²-
1224 4208 1428 4291 λεῖέῖω
1453 4211 1559 4273 πᾶς
1584 4210 1791 4282 ἅνθρω·
1888 4226 2188 4299 proi'erant,
2220 4228 2263 4283 si
2297 4244 2400 4298 qua
2427 4227 2564 4282 buna
2591 4268 2607 4292 ,
2641 4229 2685 4282 si
2716 4242 2818 4296 qua
2845 4229 2951 4295 pia,
2987 4226 3032 4280 si
3064 4241 3168 4294 qua
3203 4226 3460 4280 bonarum

223 4312 326 4358 ποῖ
359 4295 425 4348 τὰ
450 4296 540 4349 τοῦ
585 4297 937 4367 ῚεΡαῖθᾶλτον·
966 4295 1147 4351 Εἷπα·
1187 4298 1439 4363 Φυλάξω
1476 4300 1582 4365 τὰς
1614 4299 1791 4365 ὁδούς
1892 4320 2164 4374 actionum
2204 4320 2486 4373 consilium
2533 4319 2765 4373 habeant
2812 4333 2874 4371 ac
2905 4317 3255 4371 incentivum.
3306 4316 3459 4372 Sacri

215 4402 360 4454 μου,
400 4385 505 4441 τοῦ
528 4387 615 4455 μὴ
644 4387 1090 4457 ἅμαρτάνοινμο
1121 4390 1189 4443 ὲν
1222 4387 1472 4458 raabam
1505 4408 1617 4459 μου
1643 4406 1660 4422 “
1697 4390 1790 4445 καὶ
1820 4423 1864 4476 1)
1892 4406 2086 4462 Psaitae
2113 4408 2340 4476 quisque
2372 4408 2484 4462 haec
2506 4415 2725 4476 usurpet
2756 4419 2772 4460 t
2808 4405 2931 4459 Dixi
2967 4420 2985 4458 .·
3017 4402 3321 4460 Custodiam
3348 4404 3461 4459 tias

220 4475 303 4537 τὸν
339 4475 475 4541 Τοῖς
501 4475 809 4544 Τλώοσοίς
830 4477 1029 4533 αὐτῶν
1051 4479 1440 4535 ἐδολιοῦσαν·
1471 4480 1564 4533 καὶ
1594 4480 1676 4543 τοι
1731 4481 1790 4534 Τ(
1892 4513 2069 4559 meua,
2110 4505 2165 4550 ut
2200 4514 2301 4550 non
2343 4497 2640 4567 delinquam
2673 4498 2724 4550 iu
2767 4495 2945 4565 linqua
2980 4510 3093 4548 ntea
3118 4494 3183 4560 ¹’;
3219 4505 3312 4549 et:
3341 4494 3460 4550 Litt-

221 4563 525 4635 ὲνκοοχᾷς
553 4567 624 4619 ἐν
647 4570 840 4635 κακίᾳ,
890 4572 924 4623 ο
963 4569 1217 4635 δυνατὸς
1264 4570 1557 4640 &willari
1600 4571 1793 4637 Ὅλην
1892 4585 2006 4654 quia
2047 4588 2157 4639 auis
2185 4586 2362 4639 dolose
2392 4587 2609 4655 ayebant
2645 4585 2803 4654 ”3ac
2842 4594 3102 4654 praeterea
3135 4599 3150 4637 τ
3179 4583 3319 4649 Quid
3343 4585 3459 4656 910·

221 4654 336 4724 τὴν
362 4656 592 4725 ἡμέραν
633 4658 870 4714 deantur
910 4660 1230 4730 mortuam
1284 4663 1321 4729 ⁷⁰1
1346 4661 1598 4730 Τλῶοσά
1635 4676 1750 4716 σου
1776 4678 1789 4692 ’
1895 4676 2053 4730 rioria
2084 4678 2140 4730 in
2168 4676 2371 4730 memte
2391 4718 2405 4742 ,
2426 4678 2515 4746 qui
2530 4686 2708 4743 potem
2732 4692 2785 4730 es
2808 4676 2862 4729 in
2877 4674 3193 4740 iniquitute?
3216 4672 3343 4728 Tota
3376 4675 3460 4729 Δία

218 4746 360 4801 (ὅσοι
391 4747 580 4815 ξυρὸν
609 4748 983 4820 ἠκονημένον
1006 4751 1293 4818 ἐποίησας
1316 4751 1517 4808 δόλον·
1547 4750 1796 4804 Γενέσθω
1894 4767 2208 4837 injustitiam
2236 4767 2483 4837 coyitavit
2507 4767 2686 4837 linqua
2719 4776 2812 4821 tua
2835 4781 2853 4818 .·
2877 4767 3013 4820 sicut
3039 4767 3287 4820 nouacula
3303 4775 3459 4820 acuta

220 4836 331 4890 *ὧν
360 4836 711 4904 ὠφελούντων
740 4840 801 4893 τὸ
852 4841 1045 4912 στόμα·
1104 4841 1471 4911 Σωφρωνῑίτω
1495 4841 1644 4911 καὶῆ
1686 4839 1790 4911 ῥὶς·
1899 4857 2069 4925 fecisti
2115 4858 2376 4912 dolum'¹.
2409 4857 2599 4913 Gustet
2632 4874 2695 4914 os
2747 4874 2866 4929 quae
2910 4858 3266 4913 conducibilia
3310 4867 3454 4913 sunt.

227 4925 302 4998 μὴ
331 4928 541 4999 τρυφὴν
569 4929 657 4982 ἀεὶ
676 4929 1093 5002 ὀσφρῧῑνομένην
1125 4935 1260 5003 μήτε
1287 4931 1471 5002 μύρων
1491 4931 1792 4986 πολυτελῶν
1898 4946 1976 5003 Ac
2005 4949 2226 5003 naribus
2259 4964 2472 5020 quoque
2502 4964 2564 5005 ac
2590 4950 2835 5004 odoratui
2885 4950 3072 5004 modus
3114 4949 3457 5012 adhibeatur,

221 5020 425 5092 ἀτμοὺς
457 5019 678 5085 εὐώδεις
728 5024 820 5077 ἐπὶ
860 5022 961 5090 τὴν
1005 5022 1242 5093 κεφαλὴν
1296 5022 1612 5076 ἅνέλκονσα·
1670 5021 1792 5075 Τῶν
1900 5053 1967 5094 ne
1991 5039 2246 5109 voluptati
2289 5040 2481 5095 deditae
2526 5039 2748 5095 ninnium
2776 5041 2917 5102 sint,
2963 5046 3460 5108 unguentorumque

327 5183 369 5214 ⁸⁷
393 5182 587 5237 Matth.
629 5197 681 5249 v,
721 5182 810 5236 28.
884 5182 927 5214 ¹⁸
949 5181 1135 5237 Matth.
1168 5199 1298 5237 xvm
1319 5225 1334 5248 ,
1361 5186 1415 5242 8.
1495 5187 1538 5219 ¹⁹
1577 5186 1717 5243 Psal.
1744 5201 1927 5255 xxxvi,
1958 5190 2012 5247 8.
2089 5192 2135 5225 ’⁰
2157 5190 2299 5247 Psal.
2330 5207 2381 5260 v,
2415 5193 2503 5249 Η.
2578 5193 2620 5225 '¹
2649 5192 2788 5248 Psal,
2812 5210 2885 5260 ιι,
2910 5195 2967 5259 3,
3005 5193 3060 5248 t.

291 5298 404 5364 (ib)
445 5297 606 5376 Audit
660 5298 877 5360 oculus,
927 5296 1157 5376 πρῶτος
1204 5301 1409 5354 ἀκούει
1460 5301 1788 5370 ὀφθαλμός.
1893 5302 2029 5357 sacta
2058 5319 2122 5357 ex
2154 5319 2214 5357 ea
2246 5304 2346 5359 t'uit
2372 5321 2474 5361 vox
2512 5307 2730 5378 πάσης·
2783 5322 2901 5376 quae
2943 5305 3088 5362 nuiio
3119 5305 3455 5362 incommodo

223 5368 374 5433 Quod
423 5368 640 5420 auditus
689 5380 884 5418 sensus
940 5378 1014 5419 stt
1059 5369 1370 5437 disciplinam,
1426 5369 1548 5436 jure
1602 5372 1792 5426 merito
1892 5373 2081 5425 abesse
2109 5383 2303 5440 potest.
2328 5376 2542 5443 Alioqui
2577 5393 2702 5431 vero
2723 5392 2825 5431 non
2852 5385 3059 5431 constat
3084 5389 3275 5431 sensus
3296 5375 3454 5429 Asto-

226 5438 464 5490 Asterius
502 5435 601 5503 ipsi
659 5433 814 5485 ocuto
849 5449 913 5486 ac
956 5439 1204 5492 sensibus
1254 5440 1474 5508 reliquis
1516 5438 1789 5494 Dotninica
1891 5441 1991 5495 rio.
2036 5439 2151 5496 Non
2189 5444 2331 5496 enitn
2381 5445 2559 5498 divina
2610 5444 2696 5500 lex
2734 5446 2951 5500 omnino
2997 5445 3150 5501 nobis
3175 5447 3452 5500 obturatas

225 5516 526 5574 praecepta,
574 5517 693 5572 quae
732 5502 985 5570 audiant,
1029 5507 1082 5561 id
1125 5517 1238 5573 est,
1285 5512 1611 5578 percipiant,
1666 5524 1792 5578 pro·
1892 5511 2203 5574 rultaures,
2230 5521 2322 5566 aut
2349 5513 2600 5582 prohihet
2626 5514 2842 5583 quidvis
2865 5515 3052 5569 audire
3082 5532 3096 5569 ε
3125 5531 3247 5569 cum
3276 5512 3451 5584 potius
3503 5502 3517 5522 ⁸

228 5575 395 5642 ponit.
1811 5624 1820 5632 .
1885 5595 2028 5648 saepe
2057 5592 2311 5646 provocet
2347 5584 2624 5647 auditum;
2662 5585 2839 5651 sitque
2881 5582 3099 5647 auditio,
3128 5583 3265 5638 sicut
3292 5580 3447 5640 visio.

291 5642 406 5708 (¹5)
442 5639 645 5697 lulum
694 5662 892 5702 oninem
942 5645 1180 5698 auditum
1223 5647 1571 5714 prohibentia.
1633 5645 1786 5702 Addo
1883 5663 1981 5716 pro
2028 5649 2103 5703 rei
2136 5651 2330 5706 auditae
2375 5661 2469 5706 aut
2512 5650 2640 5706 visae
2680 5652 2921 5717 ratione,
2954 5652 3081 5721 quid
3124 5653 3321 5707 bonum
3355 5657 3449 5703 aut

229 5723 409 5778 rocem
447 5712 666 5784 κακῆς,
725 5730 884 5786 quam
945 5714 1181 5770 ctausaut
1237 5727 1590 5786 repraesento3
1645 5715 1784 5772 rorte
1882 5716 2103 5772 maium.

3526 3300 3552 3329 X
