<?xml version="1.0" encoding="UTF-8"?>
<!DOCTYPE html PUBLIC "-//W3C//DTD XHTML 1.0 Transitional//EN"
    "http://www.w3.org/TR/xhtml1/DTD/xhtml1-transitional.dtd">
<html xmlns="http://www.w3.org/1999/xhtml" xml:lang="en" lang="en">
 <head>
  <title>
</title>
<meta http-equiv="Content-Type" content="text/html;charset=utf-8" />
  <meta name='ocr-system' content='tesseract 3.04.00' />
  <meta name='ocr-capabilities' content='ocr_page ocr_carea ocr_par ocr_line ocrx_word'/>
</head>
<body>
  <div class='ocr_page' id='page_1' title='image "./patrologicursus103migngoog_0668.png"; bbox 0 0 3725 6125; ppageno 0'>
   <div class='ocr_carea' id='block_1_1' title="bbox 297 311 512 375">
    <p class='ocr_par' dir='ltr' id='par_1_1' title="bbox 297 311 512 375">
     <span class='ocr_line' id='line_1_1' title="bbox 297 311 512 375; baseline 0.023 -5"><span class='ocrx_word' id='word_1_1' title='bbox 297 311 427 370; x_wconf 76' lang='lat' dir='ltr'><strong>tottt</strong></span> <span class='ocrx_word' id='word_1_2' title='bbox 499 361 512 375; x_wconf 88' lang='lat'><strong>.</strong></span> 
     </span>
    </p>
   </div>
   <div class='ocr_carea' id='block_1_2' title="bbox 966 304 2919 399">
    <p class='ocr_par' dir='ltr' id='par_1_2' title="bbox 966 304 2919 399">
     <span class='ocr_line' id='line_1_2' title="bbox 966 304 2919 399; baseline 0.002 -37"><span class='ocrx_word' id='word_1_3' title='bbox 966 306 1026 363; x_wconf 83' lang='lat' dir='ltr'><strong>S.</strong></span> <span class='ocrx_word' id='word_1_4' title='bbox 1065 306 1347 364; x_wconf 73' lang='lat' dir='ltr'><strong>ANromt</strong></span> <span class='ocrx_word' id='word_1_5' title='bbox 1384 306 1454 364; x_wconf 74' lang='lat' dir='ltr'><strong>M.</strong></span> <span class='ocrx_word' id='word_1_6' title='bbox 1495 304 1792 366; x_wconf 72' lang='lat' dir='ltr'><strong>ABBA&#39;l‘lS</strong></span> <span class='ocrx_word' id='word_1_7' title='bbox 1826 305 2353 367; x_wconf 65' lang='lat' dir='ltr'><strong>Abttom&#39;rtonsss</strong></span> <span class='ocrx_word' id='word_1_8' title='bbox 2388 307 2482 363; x_wconf 79' lang='lat' dir='ltr'><strong>Ab</strong></span> <span class='ocrx_word' id='word_1_9' title='bbox 2522 306 2919 399; x_wconf 51' lang='lat' dir='ltr'><strong>nouenos.</strong></span> 
     </span>
    </p>
   </div>
   <div class='ocr_carea' id='block_1_3' title="bbox 3407 313 3552 373">
    <p class='ocr_par' dir='ltr' id='par_1_3' title="bbox 3407 313 3552 373">
     <span class='ocr_line' id='line_1_3' title="bbox 3407 313 3552 373; baseline 0.014 -1"><span class='ocrx_word' id='word_1_10' title='bbox 3407 313 3552 373; x_wconf 72' lang='lat' dir='ltr'><strong>tm</strong></span> 
     </span>
    </p>
   </div>
   <div class='ocr_carea' id='block_1_4' title="bbox 272 419 3541 498">
    <p class='ocr_par' dir='ltr' id='par_1_4' title="bbox 272 419 3541 498">
     <span class='ocr_line' id='line_1_4' title="bbox 272 419 3541 498; baseline 0.001 -15"><span class='ocrx_word' id='word_1_11' title='bbox 272 425 520 484; x_wconf 74' lang='lat' dir='ltr'><strong>oninium</strong></span> <span class='ocrx_word' id='word_1_12' title='bbox 565 419 838 477; x_wconf 86' lang='lat' dir='ltr'><strong>malorum</strong></span> <span class='ocrx_word' id='word_1_13' title='bbox 867 428 923 477; x_wconf 84' lang='lat' dir='ltr'><strong>et</strong></span> <span class='ocrx_word' id='word_1_14' title='bbox 956 421 1328 493; x_wconf 69' lang='lat' dir='ltr'><strong>iniquitatum.</strong></span> <span class='ocrx_word' id='word_1_15' title='bbox 1365 423 1422 482; x_wconf 87' lang='lat' dir='ltr'><strong>ld</strong></span> <span class='ocrx_word' id='word_1_16' title='bbox 1451 426 1616 482; x_wconf 79' lang='lat' dir='ltr'><strong>sssum</strong></span> <span class='ocrx_word' id='word_1_17' title='bbox 1647 439 1864 495; x_wconf 80' lang='lat' dir='ltr'>semper</span> <span class='ocrx_word' id='word_1_18' title='bbox 1890 428 1937 487; x_wconf 79' lang='grc' dir='ltr'><strong>Α</strong></span> <span class='ocrx_word' id='word_1_19' title='bbox 1965 424 2260 494; x_wconf 86' lang='lat' dir='ltr'><strong>dicasque:</strong></span> <span class='ocrx_word' id='word_1_20' title='bbox 2289 422 2439 478; x_wconf 80' lang='lat' dir='ltr'><strong>Talia</strong></span> <span class='ocrx_word' id='word_1_21' title='bbox 2464 424 2585 494; x_wconf 74' lang='lat' dir='ltr'><strong>feci,</strong></span> <span class='ocrx_word' id='word_1_22' title='bbox 2612 435 2660 479; x_wconf 85' lang='lat' dir='ltr'><strong>et</strong></span> <span class='ocrx_word' id='word_1_23' title='bbox 2689 425 2820 480; x_wconf 79' lang='lat' dir='ltr'><strong>talia</strong></span> <span class='ocrx_word' id='word_1_24' title='bbox 2841 425 3010 498; x_wconf 43' lang='lat' dir='ltr'><strong>qaut}</strong></span> <span class='ocrx_word' id='word_1_25' title='bbox 3038 426 3233 481; x_wconf 77' lang='lat' dir='ltr'><strong>nemini</strong></span> <span class='ocrx_word' id='word_1_26' title='bbox 3271 428 3427 484; x_wconf 62' lang='lat' dir='ltr'><strong>intui</strong></span> <span class='ocrx_word' id='word_1_27' title='bbox 3458 430 3541 485; x_wconf 86' lang='lat' dir='ltr'><strong>in-</strong></span> 
     </span>
    </p>
   </div>
   <div class='ocr_carea' id='block_1_5' title="bbox 269 510 1868 2337">
    <p class='ocr_par' dir='ltr' id='par_1_5' title="bbox 269 510 1868 2337">
     <span class='ocr_line' id='line_1_5' title="bbox 272 510 1868 588; baseline 0 -13"><span class='ocrx_word' id='word_1_28' title='bbox 272 521 329 575; x_wconf 86' lang='lat' dir='ltr'><strong>in</strong></span> <span class='ocrx_word' id='word_1_29' title='bbox 363 514 533 573; x_wconf 89' lang='lat' dir='ltr'><strong>corde</strong></span> <span class='ocrx_word' id='word_1_30' title='bbox 564 513 791 588; x_wconf 85' lang='lat' dir='ltr'><strong>babeas,</strong></span> <span class='ocrx_word' id='word_1_31' title='bbox 828 520 887 567; x_wconf 92' lang='lat' dir='ltr'><strong>ut</strong></span> <span class='ocrx_word' id='word_1_32' title='bbox 911 510 1134 569; x_wconf 87' lang='lat' dir='ltr'><strong>obedias</strong></span> <span class='ocrx_word' id='word_1_33' title='bbox 1164 513 1308 571; x_wconf 84' lang='lat' dir='ltr'><strong>Patri</strong></span> <span class='ocrx_word' id='word_1_34' title='bbox 1335 523 1464 583; x_wconf 83' lang='lat' dir='ltr'><strong>tuo;</strong></span> <span class='ocrx_word' id='word_1_35' title='bbox 1511 526 1568 573; x_wconf 90' lang='lat' dir='ltr'><strong>et</strong></span> <span class='ocrx_word' id='word_1_36' title='bbox 1601 517 1868 575; x_wconf 73' lang='lat' dir='ltr'><strong>habitabit</strong></span> 
     </span>
     <span class='ocr_line' id='line_1_6' title="bbox 274 602 1867 676; baseline -0.003 -7"><span class='ocrx_word' id='word_1_37' title='bbox 274 615 330 670; x_wconf 91' lang='lat' dir='ltr'><strong>in</strong></span> <span class='ocrx_word' id='word_1_38' title='bbox 362 621 413 666; x_wconf 93' lang='lat' dir='ltr'><strong>te</strong></span> <span class='ocrx_word' id='word_1_39' title='bbox 449 608 618 663; x_wconf 88' lang='lat' dir='ltr'><strong>timor</strong></span> <span class='ocrx_word' id='word_1_40' title='bbox 644 604 762 661; x_wconf 87' lang='lat' dir='ltr'><strong>Dei.</strong></span> <span class='ocrx_word' id='word_1_41' title='bbox 797 602 980 659; x_wconf 80' lang='lat' dir='ltr'><strong>Fratri</strong></span> <span class='ocrx_word' id='word_1_42' title='bbox 1011 612 1104 662; x_wconf 92' lang='lat' dir='ltr'><strong>tuo</strong></span> <span class='ocrx_word' id='word_1_43' title='bbox 1130 619 1199 663; x_wconf 91' lang='lat' dir='ltr'><strong>ne</strong></span> <span class='ocrx_word' id='word_1_44' title='bbox 1222 606 1550 676; x_wconf 86' lang='lat' dir='ltr'><strong>exprobres,</strong></span> <span class='ocrx_word' id='word_1_45' title='bbox 1574 608 1678 664; x_wconf 89' lang='lat' dir='ltr'><strong>etsi</strong></span> <span class='ocrx_word' id='word_1_46' title='bbox 1719 608 1867 664; x_wconf 83' lang='lat' dir='ltr'><strong>vide·-</strong></span> 
     </span>
     <span class='ocr_line' id='line_1_7' title="bbox 278 696 1864 769; baseline -0.001 -12"><span class='ocrx_word' id='word_1_47' title='bbox 278 705 357 758; x_wconf 85' lang='lat' dir='ltr'><strong>ris</strong></span> <span class='ocrx_word' id='word_1_48' title='bbox 385 699 539 756; x_wconf 89' lang='lat' dir='ltr'><strong>illum</strong></span> <span class='ocrx_word' id='word_1_49' title='bbox 571 696 820 752; x_wconf 88' lang='lat' dir='ltr'><strong>omnium</strong></span> <span class='ocrx_word' id='word_1_50' title='bbox 853 704 1257 767; x_wconf 66' lang='lat' dir='ltr'><strong>praeceptorum</strong></span> <span class='ocrx_word' id='word_1_51' title='bbox 1282 712 1466 764; x_wconf 89' lang='lat' dir='ltr'><strong>reum,</strong></span> <span class='ocrx_word' id='word_1_52' title='bbox 1501 699 1627 769; x_wconf 86' lang='lat' dir='ltr'><strong>quia</strong></span> <span class='ocrx_word' id='word_1_53' title='bbox 1655 699 1864 755; x_wconf 80' lang='lat' dir='ltr'><strong>incides</strong></span> 
     </span>
     <span class='ocr_line' id='line_1_8' title="bbox 280 786 1864 864; baseline -0.003 -15"><span class='ocrx_word' id='word_1_54' title='bbox 280 804 337 849; x_wconf 86' lang='lat' dir='ltr'><strong>ct</strong></span> <span class='ocrx_word' id='word_1_55' title='bbox 368 792 483 864; x_wconf 80' lang='lat' dir='ltr'><strong>ipse</strong></span> <span class='ocrx_word' id='word_1_56' title='bbox 514 789 569 846; x_wconf 86' lang='lat' dir='ltr'><strong>in</strong></span> <span class='ocrx_word' id='word_1_57' title='bbox 599 802 797 845; x_wconf 88' lang='lat' dir='ltr'><strong>manus</strong></span> <span class='ocrx_word' id='word_1_58' title='bbox 826 786 1176 843; x_wconf 88' lang='lat' dir='ltr'><strong>inimieorum</strong></span> <span class='ocrx_word' id='word_1_59' title='bbox 1213 797 1449 844; x_wconf 88' lang='lat' dir='ltr'><strong>tuorum.</strong></span> <span class='ocrx_word' id='word_1_60' title='bbox 1479 788 1706 846; x_wconf 78' lang='lat' dir='ltr'><strong>Peccata</strong></span> <span class='ocrx_word' id='word_1_61' title='bbox 1743 805 1864 860; x_wconf 69' lang='lat' dir='ltr'><strong>qnae</strong></span> 
     </span>
     <span class='ocr_line' id='line_1_9' title="bbox 282 881 1866 956; baseline -0.001 -16"><span class='ocrx_word' id='word_1_62' title='bbox 282 888 409 943; x_wconf 78' lang='lat' dir='ltr'><strong>olim</strong></span> <span class='ocrx_word' id='word_1_63' title='bbox 448 884 806 956; x_wconf 74' lang='lat' dir='ltr'><strong>perpetrasti,</strong></span> <span class='ocrx_word' id='word_1_64' title='bbox 845 897 915 937; x_wconf 89' lang='lat' dir='ltr'><strong>ne</strong></span> <span class='ocrx_word' id='word_1_65' title='bbox 957 881 1143 936; x_wconf 88' lang='lat' dir='ltr'><strong>animo</strong></span> <span class='ocrx_word' id='word_1_66' title='bbox 1170 895 1386 949; x_wconf 82' lang='lat' dir='ltr'><strong>verses,</strong></span> <span class='ocrx_word' id='word_1_67' title='bbox 1428 896 1496 938; x_wconf 87' lang='lat' dir='ltr'><strong>ne</strong></span> <span class='ocrx_word' id='word_1_68' title='bbox 1538 892 1866 938; x_wconf 89' lang='lat' dir='ltr'><strong>renoventur</strong></span> 
     </span>
     <span class='ocr_line' id='line_1_10' title="bbox 284 973 1862 1046; baseline -0.003 -11"><span class='ocrx_word' id='word_1_69' title='bbox 284 982 338 1035; x_wconf 89' lang='lat' dir='ltr'><strong>in</strong></span> <span class='ocrx_word' id='word_1_70' title='bbox 375 989 455 1042; x_wconf 89' lang='lat' dir='ltr'><strong>te;</strong></span> <span class='ocrx_word' id='word_1_71' title='bbox 485 985 780 1046; x_wconf 86' lang='lat' dir='ltr'><strong>certusque</strong></span> <span class='ocrx_word' id='word_1_72' title='bbox 810 984 930 1029; x_wconf 91' lang='lat' dir='ltr'><strong>esto</strong></span> <span class='ocrx_word' id='word_1_73' title='bbox 956 988 1020 1028; x_wconf 90' lang='lat' dir='ltr'><strong>ea</strong></span> <span class='ocrx_word' id='word_1_74' title='bbox 1058 973 1156 1028; x_wconf 86' lang='lat' dir='ltr'><strong>tibi</strong></span> <span class='ocrx_word' id='word_1_75' title='bbox 1184 973 1486 1029; x_wconf 86' lang='lat' dir='ltr'><strong>condonata</strong></span> <span class='ocrx_word' id='word_1_76' title='bbox 1519 973 1708 1040; x_wconf 77' lang='lat' dir='ltr'><strong>luisse,</strong></span> <span class='ocrx_word' id='word_1_77' title='bbox 1739 990 1862 1031; x_wconf 89' lang='lat' dir='ltr'><strong>cum</strong></span> 
     </span>
     <span class='ocr_line' id='line_1_11' title="bbox 280 1050 1861 1134; baseline -0.003 -8"><span class='ocrx_word' id='word_1_78' title='bbox 280 1084 337 1126; x_wconf 85' lang='lat' dir='ltr'><strong>te</strong></span> <span class='ocrx_word' id='word_1_79' title='bbox 360 1070 468 1126; x_wconf 89' lang='lat' dir='ltr'><strong>Deo</strong></span> <span class='ocrx_word' id='word_1_80' title='bbox 497 1066 791 1122; x_wconf 76' lang='lat' dir='ltr'><strong>tradideris</strong></span> <span class='ocrx_word' id='word_1_81' title='bbox 817 1074 875 1120; x_wconf 88' lang='lat' dir='ltr'><strong>et</strong></span> <span class='ocrx_word' id='word_1_82' title='bbox 904 1064 1261 1134; x_wconf 83' lang='lat' dir='ltr'><strong>poenitentiae,</strong></span> <span class='ocrx_word' id='word_1_83' title='bbox 1288 1078 1387 1120; x_wconf 90' lang='lat' dir='ltr'><strong>nec</strong></span> <span class='ocrx_word' id='word_1_84' title='bbox 1411 1066 1476 1121; x_wconf 88' lang='lat' dir='ltr'><strong>de</strong></span> <span class='ocrx_word' id='word_1_85' title='bbox 1502 1050 1861 1122; x_wconf 80' lang='lat' dir='ltr'><strong>ltoe&#39;baereas.</strong></span> 
     </span>
     <span class='ocr_line' id='line_1_12' title="bbox 274 1156 1864 1227; baseline -0.003 -10"><span class='ocrx_word' id='word_1_86' title='bbox 274 1161 352 1217; x_wconf 79' lang='lat' dir='ltr'><strong>Te</strong></span> <span class='ocrx_word' id='word_1_87' title='bbox 411 1160 639 1216; x_wconf 90' lang='lat' dir='ltr'><strong>doctum</strong></span> <span class='ocrx_word' id='word_1_88' title='bbox 701 1156 1076 1226; x_wconf 87' lang='lat' dir='ltr'><strong>sapientemve</strong></span> <span class='ocrx_word' id='word_1_89' title='bbox 1134 1170 1204 1211; x_wconf 91' lang='lat' dir='ltr'><strong>ne</strong></span> <span class='ocrx_word' id='word_1_90' title='bbox 1258 1167 1519 1227; x_wconf 87' lang='lat' dir='ltr'><strong>reputes;</strong></span> <span class='ocrx_word' id='word_1_91' title='bbox 1589 1159 1864 1213; x_wconf 80' lang='lat' dir='ltr'><strong>evanescit</strong></span> 
     </span>
     <span class='ocr_line' id='line_1_13' title="bbox 269 1248 1857 1325; baseline -0.003 -17"><span class='ocrx_word' id='word_1_92' title='bbox 269 1254 472 1325; x_wconf 84' lang='lat' dir='ltr'><strong>qnippe</strong></span> <span class='ocrx_word' id='word_1_93' title='bbox 519 1251 677 1306; x_wconf 88' lang='lat' dir='ltr'><strong>labor</strong></span> <span class='ocrx_word' id='word_1_94' title='bbox 701 1258 846 1315; x_wconf 86' lang='lat' dir='ltr'><strong>tuus,</strong></span> <span class='ocrx_word' id='word_1_95' title='bbox 869 1256 924 1303; x_wconf 89' lang='lat' dir='ltr'><strong>et</strong></span> <span class='ocrx_word' id='word_1_96' title='bbox 950 1257 1041 1303; x_wconf 91' lang='lat' dir='ltr'><strong>tua</strong></span> <span class='ocrx_word' id='word_1_97' title='bbox 1066 1248 1218 1304; x_wconf 89' lang='lat' dir='ltr'><strong>navis</strong></span> <span class='ocrx_word' id='word_1_98' title='bbox 1242 1248 1477 1304; x_wconf 83' lang='lat' dir='ltr'><strong>inaniter</strong></span> <span class='ocrx_word' id='word_1_99' title='bbox 1501 1248 1857 1305; x_wconf 81' lang='lat' dir='ltr'><strong>cucurrisset.</strong></span> 
     </span>
     <span class='ocr_line' id='line_1_14' title="bbox 269 1340 1864 1412; baseline -0.004 -9"><span class='ocrx_word' id='word_1_100' title='bbox 269 1352 549 1403; x_wconf 58' lang='lat' dir='ltr'><strong>assuesce</strong></span> <span class='ocrx_word' id='word_1_101' title='bbox 570 1384 586 1409; x_wconf 94' lang='lat'><strong>,</strong></span> <span class='ocrx_word' id='word_1_102' title='bbox 622 1353 680 1398; x_wconf 93' lang='lat' dir='ltr'><strong>ut</strong></span> <span class='ocrx_word' id='word_1_103' title='bbox 711 1350 804 1397; x_wconf 88' lang='lat' dir='ltr'><strong>tua</strong></span> <span class='ocrx_word' id='word_1_104' title='bbox 838 1341 983 1398; x_wconf 89' lang='lat' dir='ltr'><strong>dicat</strong></span> <span class='ocrx_word' id='word_1_105' title='bbox 1016 1342 1200 1410; x_wconf 69' lang='lat' dir='ltr'><strong>linqua</strong></span> <span class='ocrx_word' id='word_1_106' title='bbox 1231 1342 1285 1395; x_wconf 89' lang='lat' dir='ltr'><strong>in</strong></span> <span class='ocrx_word' id='word_1_107' title='bbox 1321 1340 1612 1409; x_wconf 83' lang='lat' dir='ltr'><strong>omnibus,</strong></span> <span class='ocrx_word' id='word_1_108' title='bbox 1648 1356 1864 1412; x_wconf 81' lang='lat' dir='ltr'><strong>semper</strong></span> 
     </span>
     <span class='ocr_line' id='line_1_15' title="bbox 274 1433 1863 1505; baseline 0 -14"><span class='ocrx_word' id='word_1_109' title='bbox 274 1455 343 1493; x_wconf 83' lang='lat' dir='ltr'><strong>ac</strong></span> <span class='ocrx_word' id='word_1_110' title='bbox 363 1437 511 1492; x_wconf 90' lang='lat' dir='ltr'><strong>omni</strong></span> <span class='ocrx_word' id='word_1_111' title='bbox 543 1443 857 1504; x_wconf 88' lang='lat' dir='ltr'><strong>momento,</strong></span> <span class='ocrx_word' id='word_1_112' title='bbox 891 1433 1156 1490; x_wconf 77' lang='lat' dir='ltr'><strong>fratribus</strong></span> <span class='ocrx_word' id='word_1_113' title='bbox 1187 1434 1479 1498; x_wconf 88' lang='lat' dir='ltr'><strong>omnibus,</strong></span> <span class='ocrx_word' id='word_1_114' title='bbox 1516 1435 1727 1505; x_wconf 88' lang='lat' dir='ltr'><strong>ipsique</strong></span> <span class='ocrx_word' id='word_1_115' title='bbox 1752 1434 1863 1491; x_wconf 87' lang='lat' dir='ltr'><strong>Deo</strong></span> 
     </span>
     <span class='ocr_line' id='line_1_16' title="bbox 278 1525 1859 1598; baseline -0.003 -13"><span class='ocrx_word' id='word_1_116' title='bbox 278 1530 582 1585; x_wconf 85' lang='lat' dir='ltr'><strong>altissimo:</strong></span> <span class='ocrx_word' id='word_1_117' title='bbox 638 1527 861 1598; x_wconf 61' lang='lat' dir='ltr'><strong>lonast-e</strong></span> <span class='ocrx_word' id='word_1_118' title='bbox 919 1527 1052 1581; x_wconf 79' lang='lat' dir='ltr'><strong>milti</strong></span> <span class='ocrx_word' id='word_1_119' title='bbox 1071 1568 1087 1595; x_wconf 86' lang='lat'><strong>,</strong></span> <span class='ocrx_word' id='word_1_120' title='bbox 1145 1526 1272 1597; x_wconf 89' lang='lat' dir='ltr'><strong>quia</strong></span> <span class='ocrx_word' id='word_1_121' title='bbox 1324 1527 1371 1582; x_wconf 91' lang='lat' dir='ltr'><strong>si</strong></span> <span class='ocrx_word' id='word_1_122' title='bbox 1428 1526 1579 1582; x_wconf 90' lang='lat' dir='ltr'><strong>dices</strong></span> <span class='ocrx_word' id='word_1_123' title='bbox 1624 1525 1859 1596; x_wconf 79' lang='lat' dir='ltr'><strong>semper,</strong></span> 
     </span>
     <span class='ocr_line' id='line_1_17' title="bbox 278 1617 1860 1692; baseline -0.003 -15"><span class='ocrx_word' id='word_1_124' title='bbox 278 1623 499 1692; x_wconf 59' lang='lat' dir='ltr'><strong>Ignosce</strong></span> <span class='ocrx_word' id='word_1_125' title='bbox 539 1621 700 1685; x_wconf 75' lang='lat' dir='ltr'><strong>mitti,</strong></span> <span class='ocrx_word' id='word_1_126' title='bbox 727 1618 1094 1675; x_wconf 89' lang='lat' dir='ltr'><strong>bumilitatem</strong></span> <span class='ocrx_word' id='word_1_127' title='bbox 1128 1618 1506 1689; x_wconf 85' lang='lat' dir='ltr'><strong>consequeris.</strong></span> <span class='ocrx_word' id='word_1_128' title='bbox 1540 1617 1860 1690; x_wconf 83' lang='lat' dir='ltr'><strong>Quempiam</strong></span> 
     </span>
     <span class='ocr_line' id='line_1_18' title="bbox 281 1710 1859 1779; baseline -0.003 -9"><span class='ocrx_word' id='word_1_129' title='bbox 281 1727 352 1770; x_wconf 90' lang='lat' dir='ltr'><strong>ne</strong></span> <span class='ocrx_word' id='word_1_130' title='bbox 380 1714 627 1779; x_wconf 87' lang='lat' dir='ltr'><strong>damnes,</strong></span> <span class='ocrx_word' id='word_1_131' title='bbox 653 1725 725 1767; x_wconf 85' lang='lat' dir='ltr'><strong>ne</strong></span> <span class='ocrx_word' id='word_1_132' title='bbox 752 1710 974 1767; x_wconf 81' lang='lat' dir='ltr'><strong>recedat</strong></span> <span class='ocrx_word' id='word_1_133' title='bbox 1000 1725 1030 1765; x_wconf 88' lang='lat' dir='ltr'><strong>a</strong></span> <span class='ocrx_word' id='word_1_134' title='bbox 1067 1718 1117 1766; x_wconf 92' lang='lat' dir='ltr'><strong>te</strong></span> <span class='ocrx_word' id='word_1_135' title='bbox 1143 1710 1307 1767; x_wconf 91' lang='lat' dir='ltr'><strong>timor</strong></span> <span class='ocrx_word' id='word_1_136' title='bbox 1335 1710 1452 1775; x_wconf 85' lang='lat' dir='ltr'><strong>Del,</strong></span> <span class='ocrx_word' id='word_1_137' title='bbox 1480 1722 1535 1766; x_wconf 90' lang='lat' dir='ltr'><strong>et</strong></span> <span class='ocrx_word' id='word_1_138' title='bbox 1566 1711 1776 1767; x_wconf 78' lang='lat' dir='ltr'><strong>incidas</strong></span> <span class='ocrx_word' id='word_1_139' title='bbox 1805 1715 1859 1766; x_wconf 90' lang='lat' dir='ltr'><strong>ln</strong></span> 
     </span>
     <span class='ocr_line' id='line_1_19' title="bbox 282 1802 1859 1871; baseline -0.002 -10"><span class='ocrx_word' id='word_1_140' title='bbox 282 1820 503 1861; x_wconf 85' lang='lat' dir='ltr'><strong>manum</strong></span> <span class='ocrx_word' id='word_1_141' title='bbox 534 1804 875 1859; x_wconf 89' lang='lat' dir='ltr'><strong>inimieorum</strong></span> <span class='ocrx_word' id='word_1_142' title='bbox 905 1814 1145 1858; x_wconf 89' lang='lat' dir='ltr'><strong>tuorum.</strong></span> <span class='ocrx_word' id='word_1_143' title='bbox 1182 1802 1531 1871; x_wconf 75' lang='lat' dir='ltr'><strong>voluptatum</strong></span> <span class='ocrx_word' id='word_1_144' title='bbox 1562 1811 1618 1859; x_wconf 84' lang='lat' dir='ltr'><strong>et</strong></span> <span class='ocrx_word' id='word_1_145' title='bbox 1644 1802 1859 1858; x_wconf 89' lang='lat' dir='ltr'><strong>lusuum</strong></span> 
     </span>
     <span class='ocr_line' id='line_1_20' title="bbox 284 1896 1863 1967; baseline 0 -14"><span class='ocrx_word' id='word_1_146' title='bbox 284 1908 497 1953; x_wconf 90' lang='lat' dir='ltr'><strong>tuorum</strong></span> <span class='ocrx_word' id='word_1_147' title='bbox 527 1897 720 1967; x_wconf 87' lang='lat' dir='ltr'><strong>quibus</strong></span> <span class='ocrx_word' id='word_1_148' title='bbox 744 1908 987 1967; x_wconf 88' lang='lat' dir='ltr'><strong>tempore</strong></span> <span class='ocrx_word' id='word_1_149' title='bbox 1014 1896 1251 1967; x_wconf 84' lang='lat' dir='ltr'><strong>pigritiae</strong></span> <span class='ocrx_word' id='word_1_150' title='bbox 1277 1911 1498 1967; x_wconf 87' lang='lat' dir='ltr'><strong>operam</strong></span> <span class='ocrx_word' id='word_1_151' title='bbox 1533 1896 1761 1961; x_wconf 83' lang='lat' dir='ltr'><strong>navasti,</strong></span> <span class='ocrx_word' id='word_1_152' title='bbox 1795 1912 1863 1953; x_wconf 87' lang='lat' dir='ltr'><strong>ne</strong></span> 
     </span>
     <span class='ocr_line' id='line_1_21' title="bbox 281 1988 1859 2059; baseline -0.001 -13"><span class='ocrx_word' id='word_1_153' title='bbox 281 1990 632 2059; x_wconf 84' lang='lat' dir='ltr'><strong>memineris,</strong></span> <span class='ocrx_word' id='word_1_154' title='bbox 670 2005 772 2046; x_wconf 88' lang='lat' dir='ltr'><strong>nec</strong></span> <span class='ocrx_word' id='word_1_155' title='bbox 795 1990 961 2046; x_wconf 87' lang='lat' dir='ltr'><strong>verba</strong></span> <span class='ocrx_word' id='word_1_156' title='bbox 1007 1990 1074 2045; x_wconf 90' lang='lat' dir='ltr'><strong>de</strong></span> <span class='ocrx_word' id='word_1_157' title='bbox 1099 1988 1207 2044; x_wconf 90' lang='lat' dir='ltr'><strong>illis</strong></span> <span class='ocrx_word' id='word_1_158' title='bbox 1239 1988 1514 2056; x_wconf 81' lang='lat' dir='ltr'><strong>instituas,</strong></span> <span class='ocrx_word' id='word_1_159' title='bbox 1546 2003 1648 2044; x_wconf 88' lang='lat' dir='ltr'><strong>nec</strong></span> <span class='ocrx_word' id='word_1_160' title='bbox 1671 1988 1859 2046; x_wconf 88' lang='lat' dir='ltr'><strong>dicas:</strong></span> 
     </span>
     <span class='ocr_line' id='line_1_22' title="bbox 282 2081 1862 2152; baseline -0.001 -13"><span class='ocrx_word' id='word_1_161' title='bbox 282 2081 401 2139; x_wconf 74' lang='lat' dir='ltr'><strong>Boe</strong></span> <span class='ocrx_word' id='word_1_162' title='bbox 430 2082 555 2150; x_wconf 76' lang='lat' dir='ltr'><strong>feci,</strong></span> <span class='ocrx_word' id='word_1_163' title='bbox 596 2083 681 2139; x_wconf 90' lang='lat' dir='ltr'><strong>vel</strong></span> <span class='ocrx_word' id='word_1_164' title='bbox 707 2082 841 2140; x_wconf 86' lang='lat' dir='ltr'><strong>illud</strong></span> <span class='ocrx_word' id='word_1_165' title='bbox 887 2082 1261 2152; x_wconf 79' lang='lat' dir='ltr'><strong>praetermisl3</strong></span> <span class='ocrx_word' id='word_1_166' title='bbox 1295 2090 1458 2137; x_wconf 89' lang='lat' dir='ltr'><strong>erunt</strong></span> <span class='ocrx_word' id='word_1_167' title='bbox 1495 2096 1732 2152; x_wconf 89' lang='lat' dir='ltr'><strong>namque</strong></span> <span class='ocrx_word' id='word_1_168' title='bbox 1764 2081 1862 2138; x_wconf 89' lang='lat' dir='ltr'><strong>tibi</strong></span> 
     </span>
     <span class='ocr_line' id='line_1_23' title="bbox 283 2172 1860 2243; baseline -0.003 -12"><span class='ocrx_word' id='word_1_169' title='bbox 283 2175 340 2231; x_wconf 89' lang='lat' dir='ltr'><strong>in</strong></span> <span class='ocrx_word' id='word_1_170' title='bbox 363 2173 767 2231; x_wconf 73' lang='lat' dir='ltr'><strong>offendiculum.</strong></span> <span class='ocrx_word' id='word_1_171' title='bbox 794 2172 931 2229; x_wconf 83' lang='lat' dir='ltr'><strong>Dum</strong></span> <span class='ocrx_word' id='word_1_172' title='bbox 954 2174 1011 2230; x_wconf 90' lang='lat' dir='ltr'><strong>in</strong></span> <span class='ocrx_word' id='word_1_173' title='bbox 1040 2172 1178 2229; x_wconf 89' lang='lat' dir='ltr'><strong>cella</strong></span> <span class='ocrx_word' id='word_1_174' title='bbox 1211 2184 1299 2229; x_wconf 90' lang='lat' dir='ltr'><strong>tua</strong></span> <span class='ocrx_word' id='word_1_175' title='bbox 1324 2174 1505 2240; x_wconf 87' lang='lat' dir='ltr'><strong>sedes,</strong></span> <span class='ocrx_word' id='word_1_176' title='bbox 1531 2172 1616 2229; x_wconf 89' lang='lat' dir='ltr'><strong>bis</strong></span> <span class='ocrx_word' id='word_1_177' title='bbox 1640 2188 1860 2243; x_wconf 88' lang='lat' dir='ltr'><strong>operam</strong></span> 
     </span>
     <span class='ocr_line' id='line_1_24' title="bbox 282 2264 1860 2337; baseline 0 -16"><span class='ocrx_word' id='word_1_178' title='bbox 282 2266 384 2321; x_wconf 85' lang='lat' dir='ltr'><strong>da:</strong></span> <span class='ocrx_word' id='word_1_179' title='bbox 417 2264 636 2322; x_wconf 86' lang='lat' dir='ltr'><strong>lectioni</strong></span> <span class='ocrx_word' id='word_1_180' title='bbox 664 2279 859 2336; x_wconf 81' lang='lat' dir='ltr'><strong>nempe</strong></span> <span class='ocrx_word' id='word_1_181' title='bbox 892 2264 1336 2337; x_wconf 83' lang='lat' dir='ltr'><strong>scripturarum,</strong></span> <span class='ocrx_word' id='word_1_182' title='bbox 1369 2265 1860 2334; x_wconf 77' lang='lat' dir='ltr'><strong>supplicationibus</strong></span> 
     </span>
    </p>
   </div>
   <div class='ocr_carea' id='block_1_6' title="bbox 281 2356 1890 2430">
    <p class='ocr_par' dir='ltr' id='par_1_6' title="bbox 281 2356 1890 2430">
     <span class='ocr_line' id='line_1_25' title="bbox 281 2356 1890 2430; baseline -0.001 -15"><span class='ocrx_word' id='word_1_183' title='bbox 281 2358 352 2415; x_wconf 88' lang='lat' dir='ltr'><strong>ad</strong></span> <span class='ocrx_word' id='word_1_184' title='bbox 387 2358 558 2413; x_wconf 84' lang='lat' dir='ltr'><strong>Deum</strong></span> <span class='ocrx_word' id='word_1_185' title='bbox 603 2365 661 2414; x_wconf 90' lang='lat' dir='ltr'><strong>et</strong></span> <span class='ocrx_word' id='word_1_186' title='bbox 684 2358 837 2430; x_wconf 84' lang='lat' dir='ltr'><strong>operi</strong></span> <span class='ocrx_word' id='word_1_187' title='bbox 877 2371 1160 2414; x_wconf 79' lang='lat' dir='ltr'><strong>manuum.</strong></span> <span class='ocrx_word' id='word_1_188' title='bbox 1206 2356 1530 2414; x_wconf 77' lang='lat' dir='ltr'><strong>Passienum</strong></span> <span class='ocrx_word' id='word_1_189' title='bbox 1569 2358 1768 2429; x_wconf 88' lang='lat' dir='ltr'><strong>quibus</strong></span> <span class='ocrx_word' id='word_1_190' title='bbox 1804 2357 1890 2414; x_wconf 82' lang='lat' dir='ltr'><strong>in.</strong></span> 
     </span>
    </p>
   </div>
   <div class='ocr_carea' id='block_1_7' title="bbox 268 2447 1861 3077">
    <p class='ocr_par' dir='ltr' id='par_1_7' title="bbox 268 2447 1861 3077">
     <span class='ocr_line' id='line_1_26' title="bbox 277 2447 1861 2519; baseline 0.001 -14"><span class='ocrx_word' id='word_1_191' title='bbox 277 2447 485 2505; x_wconf 88' lang='lat' dir='ltr'><strong>mundo</strong></span> <span class='ocrx_word' id='word_1_192' title='bbox 533 2448 902 2515; x_wconf 88' lang='lat' dir='ltr'><strong>succubuisti,</strong></span> <span class='ocrx_word' id='word_1_193' title='bbox 946 2463 1048 2505; x_wconf 90' lang='lat' dir='ltr'><strong>nee</strong></span> <span class='ocrx_word' id='word_1_194' title='bbox 1085 2462 1295 2504; x_wconf 89' lang='lat' dir='ltr'><strong>memor</strong></span> <span class='ocrx_word' id='word_1_195' title='bbox 1339 2449 1417 2504; x_wconf 88' lang='lat' dir='ltr'><strong>sis</strong></span> <span class='ocrx_word' id='word_1_196' title='bbox 1461 2447 1717 2519; x_wconf 90' lang='lat' dir='ltr'><strong>penitus,</strong></span> <span class='ocrx_word' id='word_1_197' title='bbox 1761 2465 1861 2508; x_wconf 88' lang='lat' dir='ltr'><strong>nec</strong></span> 
     </span>
     <span class='ocr_line' id='line_1_27' title="bbox 268 2541 1860 2614; baseline 0.001 -15"><span class='ocrx_word' id='word_1_198' title='bbox 268 2558 459 2599; x_wconf 84' lang='lat' dir='ltr'><strong>eorum</strong></span> <span class='ocrx_word' id='word_1_199' title='bbox 505 2542 804 2614; x_wconf 84' lang='lat' dir='ltr'><strong>cupiditate</strong></span> <span class='ocrx_word' id='word_1_200' title='bbox 841 2543 1042 2599; x_wconf 89' lang='lat' dir='ltr'><strong>iterum</strong></span> <span class='ocrx_word' id='word_1_201' title='bbox 1091 2541 1401 2607; x_wconf 85' lang='lat' dir='ltr'><strong>irretiaris,</strong></span> <span class='ocrx_word' id='word_1_202' title='bbox 1450 2556 1523 2598; x_wconf 87' lang='lat' dir='ltr'><strong>ne</strong></span> <span class='ocrx_word' id='word_1_203' title='bbox 1555 2542 1667 2598; x_wconf 86' lang='lat' dir='ltr'><strong>sint</strong></span> <span class='ocrx_word' id='word_1_204' title='bbox 1707 2544 1860 2600; x_wconf 91' lang='lat' dir='ltr'><strong>cordi</strong></span> 
     </span>
     <span class='ocr_line' id='line_1_28' title="bbox 270 2631 1861 2693; baseline 0.002 -3"><span class='ocrx_word' id='word_1_205' title='bbox 270 2645 368 2691; x_wconf 87' lang='lat' dir='ltr'><strong>tuo</strong></span> <span class='ocrx_word' id='word_1_206' title='bbox 423 2632 835 2691; x_wconf 75' lang='lat' dir='ltr'><strong>offendiculum.</strong></span> <span class='ocrx_word' id='word_1_207' title='bbox 889 2631 1236 2690; x_wconf 79' lang='lat' dir='ltr'><strong>Poenitentiae</strong></span> <span class='ocrx_word' id='word_1_208' title='bbox 1299 2633 1565 2691; x_wconf 88' lang='lat' dir='ltr'><strong>continuo</strong></span> <span class='ocrx_word' id='word_1_209' title='bbox 1615 2650 1745 2693; x_wconf 85' lang='lat' dir='ltr'><strong>vaca</strong></span> <span class='ocrx_word' id='word_1_210' title='bbox 1796 2651 1861 2693; x_wconf 88' lang='lat' dir='ltr'><strong>ac</strong></span> 
     </span>
     <span class='ocr_line' id='line_1_29' title="bbox 270 2726 1861 2798; baseline 0.003 -15"><span class='ocrx_word' id='word_1_211' title='bbox 270 2728 500 2793; x_wconf 80' lang='lat' dir='ltr'><strong>sedulo,</strong></span> <span class='ocrx_word' id='word_1_212' title='bbox 540 2741 642 2783; x_wconf 90' lang='lat' dir='ltr'><strong>nec</strong></span> <span class='ocrx_word' id='word_1_213' title='bbox 683 2735 961 2782; x_wconf 89' lang='lat' dir='ltr'><strong>momento</strong></span> <span class='ocrx_word' id='word_1_214' title='bbox 1008 2726 1272 2798; x_wconf 90' lang='lat' dir='ltr'><strong>temporis</strong></span> <span class='ocrx_word' id='word_1_215' title='bbox 1323 2726 1578 2798; x_wconf 83' lang='lat' dir='ltr'><strong>pigreris.</strong></span> <span class='ocrx_word' id='word_1_216' title='bbox 1612 2732 1657 2783; x_wconf 77' lang='lat' dir='ltr'>A</span> <span class='ocrx_word' id='word_1_217' title='bbox 1700 2729 1861 2788; x_wconf 86' lang='lat' dir='ltr'><strong>Patre</strong></span> 
     </span>
     <span class='ocr_line' id='line_1_30' title="bbox 278 2817 1859 2890; baseline 0.003 -16"><span class='ocrx_word' id='word_1_218' title='bbox 278 2831 397 2887; x_wconf 86' lang='lat' dir='ltr'><strong>tuo,</strong></span> <span class='ocrx_word' id='word_1_219' title='bbox 432 2828 491 2874; x_wconf 90' lang='lat' dir='ltr'><strong>ut</strong></span> <span class='ocrx_word' id='word_1_220' title='bbox 519 2820 756 2874; x_wconf 88' lang='lat' dir='ltr'><strong>instruat</strong></span> <span class='ocrx_word' id='word_1_221' title='bbox 788 2826 843 2875; x_wconf 88' lang='lat' dir='ltr'><strong>te</strong></span> <span class='ocrx_word' id='word_1_222' title='bbox 874 2817 931 2874; x_wconf 87' lang='lat' dir='ltr'><strong>ia</strong></span> <span class='ocrx_word' id='word_1_223' title='bbox 961 2817 1028 2874; x_wconf 88' lang='lat' dir='ltr'><strong>iis</strong></span> <span class='ocrx_word' id='word_1_224' title='bbox 1056 2833 1179 2890; x_wconf 82' lang='lat' dir='ltr'><strong>quae</strong></span> <span class='ocrx_word' id='word_1_225' title='bbox 1210 2820 1454 2890; x_wconf 86' lang='lat' dir='ltr'><strong>ignoras,</strong></span> <span class='ocrx_word' id='word_1_226' title='bbox 1492 2820 1780 2879; x_wconf 86' lang='lat' dir='ltr'><strong>humiliter</strong></span> <span class='ocrx_word' id='word_1_227' title='bbox 1803 2832 1859 2879; x_wconf 90' lang='lat' dir='ltr'><strong>et</strong></span> 
     </span>
     <span class='ocr_line' id='line_1_31' title="bbox 278 2907 1859 2982; baseline 0.002 -16"><span class='ocrx_word' id='word_1_228' title='bbox 278 2925 405 2966; x_wconf 89' lang='lat' dir='ltr'><strong>cum</strong></span> <span class='ocrx_word' id='word_1_229' title='bbox 450 2910 576 2966; x_wconf 85' lang='lat' dir='ltr'><strong>fletu</strong></span> <span class='ocrx_word' id='word_1_230' title='bbox 608 2907 858 2981; x_wconf 85' lang='lat' dir='ltr'><strong>postula,</strong></span> <span class='ocrx_word' id='word_1_231' title='bbox 890 2922 992 2965; x_wconf 88' lang='lat' dir='ltr'><strong>nec</strong></span> <span class='ocrx_word' id='word_1_232' title='bbox 1035 2919 1089 2965; x_wconf 91' lang='lat' dir='ltr'><strong>te</strong></span> <span class='ocrx_word' id='word_1_233' title='bbox 1133 2910 1355 2979; x_wconf 85' lang='lat' dir='ltr'><strong>pudeat.</strong></span> <span class='ocrx_word' id='word_1_234' title='bbox 1394 2910 1639 2982; x_wconf 75' lang='lat' dir='ltr'><strong>Singulis</strong></span> <span class='ocrx_word' id='word_1_235' title='bbox 1667 2913 1859 2969; x_wconf 89' lang='lat' dir='ltr'><strong>diebus</strong></span> 
     </span>
     <span class='ocr_line' id='line_1_32' title="bbox 278 3003 1855 3077; baseline 0.001 -17"><span class='ocrx_word' id='word_1_236' title='bbox 278 3003 421 3077; x_wconf 86' lang='lat' dir='ltr'><strong>apud</strong></span> <span class='ocrx_word' id='word_1_237' title='bbox 455 3014 504 3060; x_wconf 91' lang='lat' dir='ltr'><strong>te</strong></span> <span class='ocrx_word' id='word_1_238' title='bbox 547 3014 761 3073; x_wconf 85' lang='lat' dir='ltr'><strong>statue,</strong></span> <span class='ocrx_word' id='word_1_239' title='bbox 785 3005 927 3077; x_wconf 83' lang='lat' dir='ltr'><strong>qnod</strong></span> <span class='ocrx_word' id='word_1_240' title='bbox 968 3004 1086 3061; x_wconf 88' lang='lat' dir='ltr'><strong>sola</strong></span> <span class='ocrx_word' id='word_1_241' title='bbox 1125 3004 1213 3061; x_wconf 89' lang='lat' dir='ltr'><strong>illa</strong></span> <span class='ocrx_word' id='word_1_242' title='bbox 1257 3005 1373 3059; x_wconf 89' lang='lat' dir='ltr'><strong>dies</strong></span> <span class='ocrx_word' id='word_1_243' title='bbox 1415 3004 1507 3059; x_wconf 90' lang='lat' dir='ltr'><strong>tibi</strong></span> <span class='ocrx_word' id='word_1_244' title='bbox 1539 3006 1777 3076; x_wconf 78' lang='lat' dir='ltr'><strong>supersit</strong></span> <span class='ocrx_word' id='word_1_245' title='bbox 1802 3007 1855 3061; x_wconf 90' lang='lat' dir='ltr'><strong>in</strong></span> 
     </span>
    </p>
   </div>
   <div class='ocr_carea' id='block_1_8' title="bbox 1969 518 3545 682">
    <p class='ocr_par' dir='ltr' id='par_1_8' title="bbox 1969 518 3545 682">
     <span class='ocr_line' id='line_1_33' title="bbox 1969 518 3542 593; baseline 0.004 -23"><span class='ocrx_word' id='word_1_246' title='bbox 1969 518 2304 571; x_wconf 78' lang='lat' dir='ltr'><strong>contmodttm</strong></span> <span class='ocrx_word' id='word_1_247' title='bbox 2343 526 2438 571; x_wconf 79' lang='lat' dir='ltr'><strong>aut</strong></span> <span class='ocrx_word' id='word_1_248' title='bbox 2490 518 2821 586; x_wconf 68' lang='lat' dir='ltr'><strong>entolestiam3</strong></span> <span class='ocrx_word' id='word_1_249' title='bbox 2852 520 3034 574; x_wconf 89' lang='lat' dir='ltr'><strong>omnia</strong></span> <span class='ocrx_word' id='word_1_250' title='bbox 3078 520 3224 576; x_wconf 91' lang='lat' dir='ltr'><strong>enim</strong></span> <span class='ocrx_word' id='word_1_251' title='bbox 3270 522 3386 578; x_wconf 76' lang='lat' dir='ltr'><strong>ltaec</strong></span> <span class='ocrx_word' id='word_1_252' title='bbox 3431 523 3542 593; x_wconf 84' lang='lat' dir='ltr'><strong>glo-</strong></span> 
     </span>
     <span class='ocr_line' id='line_1_34' title="bbox 1976 607 3545 682; baseline 0.007 -21"><span class='ocrx_word' id='word_1_253' title='bbox 1976 607 2113 661; x_wconf 88' lang='lat' dir='ltr'><strong>riam</strong></span> <span class='ocrx_word' id='word_1_254' title='bbox 2143 622 2256 677; x_wconf 79' lang='lat' dir='ltr'><strong>prae</strong></span> <span class='ocrx_word' id='word_1_255' title='bbox 2283 622 2345 663; x_wconf 90' lang='lat' dir='ltr'><strong>se</strong></span> <span class='ocrx_word' id='word_1_256' title='bbox 2369 607 2552 663; x_wconf 78' lang='lat' dir='ltr'><strong>rerunt</strong></span> <span class='ocrx_word' id='word_1_257' title='bbox 2581 609 2819 678; x_wconf 87' lang='lat' dir='ltr'><strong>inanem,</strong></span> <span class='ocrx_word' id='word_1_258' title='bbox 2850 619 2911 667; x_wconf 92' lang='lat' dir='ltr'><strong>et</strong></span> <span class='ocrx_word' id='word_1_259' title='bbox 2942 610 3030 666; x_wconf 88' lang='lat' dir='ltr'><strong>ille</strong></span> <span class='ocrx_word' id='word_1_260' title='bbox 3052 614 3146 682; x_wconf 90' lang='lat' dir='ltr'><strong>qul</strong></span> <span class='ocrx_word' id='word_1_261' title='bbox 3185 613 3272 671; x_wconf 88' lang='lat' dir='ltr'><strong>bis</strong></span> <span class='ocrx_word' id='word_1_262' title='bbox 3296 624 3378 671; x_wconf 81' lang='lat' dir='ltr'><strong>est</strong></span> <span class='ocrx_word' id='word_1_263' title='bbox 3407 614 3545 672; x_wconf 75' lang='lat' dir='ltr'><strong>inse·</strong></span> 
     </span>
    </p>
   </div>
   <div class='ocr_carea' id='block_1_9' title="bbox 1969 699 3662 778">
    <p class='ocr_par' dir='ltr' id='par_1_9' title="bbox 1969 699 3662 778">
     <span class='ocr_line' id='line_1_35' title="bbox 1969 699 3662 778; baseline 0.009 -27"><span class='ocrx_word' id='word_1_264' title='bbox 1969 709 2111 761; x_wconf 83' lang='lat' dir='ltr'><strong>ctus,</strong></span> <span class='ocrx_word' id='word_1_265' title='bbox 2134 699 2365 754; x_wconf 77' lang='lat' dir='ltr'><strong>diabolis</strong></span> <span class='ocrx_word' id='word_1_266' title='bbox 2383 709 2436 754; x_wconf 90' lang='lat' dir='ltr'><strong>et</strong></span> <span class='ocrx_word' id='word_1_267' title='bbox 2456 700 2739 768; x_wconf 87' lang='lat' dir='ltr'><strong>spiritibus</strong></span> <span class='ocrx_word' id='word_1_268' title='bbox 2766 701 3058 759; x_wconf 88' lang='lat' dir='ltr'><strong>immundis</strong></span> <span class='ocrx_word' id='word_1_269' title='bbox 3084 712 3169 760; x_wconf 88' lang='lat' dir='ltr'><strong>est</strong></span> <span class='ocrx_word' id='word_1_270' title='bbox 3193 704 3423 764; x_wconf 75' lang='lat' dir='ltr'><strong>effeetus</strong></span> <span class='ocrx_word' id='word_1_271' title='bbox 3448 708 3546 764; x_wconf 86' lang='lat' dir='ltr'><strong>du-</strong></span> <span class='ocrx_word' id='word_1_272' title='bbox 3577 740 3594 756; x_wconf 57' lang='grc' dir='ltr'><strong>ι</strong></span> <span class='ocrx_word' id='word_1_273' title='bbox 3655 770 3662 778; x_wconf 61' lang='lat'>‚</span> 
     </span>
    </p>
   </div>
   <div class='ocr_carea' id='block_1_10' title="bbox 1959 788 3545 3067">
    <p class='ocr_par' dir='ltr' id='par_1_10' title="bbox 1959 788 3545 3067">
     <span class='ocr_line' id='line_1_36' title="bbox 1968 788 3545 865; baseline 0.008 -22"><span class='ocrx_word' id='word_1_274' title='bbox 1968 788 2259 848; x_wconf 87' lang='lat' dir='ltr'><strong>tnieilium.</strong></span> <span class='ocrx_word' id='word_1_275' title='bbox 2291 789 2468 846; x_wconf 87' lang='lat' dir='ltr'><strong>Unam</strong></span> <span class='ocrx_word' id='word_1_276' title='bbox 2498 790 2686 846; x_wconf 88' lang='lat' dir='ltr'><strong>boram</strong></span> <span class='ocrx_word' id='word_1_277' title='bbox 2712 791 2766 846; x_wconf 93' lang='lat' dir='ltr'><strong>in</strong></span> <span class='ocrx_word' id='word_1_278' title='bbox 2795 792 2886 848; x_wconf 89' lang='lat' dir='ltr'><strong>die</strong></span> <span class='ocrx_word' id='word_1_279' title='bbox 2910 793 2981 848; x_wconf 87' lang='lat' dir='ltr'><strong>ad</strong></span> <span class='ocrx_word' id='word_1_280' title='bbox 3008 796 3255 865; x_wconf 88' lang='lat' dir='ltr'><strong>corporis</strong></span> <span class='ocrx_word' id='word_1_281' title='bbox 3289 796 3545 855; x_wconf 79' lang='lat' dir='ltr'><strong>resectio·-</strong></span> 
     </span>
     <span class='ocr_line' id='line_1_37' title="bbox 1965 882 3544 960; baseline 0.008 -26"><span class='ocrx_word' id='word_1_282' title='bbox 1965 894 2088 934; x_wconf 92' lang='lat' dir='ltr'><strong>nem</strong></span> <span class='ocrx_word' id='word_1_283' title='bbox 2122 892 2178 936; x_wconf 92' lang='lat' dir='ltr'><strong>et</strong></span> <span class='ocrx_word' id='word_1_284' title='bbox 2215 882 2665 938; x_wconf 86' lang='lat' dir='ltr'><strong>sustentationem</strong></span> <span class='ocrx_word' id='word_1_285' title='bbox 2709 884 2980 941; x_wconf 89' lang='lat' dir='ltr'><strong>constitue</strong></span> <span class='ocrx_word' id='word_1_286' title='bbox 3015 886 3106 941; x_wconf 86' lang='lat' dir='ltr'><strong>tibi</strong></span> <span class='ocrx_word' id='word_1_287' title='bbox 3128 926 3144 947; x_wconf 87' lang='lat'><strong>.</strong></span> <span class='ocrx_word' id='word_1_288' title='bbox 3175 904 3282 943; x_wconf 88' lang='lat' dir='ltr'><strong>non</strong></span> <span class='ocrx_word' id='word_1_289' title='bbox 3323 890 3544 960; x_wconf 83' lang='lat' dir='ltr'><strong>quidem</strong></span> 
     </span>
     <span class='ocr_line' id='line_1_38' title="bbox 1966 976 3543 1055; baseline 0.006 -26"><span class='ocrx_word' id='word_1_290' title='bbox 1966 976 2034 1030; x_wconf 89' lang='lat' dir='ltr'><strong>ad</strong></span> <span class='ocrx_word' id='word_1_291' title='bbox 2065 976 2521 1043; x_wconf 85' lang='lat' dir='ltr'><strong>delectationettt;</strong></span> <span class='ocrx_word' id='word_1_292' title='bbox 2556 987 2612 1034; x_wconf 89' lang='lat' dir='ltr'><strong>et</strong></span> <span class='ocrx_word' id='word_1_293' title='bbox 2649 978 2863 1048; x_wconf 82' lang='lat' dir='ltr'><strong>subjice</strong></span> <span class='ocrx_word' id='word_1_294' title='bbox 2896 980 3027 1035; x_wconf 90' lang='lat' dir='ltr'><strong>illud</strong></span> <span class='ocrx_word' id='word_1_295' title='bbox 3049 1022 3064 1045; x_wconf 88' lang='lat'>‚</span> <span class='ocrx_word' id='word_1_296' title='bbox 3098 989 3264 1051; x_wconf 86' lang='lat' dir='ltr'><strong>atque</strong></span> <span class='ocrx_word' id='word_1_297' title='bbox 3309 982 3543 1055; x_wconf 69' lang='lat' dir='ltr'><strong>defatiget</strong></span> 
     </span>
     <span class='ocr_line' id='line_1_39' title="bbox 1965 1066 3545 1146; baseline 0.006 -26"><span class='ocrx_word' id='word_1_298' title='bbox 1965 1066 2134 1122; x_wconf 90' lang='lat' dir='ltr'><strong>multo</strong></span> <span class='ocrx_word' id='word_1_299' title='bbox 2166 1067 2370 1123; x_wconf 87' lang='lat' dir='ltr'><strong>labore.</strong></span> <span class='ocrx_word' id='word_1_300' title='bbox 2399 1067 2610 1139; x_wconf 76' lang='lat' dir='ltr'><strong>Saepius</strong></span> <span class='ocrx_word' id='word_1_301' title='bbox 2633 1068 2788 1125; x_wconf 81' lang='lat' dir='ltr'><strong>flecte</strong></span> <span class='ocrx_word' id='word_1_302' title='bbox 2809 1084 3004 1141; x_wconf 87' lang='lat' dir='ltr'><strong>genua,</strong></span> <span class='ocrx_word' id='word_1_303' title='bbox 3032 1086 3169 1127; x_wconf 77' lang='lat' dir='ltr'><strong>neve</strong></span> <span class='ocrx_word' id='word_1_304' title='bbox 3189 1073 3241 1127; x_wconf 93' lang='lat' dir='ltr'><strong>in</strong></span> <span class='ocrx_word' id='word_1_305' title='bbox 3263 1072 3370 1128; x_wconf 78' lang='lat' dir='ltr'><strong>hoe</strong></span> <span class='ocrx_word' id='word_1_306' title='bbox 3393 1074 3545 1146; x_wconf 79' lang='lat' dir='ltr'><strong>piger</strong></span> 
     </span>
     <span class='ocr_line' id='line_1_40' title="bbox 1964 1157 3542 1233; baseline 0.004 -22"><span class='ocrx_word' id='word_1_307' title='bbox 1964 1157 2077 1224; x_wconf 85' lang='lat' dir='ltr'><strong>sis,</strong></span> <span class='ocrx_word' id='word_1_308' title='bbox 2112 1173 2181 1213; x_wconf 87' lang='lat' dir='ltr'><strong>ne</strong></span> <span class='ocrx_word' id='word_1_309' title='bbox 2221 1159 2453 1228; x_wconf 82' lang='lat' dir='ltr'><strong>pessima</strong></span> <span class='ocrx_word' id='word_1_310' title='bbox 2492 1159 2748 1215; x_wconf 89' lang='lat' dir='ltr'><strong>moriaris</strong></span> <span class='ocrx_word' id='word_1_311' title='bbox 2792 1170 2985 1216; x_wconf 90' lang='lat' dir='ltr'><strong>morte.</strong></span> <span class='ocrx_word' id='word_1_312' title='bbox 3024 1160 3236 1233; x_wconf 83' lang='lat' dir='ltr'><strong>Corpus</strong></span> <span class='ocrx_word' id='word_1_313' title='bbox 3279 1172 3434 1218; x_wconf 77' lang='lat' dir='ltr'><strong>tumn</strong></span> <span class='ocrx_word' id='word_1_314' title='bbox 3465 1165 3542 1218; x_wconf 88' lang='lat' dir='ltr'><strong>ita</strong></span> 
     </span>
     <span class='ocr_line' id='line_1_41' title="bbox 1964 1249 3543 1324; baseline 0.003 -20"><span class='ocrx_word' id='word_1_315' title='bbox 1964 1249 2202 1318; x_wconf 82' lang='lat' dir='ltr'><strong>infirma,</strong></span> <span class='ocrx_word' id='word_1_316' title='bbox 2230 1257 2287 1304; x_wconf 88' lang='lat' dir='ltr'><strong>ut</strong></span> <span class='ocrx_word' id='word_1_317' title='bbox 2318 1250 2389 1305; x_wconf 88' lang='lat' dir='ltr'><strong>sit</strong></span> <span class='ocrx_word' id='word_1_318' title='bbox 2425 1249 2600 1306; x_wconf 86' lang='lat' dir='ltr'><strong>instar</strong></span> <span class='ocrx_word' id='word_1_319' title='bbox 2631 1254 2878 1320; x_wconf 89' lang='lat' dir='ltr'><strong>corporis</strong></span> <span class='ocrx_word' id='word_1_320' title='bbox 2902 1251 3139 1319; x_wconf 81' lang='lat' dir='ltr'><strong>jacentis</strong></span> <span class='ocrx_word' id='word_1_321' title='bbox 3163 1252 3219 1307; x_wconf 88' lang='lat' dir='ltr'><strong>in</strong></span> <span class='ocrx_word' id='word_1_322' title='bbox 3249 1252 3389 1310; x_wconf 89' lang='lat' dir='ltr'><strong>lecto</strong></span> <span class='ocrx_word' id='word_1_323' title='bbox 3418 1269 3543 1324; x_wconf 87' lang='lat' dir='ltr'><strong>pro·</strong></span> 
     </span>
     <span class='ocr_line' id='line_1_42' title="bbox 1965 1340 3542 1415; baseline 0.006 -22"><span class='ocrx_word' id='word_1_324' title='bbox 1965 1350 2085 1409; x_wconf 90' lang='lat' dir='ltr'><strong>pter</strong></span> <span class='ocrx_word' id='word_1_325' title='bbox 2110 1340 2381 1396; x_wconf 85' lang='lat' dir='ltr'><strong>morbum.</strong></span> <span class='ocrx_word' id='word_1_326' title='bbox 2414 1340 2794 1413; x_wconf 71' lang='lat' dir='ltr'><strong>Cogitationes</strong></span> <span class='ocrx_word' id='word_1_327' title='bbox 2827 1352 2930 1398; x_wconf 79' lang='lat' dir='ltr'><strong>tuae</strong></span> <span class='ocrx_word' id='word_1_328' title='bbox 2950 1343 3099 1399; x_wconf 82' lang='lat' dir='ltr'><strong>eirca</strong></span> <span class='ocrx_word' id='word_1_329' title='bbox 3127 1342 3308 1399; x_wconf 85' lang='lat' dir='ltr'><strong>divina</strong></span> <span class='ocrx_word' id='word_1_330' title='bbox 3338 1359 3542 1415; x_wconf 79' lang='lat' dir='ltr'><strong>praece·</strong></span> 
     </span>
     <span class='ocr_line' id='line_1_43' title="bbox 1964 1433 3543 1506; baseline 0.006 -21"><span class='ocrx_word' id='word_1_331' title='bbox 1964 1443 2055 1501; x_wconf 83' lang='lat' dir='ltr'><strong>pta</strong></span> <span class='ocrx_word' id='word_1_332' title='bbox 2083 1446 2300 1503; x_wconf 87' lang='lat' dir='ltr'><strong>semper</strong></span> <span class='ocrx_word' id='word_1_333' title='bbox 2327 1444 2629 1497; x_wconf 89' lang='lat' dir='ltr'><strong>versentur,</strong></span> <span class='ocrx_word' id='word_1_334' title='bbox 2655 1447 2829 1504; x_wconf 86' lang='lat' dir='ltr'><strong>eaque</strong></span> <span class='ocrx_word' id='word_1_335' title='bbox 2849 1433 3146 1506; x_wconf 87' lang='lat' dir='ltr'><strong>adimplere</strong></span> <span class='ocrx_word' id='word_1_336' title='bbox 3177 1436 3307 1493; x_wconf 90' lang='lat' dir='ltr'><strong>totis</strong></span> <span class='ocrx_word' id='word_1_337' title='bbox 3336 1435 3543 1494; x_wconf 85' lang='lat' dir='ltr'><strong>viribus</strong></span> 
     </span>
     <span class='ocr_line' id='line_1_44' title="bbox 1965 1523 3539 1595; baseline 0.004 -16"><span class='ocrx_word' id='word_1_338' title='bbox 1965 1524 2155 1586; x_wconf 89' lang='lat' dir='ltr'><strong>stude,</strong></span> <span class='ocrx_word' id='word_1_339' title='bbox 2184 1535 2240 1578; x_wconf 92' lang='lat' dir='ltr'><strong>et</strong></span> <span class='ocrx_word' id='word_1_340' title='bbox 2273 1523 2486 1580; x_wconf 89' lang='lat' dir='ltr'><strong>illorum</strong></span> <span class='ocrx_word' id='word_1_341' title='bbox 2524 1525 2659 1580; x_wconf 87' lang='lat' dir='ltr'><strong>nibil</strong></span> <span class='ocrx_word' id='word_1_342' title='bbox 2687 1525 3076 1595; x_wconf 67' lang='lat' dir='ltr'><strong>praetermittas</strong></span> <span class='ocrx_word' id='word_1_343' title='bbox 3095 1568 3113 1595; x_wconf 91' lang='lat'><strong>,</strong></span> <span class='ocrx_word' id='word_1_344' title='bbox 3144 1542 3214 1583; x_wconf 84' lang='lat' dir='ltr'><strong>ne</strong></span> <span class='ocrx_word' id='word_1_345' title='bbox 3243 1528 3337 1583; x_wconf 77' lang='lat' dir='ltr'><strong>fiat</strong></span> <span class='ocrx_word' id='word_1_346' title='bbox 3360 1529 3539 1585; x_wconf 85' lang='lat' dir='ltr'><strong>anima</strong></span> 
     </span>
     <span class='ocr_line' id='line_1_45' title="bbox 1967 1613 3542 1692; baseline 0.005 -22"><span class='ocrx_word' id='word_1_347' title='bbox 1967 1626 2055 1671; x_wconf 85' lang='lat' dir='ltr'><strong>tua</strong></span> <span class='ocrx_word' id='word_1_348' title='bbox 2076 1613 2330 1671; x_wconf 86' lang='lat' dir='ltr'><strong>omnibns</strong></span> <span class='ocrx_word' id='word_1_349' title='bbox 2348 1616 2700 1671; x_wconf 90' lang='lat' dir='ltr'><strong>immunditiis</strong></span> <span class='ocrx_word' id='word_1_350' title='bbox 2722 1617 3109 1675; x_wconf 89' lang='lat' dir='ltr'><strong>babitaculum.</strong></span> <span class='ocrx_word' id='word_1_351' title='bbox 3134 1618 3215 1676; x_wconf 82' lang='lat' dir='ltr'><strong>Ne</strong></span> <span class='ocrx_word' id='word_1_352' title='bbox 3246 1622 3542 1692; x_wconf 83' lang='lat' dir='ltr'><strong>exprobres</strong></span> 
     </span>
     <span class='ocr_line' id='line_1_46' title="bbox 1965 1709 3539 1784; baseline 0.004 -20"><span class='ocrx_word' id='word_1_353' title='bbox 1965 1709 2271 1765; x_wconf 83' lang='lat' dir='ltr'><strong>mortalium</strong></span> <span class='ocrx_word' id='word_1_354' title='bbox 2298 1709 2555 1779; x_wconf 83' lang='lat' dir='ltr'><strong>cuipiam,</strong></span> <span class='ocrx_word' id='word_1_355' title='bbox 2584 1723 2652 1765; x_wconf 91' lang='lat' dir='ltr'><strong>ne</strong></span> <span class='ocrx_word' id='word_1_356' title='bbox 2673 1720 2988 1766; x_wconf 84' lang='lat' dir='ltr'><strong>exsecretur</strong></span> <span class='ocrx_word' id='word_1_357' title='bbox 3020 1712 3163 1768; x_wconf 85' lang='lat' dir='ltr'><strong>Deus</strong></span> <span class='ocrx_word' id='word_1_358' title='bbox 3185 1727 3377 1784; x_wconf 85' lang='lat' dir='ltr'><strong>preces</strong></span> <span class='ocrx_word' id='word_1_359' title='bbox 3395 1724 3539 1770; x_wconf 89' lang='lat' dir='ltr'><strong>tuas.</strong></span> 
     </span>
     <span class='ocr_line' id='line_1_47' title="bbox 1963 1802 3539 1875; baseline 0.003 -17"><span class='ocrx_word' id='word_1_360' title='bbox 1963 1804 2009 1858; x_wconf 80' lang='lat' dir='ltr'>A</span> <span class='ocrx_word' id='word_1_361' title='bbox 2030 1803 2149 1859; x_wconf 84' lang='lat' dir='ltr'><strong>lusu</strong></span> <span class='ocrx_word' id='word_1_362' title='bbox 2171 1810 2227 1859; x_wconf 89' lang='lat' dir='ltr'><strong>et</strong></span> <span class='ocrx_word' id='word_1_363' title='bbox 2245 1803 2371 1875; x_wconf 81' lang='lat' dir='ltr'><strong>joco</strong></span> <span class='ocrx_word' id='word_1_364' title='bbox 2394 1802 2689 1873; x_wconf 88' lang='lat' dir='ltr'><strong>plurimum</strong></span> <span class='ocrx_word' id='word_1_365' title='bbox 2711 1817 2863 1859; x_wconf 87' lang='lat' dir='ltr'><strong>cave.</strong></span> <span class='ocrx_word' id='word_1_366' title='bbox 2889 1802 3296 1875; x_wconf 88' lang='lat' dir='ltr'><strong>Scripturarum</strong></span> <span class='ocrx_word' id='word_1_367' title='bbox 3323 1806 3539 1863; x_wconf 83' lang='lat' dir='ltr'><strong>lectioni</strong></span> 
     </span>
     <span class='ocr_line' id='line_1_48' title="bbox 1964 1893 3543 1966; baseline 0.002 -15"><span class='ocrx_word' id='word_1_368' title='bbox 1964 1895 2010 1951; x_wconf 93' lang='lat' dir='ltr'><strong>si</strong></span> <span class='ocrx_word' id='word_1_369' title='bbox 2062 1894 2377 1950; x_wconf 90' lang='lat' dir='ltr'><strong>continuam</strong></span> <span class='ocrx_word' id='word_1_370' title='bbox 2428 1894 2782 1964; x_wconf 83' lang='lat' dir='ltr'><strong>sedulamque</strong></span> <span class='ocrx_word' id='word_1_371' title='bbox 2809 1893 3124 1951; x_wconf 86' lang='lat' dir='ltr'><strong>&#39;navaveris</strong></span> <span class='ocrx_word' id='word_1_372' title='bbox 3170 1910 3393 1966; x_wconf 90' lang='lat' dir='ltr'><strong>operam</strong></span> <span class='ocrx_word' id='word_1_373' title='bbox 3416 1937 3431 1964; x_wconf 91' lang='lat'><strong>,</strong></span> <span class='ocrx_word' id='word_1_374' title='bbox 3486 1907 3543 1954; x_wconf 88' lang='lat' dir='ltr'><strong>et</strong></span> 
     </span>
     <span class='ocr_line' id='line_1_49' title="bbox 1962 1986 3543 2062; baseline 0.003 -21"><span class='ocrx_word' id='word_1_375' title='bbox 1962 1999 2225 2060; x_wconf 78' lang='lat' dir='ltr'><strong>praecepta</strong></span> <span class='ocrx_word' id='word_1_376' title='bbox 2258 1986 2677 2057; x_wconf 82' lang='lat' dir='ltr'><strong>adimpleveris;</strong></span> <span class='ocrx_word' id='word_1_377' title='bbox 2707 1986 2800 2042; x_wconf 86' lang='lat' dir='ltr'><strong>Dei</strong></span> <span class='ocrx_word' id='word_1_378' title='bbox 2831 1986 3206 2044; x_wconf 83' lang='lat' dir='ltr'><strong>misericordia</strong></span> <span class='ocrx_word' id='word_1_379' title='bbox 3232 1988 3324 2044; x_wconf 87' lang='lat' dir='ltr'><strong>tibi</strong></span> <span class='ocrx_word' id='word_1_380' title='bbox 3346 2000 3543 2062; x_wconf 63' lang='lat' dir='ltr'><strong>put-sto</strong></span> 
     </span>
     <span class='ocr_line' id='line_1_50' title="bbox 1962 2076 3543 2151; baseline 0.002 -16"><span class='ocrx_word' id='word_1_381' title='bbox 1962 2079 2088 2135; x_wconf 83' lang='lat' dir='ltr'><strong>erit.</strong></span> <span class='ocrx_word' id='word_1_382' title='bbox 2139 2077 2441 2134; x_wconf 76' lang='lat' dir='ltr'><strong>Monachus</strong></span> <span class='ocrx_word' id='word_1_383' title='bbox 2491 2078 2546 2133; x_wconf 91' lang='lat' dir='ltr'><strong>in</strong></span> <span class='ocrx_word' id='word_1_384' title='bbox 2593 2076 2729 2134; x_wconf 91' lang='lat' dir='ltr'><strong>cella</strong></span> <span class='ocrx_word' id='word_1_385' title='bbox 2774 2078 2975 2136; x_wconf 89' lang='lat' dir='ltr'><strong>sedens</strong></span> <span class='ocrx_word' id='word_1_386' title='bbox 3013 2094 3110 2137; x_wconf 91' lang='lat' dir='ltr'><strong>ore</strong></span> <span class='ocrx_word' id='word_1_387' title='bbox 3141 2079 3455 2151; x_wconf 87' lang='lat' dir='ltr'><strong>obstructo,</strong></span> <span class='ocrx_word' id='word_1_388' title='bbox 3486 2091 3543 2140; x_wconf 88' lang='lat' dir='ltr'><strong>et</strong></span> 
     </span>
     <span class='ocr_line' id='line_1_51' title="bbox 1962 2168 3542 2236; baseline 0.004 -13"><span class='ocrx_word' id='word_1_389' title='bbox 1962 2168 2250 2225; x_wconf 89' lang='lat' dir='ltr'><strong>immemor</strong></span> <span class='ocrx_word' id='word_1_390' title='bbox 2293 2168 2421 2236; x_wconf 85' lang='lat' dir='ltr'><strong>Dei,</strong></span> <span class='ocrx_word' id='word_1_391' title='bbox 2461 2168 2636 2225; x_wconf 82' lang='lat' dir='ltr'><strong>instar</strong></span> <span class='ocrx_word' id='word_1_392' title='bbox 2663 2178 2750 2225; x_wconf 91' lang='lat' dir='ltr'><strong>est</strong></span> <span class='ocrx_word' id='word_1_393' title='bbox 2775 2170 2970 2227; x_wconf 67' lang='lat' dir='ltr'><strong>dirutae</strong></span> <span class='ocrx_word' id='word_1_394' title='bbox 2997 2170 3191 2228; x_wconf 88' lang='lat' dir='ltr'><strong>domus</strong></span> <span class='ocrx_word' id='word_1_395' title='bbox 3221 2183 3376 2228; x_wconf 76' lang='lat' dir='ltr'><strong>extra</strong></span> <span class='ocrx_word' id='word_1_396' title='bbox 3405 2174 3542 2230; x_wconf 84' lang='lat' dir='ltr'><strong>civi·</strong></span> 
     </span>
     <span class='ocr_line' id='line_1_52' title="bbox 1962 2259 3538 2335; baseline 0.005 -23"><span class='ocrx_word' id='word_1_397' title='bbox 1962 2267 2125 2314; x_wconf 87' lang='lat' dir='ltr'><strong>tatem</strong></span> <span class='ocrx_word' id='word_1_398' title='bbox 2152 2259 2359 2329; x_wconf 85' lang='lat' dir='ltr'><strong>positae,</strong></span> <span class='ocrx_word' id='word_1_399' title='bbox 2384 2259 2640 2315; x_wconf 85' lang='lat' dir='ltr'><strong>omnibus</strong></span> <span class='ocrx_word' id='word_1_400' title='bbox 2666 2274 2883 2330; x_wconf 86' lang='lat' dir='ltr'><strong>semper</strong></span> <span class='ocrx_word' id='word_1_401' title='bbox 2903 2261 3076 2331; x_wconf 78' lang='lat' dir='ltr'><strong>plenae</strong></span> <span class='ocrx_word' id='word_1_402' title='bbox 3112 2262 3387 2331; x_wconf 87' lang='lat' dir='ltr'><strong>sordibus,</strong></span> <span class='ocrx_word' id='word_1_403' title='bbox 3411 2266 3538 2335; x_wconf 84' lang='lat' dir='ltr'><strong>quia</strong></span> 
     </span>
     <span class='ocr_line' id='line_1_53' title="bbox 1961 2351 3541 2426; baseline 0.006 -21"><span class='ocrx_word' id='word_1_404' title='bbox 1961 2351 2270 2422; x_wconf 87' lang='lat' dir='ltr'><strong>quicunque</strong></span> <span class='ocrx_word' id='word_1_405' title='bbox 2300 2352 2493 2408; x_wconf 86' lang='lat' dir='ltr'><strong>domus</strong></span> <span class='ocrx_word' id='word_1_406' title='bbox 2531 2367 2644 2409; x_wconf 71' lang='lat' dir='ltr'><strong>suae</strong></span> <span class='ocrx_word' id='word_1_407' title='bbox 2680 2354 2869 2410; x_wconf 91' lang='lat' dir='ltr'><strong>sordes</strong></span> <span class='ocrx_word' id='word_1_408' title='bbox 2894 2368 3118 2426; x_wconf 75' lang='lat' dir='ltr'><strong>egerere</strong></span> <span class='ocrx_word' id='word_1_409' title='bbox 3146 2356 3293 2423; x_wconf 83' lang='lat' dir='ltr'><strong>vult,</strong></span> <span class='ocrx_word' id='word_1_410' title='bbox 3330 2371 3398 2412; x_wconf 81' lang='lat' dir='ltr'><strong>eo</strong></span> <span class='ocrx_word' id='word_1_411' title='bbox 3421 2357 3541 2414; x_wconf 85' lang='lat' dir='ltr'><strong>illas</strong></span> 
     </span>
     <span class='ocr_line' id='line_1_54' title="bbox 1960 2440 3538 2515; baseline 0.005 -18"><span class='ocrx_word' id='word_1_412' title='bbox 1960 2449 2224 2513; x_wconf 89' lang='lat' dir='ltr'><strong>asportat.</strong></span> <span class='ocrx_word' id='word_1_413' title='bbox 2250 2440 2543 2499; x_wconf 82' lang='lat' dir='ltr'><strong>Orationes</strong></span> <span class='ocrx_word' id='word_1_414' title='bbox 2569 2453 2698 2499; x_wconf 85' lang='lat' dir='ltr'><strong>ante</strong></span> <span class='ocrx_word' id='word_1_415' title='bbox 2723 2459 2788 2501; x_wconf 80' lang='lat' dir='ltr'><strong>ae</strong></span> <span class='ocrx_word' id='word_1_416' title='bbox 2814 2454 3097 2515; x_wconf 86' lang='lat' dir='ltr'><strong>postquam</strong></span> <span class='ocrx_word' id='word_1_417' title='bbox 3119 2460 3243 2502; x_wconf 86' lang='lat' dir='ltr'><strong>eum</strong></span> <span class='ocrx_word' id='word_1_418' title='bbox 3269 2445 3538 2505; x_wconf 78' lang='lat' dir='ltr'><strong>tratribus</strong></span> 
     </span>
     <span class='ocr_line' id='line_1_55' title="bbox 1959 2534 3541 2611; baseline 0.004 -22"><span class='ocrx_word' id='word_1_419' title='bbox 1959 2534 2225 2602; x_wconf 85' lang='lat' dir='ltr'><strong>oraveris,</strong></span> <span class='ocrx_word' id='word_1_420' title='bbox 2265 2548 2484 2605; x_wconf 86' lang='lat' dir='ltr'><strong>semper</strong></span> <span class='ocrx_word' id='word_1_421' title='bbox 2516 2535 2569 2590; x_wconf 93' lang='lat' dir='ltr'><strong>in</strong></span> <span class='ocrx_word' id='word_1_422' title='bbox 2606 2535 2743 2591; x_wconf 83' lang='lat' dir='ltr'><strong>cella</strong></span> <span class='ocrx_word' id='word_1_423' title='bbox 2776 2544 2866 2591; x_wconf 91' lang='lat' dir='ltr'><strong>tua</strong></span> <span class='ocrx_word' id='word_1_424' title='bbox 2901 2536 3215 2607; x_wconf 82' lang='lat' dir='ltr'><strong>persolvito,</strong></span> <span class='ocrx_word' id='word_1_425' title='bbox 3258 2554 3358 2595; x_wconf 89' lang='lat' dir='ltr'><strong>nec</strong></span> <span class='ocrx_word' id='word_1_426' title='bbox 3387 2538 3541 2611; x_wconf 80' lang='lat' dir='ltr'><strong>&#39;piger</strong></span> 
     </span>
     <span class='ocr_line' id='line_1_56' title="bbox 1964 2625 3539 2700; baseline 0.004 -17"><span class='ocrx_word' id='word_1_427' title='bbox 1964 2625 2018 2683; x_wconf 91' lang='lat' dir='ltr'><strong>in</strong></span> <span class='ocrx_word' id='word_1_428' title='bbox 2049 2626 2155 2683; x_wconf 86' lang='lat' dir='ltr'><strong>boc</strong></span> <span class='ocrx_word' id='word_1_429' title='bbox 2178 2626 2281 2684; x_wconf 87' lang='lat' dir='ltr'><strong>sis.</strong></span> <span class='ocrx_word' id='word_1_430' title='bbox 2308 2625 2591 2700; x_wconf 71' lang='lat' dir='ltr'><strong>hacrymis</strong></span> <span class='ocrx_word' id='word_1_431' title='bbox 2617 2628 2833 2683; x_wconf 87' lang='lat' dir='ltr'><strong>assidue</strong></span> <span class='ocrx_word' id='word_1_432' title='bbox 2864 2627 3150 2696; x_wconf 86' lang='lat' dir='ltr'><strong>incumbe;</strong></span> <span class='ocrx_word' id='word_1_433' title='bbox 3187 2632 3539 2689; x_wconf 87' lang='lat' dir='ltr'><strong>miserebitur</strong></span> 
     </span>
     <span class='ocr_line' id='line_1_57' title="bbox 1959 2718 3533 2785; baseline 0.004 -12"><span class='ocrx_word' id='word_1_434' title='bbox 1959 2718 2104 2773; x_wconf 87' lang='lat' dir='ltr'><strong>enim</strong></span> <span class='ocrx_word' id='word_1_435' title='bbox 2139 2720 2218 2775; x_wconf 90' lang='lat' dir='ltr'><strong>tui</strong></span> <span class='ocrx_word' id='word_1_436' title='bbox 2268 2718 2443 2785; x_wconf 87' lang='lat' dir='ltr'><strong>Deus,</strong></span> <span class='ocrx_word' id='word_1_437' title='bbox 2474 2728 2533 2774; x_wconf 90' lang='lat' dir='ltr'><strong>et</strong></span> <span class='ocrx_word' id='word_1_438' title='bbox 2575 2729 2805 2776; x_wconf 83' lang='lat' dir='ltr'><strong>cuttctos</strong></span> <span class='ocrx_word' id='word_1_439' title='bbox 2843 2729 2965 2777; x_wconf 89' lang='lat' dir='ltr'><strong>tuos</strong></span> <span class='ocrx_word' id='word_1_440' title='bbox 3008 2721 3213 2778; x_wconf 82' lang='lat' dir='ltr'><strong>levabit</strong></span> <span class='ocrx_word' id='word_1_441' title='bbox 3250 2737 3533 2780; x_wconf 79' lang='lat' dir='ltr'><strong>moerores.</strong></span> 
     </span>
     <span class='ocr_line' id='line_1_58' title="bbox 1959 2809 3539 2883; baseline 0.002 -16"><span class='ocrx_word' id='word_1_442' title='bbox 1959 2809 2150 2867; x_wconf 87' lang='lat' dir='ltr'><strong>Omnia</strong></span> <span class='ocrx_word' id='word_1_443' title='bbox 2178 2812 2447 2867; x_wconf 87' lang='lat' dir='ltr'><strong>mundana</strong></span> <span class='ocrx_word' id='word_1_444' title='bbox 2472 2811 2598 2867; x_wconf 92' lang='lat' dir='ltr'><strong>odio</strong></span> <span class='ocrx_word' id='word_1_445' title='bbox 2619 2811 2840 2880; x_wconf 86' lang='lat' dir='ltr'><strong>habeto,</strong></span> <span class='ocrx_word' id='word_1_446' title='bbox 2868 2821 2923 2869; x_wconf 88' lang='lat' dir='ltr'><strong>et</strong></span> <span class='ocrx_word' id='word_1_447' title='bbox 2950 2823 3202 2872; x_wconf 78' lang='lat' dir='ltr'><strong>amoveto</strong></span> <span class='ocrx_word' id='word_1_448' title='bbox 3235 2830 3266 2870; x_wconf 88' lang='lat' dir='ltr'><strong>a</strong></span> <span class='ocrx_word' id='word_1_449' title='bbox 3304 2824 3392 2883; x_wconf 83' lang='lat' dir='ltr'><strong>te;</strong></span> <span class='ocrx_word' id='word_1_450' title='bbox 3415 2830 3539 2874; x_wconf 85' lang='lat' dir='ltr'><strong>eer-</strong></span> 
     </span>
     <span class='ocr_line' id='line_1_59' title="bbox 1961 2901 3541 2978; baseline 0.002 -20"><span class='ocrx_word' id='word_1_451' title='bbox 1961 2911 2157 2972; x_wconf 75' lang='lat' dir='ltr'><strong>tusqpe</strong></span> <span class='ocrx_word' id='word_1_452' title='bbox 2182 2911 2300 2959; x_wconf 87' lang='lat' dir='ltr'><strong>esto</strong></span> <span class='ocrx_word' id='word_1_453' title='bbox 2317 2942 2332 2968; x_wconf 92' lang='lat'><strong>,</strong></span> <span class='ocrx_word' id='word_1_454' title='bbox 2358 2901 2475 2961; x_wconf 82' lang='lat' dir='ltr'><strong>ltaee</strong></span> <span class='ocrx_word' id='word_1_455' title='bbox 2503 2918 2631 2961; x_wconf 90' lang='lat' dir='ltr'><strong>vere</strong></span> <span class='ocrx_word' id='word_1_456' title='bbox 2659 2918 2758 2961; x_wconf 87' lang='lat' dir='ltr'><strong>nos</strong></span> <span class='ocrx_word' id='word_1_457' title='bbox 2785 2904 3105 2976; x_wconf 77' lang='lat' dir='ltr'><strong>longissime</strong></span> <span class='ocrx_word' id='word_1_458' title='bbox 3127 2920 3156 2959; x_wconf 87' lang='lat' dir='ltr'><strong>a</strong></span> <span class='ocrx_word' id='word_1_459' title='bbox 3187 2904 3300 2961; x_wconf 85' lang='lat' dir='ltr'><strong>Deo</strong></span> <span class='ocrx_word' id='word_1_460' title='bbox 3325 2907 3541 2978; x_wconf 89' lang='lat' dir='ltr'><strong>propel-</strong></span> 
     </span>
     <span class='ocr_line' id='line_1_60' title="bbox 1960 2991 3541 3067; baseline 0.005 -20"><span class='ocrx_word' id='word_1_461' title='bbox 1960 2991 2092 3048; x_wconf 92' lang='lat' dir='ltr'><strong>lere.</strong></span> <span class='ocrx_word' id='word_1_462' title='bbox 2133 2992 2317 3049; x_wconf 80' lang='lat' dir='ltr'><strong>Pusilli</strong></span> <span class='ocrx_word' id='word_1_463' title='bbox 2363 2994 2529 3050; x_wconf 86' lang='lat' dir='ltr'><strong>animi</strong></span> <span class='ocrx_word' id='word_1_464' title='bbox 2572 3011 2642 3052; x_wconf 86' lang='lat' dir='ltr'><strong>ne</strong></span> <span class='ocrx_word' id='word_1_465' title='bbox 2683 2996 2795 3063; x_wconf 88' lang='lat' dir='ltr'><strong>sis,</strong></span> <span class='ocrx_word' id='word_1_466' title='bbox 2834 3009 2990 3053; x_wconf 87' lang='lat' dir='ltr'><strong>cave.</strong></span> <span class='ocrx_word' id='word_1_467' title='bbox 3044 2996 3259 3067; x_wconf 80' lang='lat' dir='ltr'><strong>Diligite</strong></span> <span class='ocrx_word' id='word_1_468' title='bbox 3293 2995 3541 3067; x_wconf 80' lang='lat' dir='ltr'><strong>labores,</strong></span> 
     </span>
    </p>
   </div>
   <div class='ocr_carea' id='block_1_11' title="bbox 278 3086 3540 3178">
    <p class='ocr_par' dir='ltr' id='par_1_11' title="bbox 278 3086 3540 3178">
     <span class='ocr_line' id='line_1_61' title="bbox 278 3086 3540 3178; baseline 0 -23"><span class='ocrx_word' id='word_1_469' title='bbox 278 3101 384 3157; x_wconf 84' lang='lat' dir='ltr'><strong>boc</strong></span> <span class='ocrx_word' id='word_1_470' title='bbox 410 3100 608 3156; x_wconf 88' lang='lat' dir='ltr'><strong>mundo</strong></span> <span class='ocrx_word' id='word_1_471' title='bbox 628 3140 646 3168; x_wconf 96' lang='lat'><strong>,</strong></span> <span class='ocrx_word' id='word_1_472' title='bbox 674 3108 730 3155; x_wconf 91' lang='lat' dir='ltr'><strong>et</strong></span> <span class='ocrx_word' id='word_1_473' title='bbox 765 3098 1015 3156; x_wconf 87' lang='lat' dir='ltr'><strong>servabis</strong></span> <span class='ocrx_word' id='word_1_474' title='bbox 1043 3106 1097 3154; x_wconf 92' lang='lat' dir='ltr'><strong>te</strong></span> <span class='ocrx_word' id='word_1_475' title='bbox 1125 3114 1154 3153; x_wconf 91' lang='lat' dir='ltr'><strong>a</strong></span> <span class='ocrx_word' id='word_1_476' title='bbox 1198 3099 1458 3169; x_wconf 89' lang='lat' dir='ltr'><strong>peccatis.</strong></span> <span class='ocrx_word' id='word_1_477' title='bbox 1488 3096 1855 3155; x_wconf 77' lang='lat' dir='ltr'><strong>Humilitatem</strong></span> <span class='ocrx_word' id='word_1_478' title='bbox 1885 3121 1928 3178; x_wconf 77' lang='lat' dir='ltr'>C</span> <span class='ocrx_word' id='word_1_479' title='bbox 1964 3094 2125 3153; x_wconf 57' lang='lat' dir='ltr'><strong>mim*</strong></span> <span class='ocrx_word' id='word_1_480' title='bbox 2161 3086 2467 3141; x_wconf 89' lang='lat' dir='ltr'><strong>submittito</strong></span> <span class='ocrx_word' id='word_1_481' title='bbox 2499 3088 2784 3155; x_wconf 70' lang='lat' dir='ltr'><strong>Omnibus·</strong></span> <span class='ocrx_word' id='word_1_482' title='bbox 2812 3101 2875 3144; x_wconf 70' lang='lat'><strong>⁰³</strong></span> <span class='ocrx_word' id='word_1_483' title='bbox 2902 3087 3179 3144; x_wconf 84' lang='lat' dir='ltr'><strong>occludite</strong></span> <span class='ocrx_word' id='word_1_484' title='bbox 3212 3095 3399 3155; x_wconf 61' lang='lat' dir='ltr'><strong>wilm·</strong></span> <span class='ocrx_word' id='word_1_485' title='bbox 3436 3089 3540 3144; x_wconf 76' lang='lat'><strong>¹⁸¹1-</strong></span> 
     </span>
    </p>
   </div>
   <div class='ocr_carea' id='block_1_12' title="bbox 266 3193 1859 3356">
    <p class='ocr_par' dir='ltr' id='par_1_12' title="bbox 266 3193 1859 3356">
     <span class='ocr_line' id='line_1_62' title="bbox 277 3193 1858 3262; baseline 0.001 -13"><span class='ocrx_word' id='word_1_486' title='bbox 277 3193 415 3250; x_wconf 88' lang='lat' dir='ltr'><strong>nibil</strong></span> <span class='ocrx_word' id='word_1_487' title='bbox 443 3193 587 3249; x_wconf 90' lang='lat' dir='ltr'><strong>aliud</strong></span> <span class='ocrx_word' id='word_1_488' title='bbox 630 3206 757 3249; x_wconf 86' lang='lat' dir='ltr'><strong>esse</strong></span> <span class='ocrx_word' id='word_1_489' title='bbox 787 3193 983 3259; x_wconf 78' lang='lat' dir='ltr'><strong>scias,</strong></span> <span class='ocrx_word' id='word_1_490' title='bbox 1021 3205 1186 3262; x_wconf 86' lang='lat' dir='ltr'><strong>quam</strong></span> <span class='ocrx_word' id='word_1_491' title='bbox 1215 3201 1275 3247; x_wconf 93' lang='lat' dir='ltr'><strong>ut</strong></span> <span class='ocrx_word' id='word_1_492' title='bbox 1302 3206 1495 3247; x_wconf 87' lang='lat' dir='ltr'><strong>omnes</strong></span> <span class='ocrx_word' id='word_1_493' title='bbox 1523 3193 1770 3251; x_wconf 76' lang='lat' dir='ltr'><strong>nomines</strong></span> <span class='ocrx_word' id='word_1_494' title='bbox 1805 3201 1858 3250; x_wconf 89' lang='lat' dir='ltr'><strong>te</strong></span> 
     </span>
     <span class='ocr_line' id='line_1_63' title="bbox 266 3278 1859 3356; baseline 0.001 -13"><span class='ocrx_word' id='word_1_495' title='bbox 266 3286 691 3344; x_wconf 76' lang='lat' dir='ltr'><strong>excellentiores</strong></span> <span class='ocrx_word' id='word_1_496' title='bbox 722 3300 842 3342; x_wconf 89' lang='lat' dir='ltr'><strong>esse</strong></span> <span class='ocrx_word' id='word_1_497' title='bbox 876 3293 1100 3355; x_wconf 87' lang='lat' dir='ltr'><strong>reputes</strong></span> <span class='ocrx_word' id='word_1_498' title='bbox 1125 3323 1142 3350; x_wconf 93' lang='lat'><strong>,</strong></span> <span class='ocrx_word' id='word_1_499' title='bbox 1174 3300 1239 3343; x_wconf 90' lang='lat' dir='ltr'><strong>ac</strong></span> <span class='ocrx_word' id='word_1_500' title='bbox 1268 3299 1369 3356; x_wconf 90' lang='lat' dir='ltr'><strong>pro</strong></span> <span class='ocrx_word' id='word_1_501' title='bbox 1404 3295 1558 3343; x_wconf 88' lang='lat' dir='ltr'><strong>certo</strong></span> <span class='ocrx_word' id='word_1_502' title='bbox 1582 3284 1642 3342; x_wconf 85' lang='lat' dir='ltr'><strong>in</strong></span> <span class='ocrx_word' id='word_1_503' title='bbox 1674 3278 1859 3345; x_wconf 77' lang='lat' dir='ltr'><strong>attinio</strong></span> 
     </span>
    </p>
   </div>
   <div class='ocr_carea' id='block_1_13' title="bbox 173 3375 1857 3542">
    <p class='ocr_par' dir='ltr' id='par_1_13' title="bbox 173 3375 1857 3542">
     <span class='ocr_line' id='line_1_64' title="bbox 173 3375 1857 3447; baseline 0.001 -16"><span class='ocrx_word' id='word_1_504' title='bbox 173 3412 223 3437; x_wconf 80' lang='lat'><strong>-..</strong></span> <span class='ocrx_word' id='word_1_505' title='bbox 260 3390 365 3437; x_wconf 76' lang='lat' dir='ltr'><strong>tuo</strong></span> <span class='ocrx_word' id='word_1_506' title='bbox 395 3379 624 3444; x_wconf 87' lang='lat' dir='ltr'><strong>babeas,</strong></span> <span class='ocrx_word' id='word_1_507' title='bbox 650 3387 706 3432; x_wconf 92' lang='lat' dir='ltr'><strong>te</strong></span> <span class='ocrx_word' id='word_1_508' title='bbox 745 3376 1202 3447; x_wconf 55' lang='lat' dir='ltr'><strong>magisjeceatls</strong></span> <span class='ocrx_word' id='word_1_509' title='bbox 1239 3388 1362 3432; x_wconf 88' lang='lat' dir='ltr'><strong>esse</strong></span> <span class='ocrx_word' id='word_1_510' title='bbox 1395 3375 1727 3442; x_wconf 86' lang='lat' dir='ltr'><strong>obnoxium;</strong></span> <span class='ocrx_word' id='word_1_511' title='bbox 1763 3390 1857 3432; x_wconf 85' lang='lat' dir='ltr'><strong>ea-</strong></span> 
     </span>
     <span class='ocr_line' id='line_1_65' title="bbox 258 3463 1857 3542; baseline 0 -19"><span class='ocrx_word' id='word_1_512' title='bbox 258 3477 481 3542; x_wconf 81' lang='lat' dir='ltr'><strong>putqne</strong></span> <span class='ocrx_word' id='word_1_513' title='bbox 499 3470 657 3520; x_wconf 81' lang='lat' dir='ltr'><strong>tuum</strong></span> <span class='ocrx_word' id='word_1_514' title='bbox 680 3463 980 3517; x_wconf 83' lang='lat' dir='ltr'><strong>demissum</strong></span> <span class='ocrx_word' id='word_1_515' title='bbox 1001 3471 1203 3530; x_wconf 85' lang='lat' dir='ltr'><strong>teneas,</strong></span> <span class='ocrx_word' id='word_1_516' title='bbox 1226 3473 1283 3520; x_wconf 93' lang='lat' dir='ltr'><strong>et</strong></span> <span class='ocrx_word' id='word_1_517' title='bbox 1301 3463 1483 3536; x_wconf 86' lang='lat' dir='ltr'><strong>lingua</strong></span> <span class='ocrx_word' id='word_1_518' title='bbox 1502 3472 1590 3520; x_wconf 91' lang='lat' dir='ltr'><strong>tua</strong></span> <span class='ocrx_word' id='word_1_519' title='bbox 1610 3477 1857 3538; x_wconf 90' lang='lat' dir='ltr'><strong>prompta</strong></span> 
     </span>
    </p>
   </div>
   <div class='ocr_carea' id='block_1_14' title="bbox 266 3552 1858 4453">
    <p class='ocr_par' dir='ltr' id='par_1_14' title="bbox 266 3552 1858 4453">
     <span class='ocr_line' id='line_1_66' title="bbox 271 3552 1858 3630; baseline 0.001 -17"><span class='ocrx_word' id='word_1_520' title='bbox 271 3561 374 3621; x_wconf 82' lang='lat' dir='ltr'><strong>sit.</strong></span> <span class='ocrx_word' id='word_1_521' title='bbox 398 3567 458 3610; x_wconf 85' lang='lat' dir='ltr'><strong>ut</strong></span> <span class='ocrx_word' id='word_1_522' title='bbox 483 3556 640 3609; x_wconf 87' lang='lat' dir='ltr'><strong>dicas</strong></span> <span class='ocrx_word' id='word_1_523' title='bbox 669 3553 865 3623; x_wconf 80' lang='lat' dir='ltr'><strong>injuria</strong></span> <span class='ocrx_word' id='word_1_524' title='bbox 895 3552 1141 3611; x_wconf 80' lang='lat' dir='ltr'><strong>afficienti</strong></span> <span class='ocrx_word' id='word_1_525' title='bbox 1167 3567 1248 3613; x_wconf 93' lang='lat' dir='ltr'><strong>te:</strong></span> <span class='ocrx_word' id='word_1_526' title='bbox 1281 3556 1505 3612; x_wconf 79' lang='lat' dir='ltr'><strong>Domine</strong></span> <span class='ocrx_word' id='word_1_527' title='bbox 1529 3560 1620 3624; x_wconf 84' lang='lat' dir='ltr'><strong>mi,</strong></span> <span class='ocrx_word' id='word_1_528' title='bbox 1650 3560 1858 3630; x_wconf 65' lang='grc' dir='ltr'><strong>ὅρκοισι</strong></span> 
     </span>
     <span class='ocr_line' id='line_1_67' title="bbox 282 3645 1858 3719; baseline 0.004 -18"><span class='ocrx_word' id='word_1_529' title='bbox 282 3647 415 3701; x_wconf 73' lang='lat' dir='ltr'><strong>ntihi</strong></span> <span class='ocrx_word' id='word_1_530' title='bbox 433 3663 452 3711; x_wconf 90' lang='lat'><strong>,·</strong></span> <span class='ocrx_word' id='word_1_531' title='bbox 481 3645 764 3701; x_wconf 89' lang='lat' dir='ltr'><strong>meditatio</strong></span> <span class='ocrx_word' id='word_1_532' title='bbox 785 3660 911 3702; x_wconf 82' lang='lat' dir='ltr'><strong>vero</strong></span> <span class='ocrx_word' id='word_1_533' title='bbox 937 3655 1026 3702; x_wconf 88' lang='lat' dir='ltr'><strong>tua</strong></span> <span class='ocrx_word' id='word_1_534' title='bbox 1050 3646 1256 3719; x_wconf 84' lang='lat' dir='ltr'><strong>jugiter</strong></span> <span class='ocrx_word' id='word_1_535' title='bbox 1288 3665 1435 3705; x_wconf 90' lang='lat' dir='ltr'><strong>mors</strong></span> <span class='ocrx_word' id='word_1_536' title='bbox 1464 3651 1555 3707; x_wconf 88' lang='lat' dir='ltr'><strong>sit.</strong></span> <span class='ocrx_word' id='word_1_537' title='bbox 1589 3651 1665 3707; x_wconf 86' lang='lat' dir='ltr'><strong>De</strong></span> <span class='ocrx_word' id='word_1_538' title='bbox 1696 3654 1858 3708; x_wconf 88' lang='lat' dir='ltr'><strong>rebus</strong></span> 
     </span>
     <span class='ocr_line' id='line_1_68' title="bbox 282 3735 1855 3815; baseline 0.006 -23"><span class='ocrx_word' id='word_1_539' title='bbox 282 3737 580 3792; x_wconf 82' lang='lat' dir='ltr'><strong>mundanis</strong></span> <span class='ocrx_word' id='word_1_540' title='bbox 609 3752 678 3793; x_wconf 89' lang='lat' dir='ltr'><strong>ne</strong></span> <span class='ocrx_word' id='word_1_541' title='bbox 708 3735 943 3808; x_wconf 88' lang='lat' dir='ltr'><strong>loquaris</strong></span> <span class='ocrx_word' id='word_1_542' title='bbox 965 3740 1215 3807; x_wconf 88' lang='lat' dir='ltr'><strong>omnino,</strong></span> <span class='ocrx_word' id='word_1_543' title='bbox 1248 3757 1404 3798; x_wconf 84' lang='lat' dir='ltr'><strong>eave.</strong></span> <span class='ocrx_word' id='word_1_544' title='bbox 1449 3744 1855 3815; x_wconf 86' lang='lat' dir='ltr'><strong>Concupiscen-</strong></span> 
     </span>
     <span class='ocr_line' id='line_1_69' title="bbox 282 3830 1856 3908; baseline 0.006 -25"><span class='ocrx_word' id='word_1_545' title='bbox 282 3830 392 3885; x_wconf 86' lang='lat' dir='ltr'><strong>tias</strong></span> <span class='ocrx_word' id='word_1_546' title='bbox 433 3839 550 3884; x_wconf 82' lang='lat' dir='ltr'><strong>tuas</strong></span> <span class='ocrx_word' id='word_1_547' title='bbox 592 3839 648 3886; x_wconf 90' lang='lat' dir='ltr'><strong>et</strong></span> <span class='ocrx_word' id='word_1_548' title='bbox 677 3830 936 3888; x_wconf 74' lang='lat' dir='ltr'><strong>desideria</strong></span> <span class='ocrx_word' id='word_1_549' title='bbox 976 3841 1066 3888; x_wconf 87' lang='lat' dir='ltr'><strong>tua</strong></span> <span class='ocrx_word' id='word_1_550' title='bbox 1101 3847 1171 3889; x_wconf 89' lang='lat' dir='ltr'><strong>ne</strong></span> <span class='ocrx_word' id='word_1_551' title='bbox 1206 3835 1524 3904; x_wconf 78' lang='lat' dir='ltr'><strong>adimpleas.</strong></span> <span class='ocrx_word' id='word_1_552' title='bbox 1557 3835 1767 3908; x_wconf 88' lang='lat' dir='ltr'><strong>Corpus</strong></span> <span class='ocrx_word' id='word_1_553' title='bbox 1799 3845 1856 3893; x_wconf 92' lang='lat' dir='ltr'><strong>et</strong></span> 
     </span>
     <span class='ocr_line' id='line_1_70' title="bbox 280 3917 1848 3992; baseline 0.005 -18"><span class='ocrx_word' id='word_1_554' title='bbox 280 3917 569 3974; x_wconf 83' lang='lat' dir='ltr'><strong>illecebras</strong></span> <span class='ocrx_word' id='word_1_555' title='bbox 597 3919 713 3989; x_wconf 88' lang='lat' dir='ltr'><strong>ejus</strong></span> <span class='ocrx_word' id='word_1_556' title='bbox 732 3920 853 3984; x_wconf 84' lang='lat' dir='ltr'><strong>odio</strong></span> <span class='ocrx_word' id='word_1_557' title='bbox 875 3922 1090 3990; x_wconf 86' lang='lat' dir='ltr'><strong>ltabeto,</strong></span> <span class='ocrx_word' id='word_1_558' title='bbox 1117 3924 1245 3992; x_wconf 88' lang='lat' dir='ltr'><strong>quia</strong></span> <span class='ocrx_word' id='word_1_559' title='bbox 1277 3922 1495 3981; x_wconf 64' lang='lat' dir='ltr'><strong>refertae</strong></span> <span class='ocrx_word' id='word_1_560' title='bbox 1518 3937 1645 3981; x_wconf 88' lang='lat' dir='ltr'><strong>sunt</strong></span> <span class='ocrx_word' id='word_1_561' title='bbox 1671 3927 1848 3982; x_wconf 87' lang='lat' dir='ltr'><strong>malis.</strong></span> 
     </span>
     <span class='ocr_line' id='line_1_71' title="bbox 278 4009 1849 4084; baseline 0.003 -18"><span class='ocrx_word' id='word_1_562' title='bbox 278 4009 557 4066; x_wconf 81' lang='lat' dir='ltr'><strong>Desideria</strong></span> <span class='ocrx_word' id='word_1_563' title='bbox 596 4019 649 4066; x_wconf 89' lang='lat' dir='ltr'><strong>et</strong></span> <span class='ocrx_word' id='word_1_564' title='bbox 689 4012 1006 4081; x_wconf 85' lang='lat' dir='ltr'><strong>cupiditates</strong></span> <span class='ocrx_word' id='word_1_565' title='bbox 1052 4024 1160 4069; x_wconf 75' lang='lat' dir='ltr'><strong>tuae</strong></span> <span class='ocrx_word' id='word_1_566' title='bbox 1210 4017 1482 4071; x_wconf 89' lang='lat' dir='ltr'><strong>neminem</strong></span> <span class='ocrx_word' id='word_1_567' title='bbox 1516 4014 1849 4084; x_wconf 77' lang='lat' dir='ltr'><strong>defatigent,</strong></span> 
     </span>
     <span class='ocr_line' id='line_1_72' title="bbox 274 4099 1851 4175; baseline 0.004 -20"><span class='ocrx_word' id='word_1_568' title='bbox 274 4099 548 4155; x_wconf 88' lang='lat' dir='ltr'><strong>neminem</strong></span> <span class='ocrx_word' id='word_1_569' title='bbox 575 4109 917 4171; x_wconf 86' lang='lat' dir='ltr'><strong>oppugnent;</strong></span> <span class='ocrx_word' id='word_1_570' title='bbox 962 4113 1018 4158; x_wconf 89' lang='lat' dir='ltr'><strong>et</strong></span> <span class='ocrx_word' id='word_1_571' title='bbox 1046 4103 1091 4159; x_wconf 89' lang='lat' dir='ltr'><strong>si</strong></span> <span class='ocrx_word' id='word_1_572' title='bbox 1134 4110 1186 4159; x_wconf 88' lang='lat' dir='ltr'><strong>te</strong></span> <span class='ocrx_word' id='word_1_573' title='bbox 1226 4104 1364 4160; x_wconf 78' lang='lat' dir='ltr'><strong>falso</strong></span> <span class='ocrx_word' id='word_1_574' title='bbox 1405 4106 1529 4175; x_wconf 91' lang='lat' dir='ltr'><strong>quis</strong></span> <span class='ocrx_word' id='word_1_575' title='bbox 1562 4106 1851 4175; x_wconf 86' lang='lat' dir='ltr'><strong>redargue·</strong></span> 
     </span>
     <span class='ocr_line' id='line_1_73' title="bbox 271 4191 1853 4268; baseline 0.004 -21"><span class='ocrx_word' id='word_1_576' title='bbox 271 4193 384 4256; x_wconf 83' lang='lat' dir='ltr'><strong>rit,</strong></span> <span class='ocrx_word' id='word_1_577' title='bbox 414 4207 483 4247; x_wconf 85' lang='lat' dir='ltr'><strong>ne</strong></span> <span class='ocrx_word' id='word_1_578' title='bbox 512 4192 895 4247; x_wconf 79' lang='lat' dir='ltr'><strong>excandescas.</strong></span> <span class='ocrx_word' id='word_1_579' title='bbox 940 4191 1263 4265; x_wconf 77' lang='lat' dir='ltr'><strong>superbiam</strong></span> <span class='ocrx_word' id='word_1_580' title='bbox 1290 4195 1454 4267; x_wconf 80' lang='lat' dir='ltr'><strong>longe</strong></span> <span class='ocrx_word' id='word_1_581' title='bbox 1493 4196 1769 4268; x_wconf 86' lang='lat' dir='ltr'><strong>propelle,</strong></span> <span class='ocrx_word' id='word_1_582' title='bbox 1799 4206 1853 4255; x_wconf 90' lang='lat' dir='ltr'><strong>et</strong></span> 
     </span>
     <span class='ocr_line' id='line_1_74' title="bbox 270 4284 1849 4360; baseline 0.004 -23"><span class='ocrx_word' id='word_1_583' title='bbox 270 4284 583 4352; x_wconf 77' lang='lat' dir='ltr'><strong>proximum</strong></span> <span class='ocrx_word' id='word_1_584' title='bbox 610 4299 676 4340; x_wconf 88' lang='lat' dir='ltr'><strong>ac</strong></span> <span class='ocrx_word' id='word_1_585' title='bbox 721 4298 913 4340; x_wconf 90' lang='lat' dir='ltr'><strong>omnes</strong></span> <span class='ocrx_word' id='word_1_586' title='bbox 964 4285 1216 4342; x_wconf 88' lang='lat' dir='ltr'><strong>homines</strong></span> <span class='ocrx_word' id='word_1_587' title='bbox 1259 4298 1312 4343; x_wconf 91' lang='lat' dir='ltr'><strong>te</strong></span> <span class='ocrx_word' id='word_1_588' title='bbox 1343 4289 1597 4345; x_wconf 87' lang='lat' dir='ltr'><strong>meliores</strong></span> <span class='ocrx_word' id='word_1_589' title='bbox 1643 4298 1849 4360; x_wconf 88' lang='lat' dir='ltr'><strong>reputa.</strong></span> 
     </span>
     <span class='ocr_line' id='line_1_75' title="bbox 266 4374 1852 4453; baseline 0.004 -23"><span class='ocrx_word' id='word_1_590' title='bbox 266 4374 563 4430; x_wconf 80' lang='lat' dir='ltr'><strong>Peccatum</strong></span> <span class='ocrx_word' id='word_1_591' title='bbox 592 4376 739 4446; x_wconf 86' lang='lat' dir='ltr'><strong>quod</strong></span> <span class='ocrx_word' id='word_1_592' title='bbox 780 4377 1101 4434; x_wconf 86' lang='lat' dir='ltr'><strong>commisisti</strong></span> <span class='ocrx_word' id='word_1_593' title='bbox 1128 4417 1145 4445; x_wconf 89' lang='lat'><strong>,</strong></span> <span class='ocrx_word' id='word_1_594' title='bbox 1182 4380 1322 4448; x_wconf 86' lang='lat' dir='ltr'><strong>patri</strong></span> <span class='ocrx_word' id='word_1_595' title='bbox 1372 4389 1464 4435; x_wconf 90' lang='lat' dir='ltr'><strong>tuo</strong></span> <span class='ocrx_word' id='word_1_596' title='bbox 1488 4382 1752 4453; x_wconf 86' lang='lat' dir='ltr'><strong>spirituali</strong></span> <span class='ocrx_word' id='word_1_597' title='bbox 1781 4394 1852 4437; x_wconf 83' lang='lat' dir='ltr'><strong>ne</strong></span> 
     </span>
    </p>
   </div>
   <div class='ocr_carea' id='block_1_15' title="bbox 1963 3176 3543 3438">
    <p class='ocr_par' dir='ltr' id='par_1_15' title="bbox 1963 3176 3543 3438">
     <span class='ocr_line' id='line_1_76' title="bbox 1965 3176 3541 3253; baseline 0.004 -22"><span class='ocrx_word' id='word_1_598' title='bbox 1965 3176 2250 3233; x_wconf 88' lang='lat' dir='ltr'><strong>militatem</strong></span> <span class='ocrx_word' id='word_1_599' title='bbox 2281 3179 2668 3246; x_wconf 80' lang='lat' dir='ltr'><strong>consequeris3</strong></span> <span class='ocrx_word' id='word_1_600' title='bbox 2706 3193 2834 3234; x_wconf 90' lang='lat' dir='ltr'><strong>vera</strong></span> <span class='ocrx_word' id='word_1_601' title='bbox 2882 3190 3063 3235; x_wconf 88' lang='lat' dir='ltr'><strong>autem</strong></span> <span class='ocrx_word' id='word_1_602' title='bbox 3104 3178 3381 3237; x_wconf 79' lang='lat' dir='ltr'><strong>humilitas</strong></span> <span class='ocrx_word' id='word_1_603' title='bbox 3415 3195 3541 3253; x_wconf 77' lang='lat' dir='ltr'><strong>pec-</strong></span> 
     </span>
     <span class='ocr_line' id='line_1_77' title="bbox 1964 3268 3543 3345; baseline 0.001 -16"><span class='ocrx_word' id='word_1_604' title='bbox 1964 3280 2088 3329; x_wconf 76' lang='lat' dir='ltr'><strong>cata</strong></span> <span class='ocrx_word' id='word_1_605' title='bbox 2111 3269 2293 3327; x_wconf 83' lang='lat' dir='ltr'><strong>omnia</strong></span> <span class='ocrx_word' id='word_1_606' title='bbox 2321 3268 2547 3327; x_wconf 85' lang='lat' dir='ltr'><strong>dimittit</strong></span> <span class='ocrx_word' id='word_1_607' title='bbox 2573 3271 2834 3329; x_wconf 77' lang='lat' dir='ltr'><strong>bominis.</strong></span> <span class='ocrx_word' id='word_1_608' title='bbox 2871 3272 3194 3345; x_wconf 71' lang='lat' dir='ltr'><strong>Quicunque</strong></span> <span class='ocrx_word' id='word_1_609' title='bbox 3222 3284 3403 3331; x_wconf 82' lang='lat' dir='ltr'><strong>autem</strong></span> <span class='ocrx_word' id='word_1_610' title='bbox 3426 3275 3543 3330; x_wconf 65' lang='lat' dir='ltr'><strong>baec</strong></span> 
     </span>
     <span class='ocr_line' id='line_1_78' title="bbox 1963 3364 3541 3438; baseline 0.003 -18"><span class='ocrx_word' id='word_1_611' title='bbox 1963 3378 2070 3420; x_wconf 87' lang='lat' dir='ltr'><strong>non</strong></span> <span class='ocrx_word' id='word_1_612' title='bbox 2096 3365 2417 3431; x_wconf 84' lang='lat' dir='ltr'><strong>servaverit,</strong></span> <span class='ocrx_word' id='word_1_613' title='bbox 2462 3364 2630 3420; x_wconf 86' lang='lat' dir='ltr'><strong>Deum</strong></span> <span class='ocrx_word' id='word_1_614' title='bbox 2665 3369 2983 3434; x_wconf 75' lang='lat' dir='ltr'><strong>provocabit</strong></span> <span class='ocrx_word' id='word_1_615' title='bbox 3012 3369 3080 3422; x_wconf 87' lang='lat' dir='ltr'><strong>ad</strong></span> <span class='ocrx_word' id='word_1_616' title='bbox 3105 3369 3264 3422; x_wconf 86' lang='lat' dir='ltr'><strong>iram.</strong></span> <span class='ocrx_word' id='word_1_617' title='bbox 3291 3366 3405 3438; x_wconf 78' lang='lat' dir='ltr'><strong>Ego</strong></span> <span class='ocrx_word' id='word_1_618' title='bbox 3429 3371 3541 3424; x_wconf 76' lang='lat' dir='ltr'><strong>An·</strong></span> 
     </span>
    </p>
   </div>
   <div class='ocr_carea' id='block_1_16' title="bbox 1963 3436 3541 3618">
    <p class='ocr_par' dir='ltr' id='par_1_16' title="bbox 1963 3436 3541 3618">
     <span class='ocr_line' id='line_1_79' title="bbox 1966 3436 3541 3530; baseline 0.003 -18"><span class='ocrx_word' id='word_1_619' title='bbox 1966 3456 2145 3512; x_wconf 90' lang='lat' dir='ltr'><strong>tonius</strong></span> <span class='ocrx_word' id='word_1_620' title='bbox 2172 3461 2456 3512; x_wconf 86' lang='lat' dir='ltr'><strong>veritatem</strong></span> <span class='ocrx_word' id='word_1_621' title='bbox 2486 3436 2580 3511; x_wconf 74' lang='lat' dir='ltr'><strong>itm</strong></span> <span class='ocrx_word' id='word_1_622' title='bbox 2614 3457 2772 3522; x_wconf 91' lang='lat' dir='ltr'><strong>dico;</strong></span> <span class='ocrx_word' id='word_1_623' title='bbox 2809 3458 2988 3526; x_wconf 83' lang='lat' dir='ltr'><strong>proebe</strong></span> <span class='ocrx_word' id='word_1_624' title='bbox 3010 3473 3153 3513; x_wconf 90' lang='lat' dir='ltr'><strong>nune</strong></span> <span class='ocrx_word' id='word_1_625' title='bbox 3178 3458 3344 3530; x_wconf 80' lang='lat' dir='ltr'><strong>igitur</strong></span> <span class='ocrx_word' id='word_1_626' title='bbox 3377 3473 3541 3517; x_wconf 80' lang='lat' dir='ltr'><strong>aures</strong></span> 
     </span>
     <span class='ocr_line' id='line_1_80' title="bbox 1963 3545 3533 3618; baseline 0 -15"><span class='ocrx_word' id='word_1_627' title='bbox 1963 3547 2145 3604; x_wconf 87' lang='lat' dir='ltr'><strong>verbis</strong></span> <span class='ocrx_word' id='word_1_628' title='bbox 2171 3546 2332 3615; x_wconf 85' lang='lat' dir='ltr'><strong>meis,</strong></span> <span class='ocrx_word' id='word_1_629' title='bbox 2367 3555 2422 3602; x_wconf 87' lang='lat' dir='ltr'><strong>et</strong></span> <span class='ocrx_word' id='word_1_630' title='bbox 2451 3547 2683 3602; x_wconf 90' lang='lat' dir='ltr'><strong>reconde</strong></span> <span class='ocrx_word' id='word_1_631' title='bbox 2708 3546 2799 3600; x_wconf 90' lang='lat' dir='ltr'><strong>illa</strong></span> <span class='ocrx_word' id='word_1_632' title='bbox 2840 3545 2893 3599; x_wconf 92' lang='lat' dir='ltr'><strong>in</strong></span> <span class='ocrx_word' id='word_1_633' title='bbox 2923 3545 3087 3600; x_wconf 89' lang='lat' dir='ltr'><strong>corde</strong></span> <span class='ocrx_word' id='word_1_634' title='bbox 3117 3555 3229 3612; x_wconf 88' lang='lat' dir='ltr'><strong>tuo,</strong></span> <span class='ocrx_word' id='word_1_635' title='bbox 3275 3546 3533 3618; x_wconf 79' lang='lat' dir='ltr'><strong>sciasque</strong></span> 
     </span>
    </p>
   </div>
   <div class='ocr_carea' id='block_1_17' title="bbox 1957 3637 3537 4450">
    <p class='ocr_par' dir='ltr' id='par_1_17' title="bbox 1957 3637 3537 4450">
     <span class='ocr_line' id='line_1_81' title="bbox 1962 3637 3532 3712; baseline 0.001 -20"><span class='ocrx_word' id='word_1_636' title='bbox 1962 3640 2106 3712; x_wconf 85' lang='lat' dir='ltr'><strong>qnod</strong></span> <span class='ocrx_word' id='word_1_637' title='bbox 2138 3641 2222 3696; x_wconf 85' lang='lat' dir='ltr'><strong>ltis</strong></span> <span class='ocrx_word' id='word_1_638' title='bbox 2251 3638 2595 3695; x_wconf 87' lang='lat' dir='ltr'><strong>sermonibus</strong></span> <span class='ocrx_word' id='word_1_639' title='bbox 2614 3648 2671 3693; x_wconf 92' lang='lat' dir='ltr'><strong>et</strong></span> <span class='ocrx_word' id='word_1_640' title='bbox 2695 3637 2981 3708; x_wconf 80' lang='lat' dir='ltr'><strong>praeceptis</strong></span> <span class='ocrx_word' id='word_1_641' title='bbox 3005 3646 3057 3693; x_wconf 89' lang='lat' dir='ltr'><strong>te</strong></span> <span class='ocrx_word' id='word_1_642' title='bbox 3077 3637 3324 3694; x_wconf 88' lang='lat' dir='ltr'><strong>Creatori</strong></span> <span class='ocrx_word' id='word_1_643' title='bbox 3354 3640 3532 3705; x_wconf 84' lang='lat' dir='ltr'><strong>trado;</strong></span> 
     </span>
     <span class='ocr_line' id='line_1_82' title="bbox 1962 3733 3537 3805; baseline -0.001 -15"><span class='ocrx_word' id='word_1_644' title='bbox 1962 3750 2083 3805; x_wconf 83' lang='lat' dir='ltr'><strong>quae</strong></span> <span class='ocrx_word' id='word_1_645' title='bbox 2113 3735 2157 3790; x_wconf 89' lang='lat' dir='ltr'><strong>si</strong></span> <span class='ocrx_word' id='word_1_646' title='bbox 2189 3733 2598 3802; x_wconf 83' lang='lat' dir='ltr'><strong>observaveris,</strong></span> <span class='ocrx_word' id='word_1_647' title='bbox 2629 3733 2891 3805; x_wconf 75' lang='lat' dir='ltr'><strong>gaudebis</strong></span> <span class='ocrx_word' id='word_1_648' title='bbox 2917 3747 3039 3789; x_wconf 90' lang='lat' dir='ltr'><strong>cum</strong></span> <span class='ocrx_word' id='word_1_649' title='bbox 3076 3734 3331 3789; x_wconf 89' lang='lat' dir='ltr'><strong>omnibus</strong></span> <span class='ocrx_word' id='word_1_650' title='bbox 3370 3749 3537 3804; x_wconf 80' lang='lat' dir='ltr'><strong>attge-</strong></span> 
     </span>
     <span class='ocr_line' id='line_1_83' title="bbox 1961 3822 3534 3894; baseline 0.003 -17"><span class='ocrx_word' id='word_1_651' title='bbox 1961 3822 2050 3891; x_wconf 86' lang='lat' dir='ltr'><strong>lis,</strong></span> <span class='ocrx_word' id='word_1_652' title='bbox 2100 3833 2155 3880; x_wconf 91' lang='lat' dir='ltr'><strong>et</strong></span> <span class='ocrx_word' id='word_1_653' title='bbox 2203 3834 2423 3880; x_wconf 86' lang='lat' dir='ltr'><strong>cunctos</strong></span> <span class='ocrx_word' id='word_1_654' title='bbox 2469 3824 2694 3894; x_wconf 89' lang='lat' dir='ltr'><strong>spiritus</strong></span> <span class='ocrx_word' id='word_1_655' title='bbox 2739 3823 2912 3880; x_wconf 91' lang='lat' dir='ltr'><strong>malos</strong></span> <span class='ocrx_word' id='word_1_656' title='bbox 2986 3838 3220 3880; x_wconf 84' lang='lat' dir='ltr'><strong>ntoerore</strong></span> <span class='ocrx_word' id='word_1_657' title='bbox 3256 3824 3534 3881; x_wconf 79' lang='lat' dir='ltr'><strong>conticit-s.</strong></span> 
     </span>
     <span class='ocr_line' id='line_1_84' title="bbox 1963 3915 3534 3987; baseline 0.002 -17"><span class='ocrx_word' id='word_1_658' title='bbox 1963 3915 2150 3986; x_wconf 88' lang='lat' dir='ltr'><strong>ltaque</strong></span> <span class='ocrx_word' id='word_1_659' title='bbox 2173 3917 2218 3971; x_wconf 91' lang='lat' dir='ltr'><strong>si</strong></span> <span class='ocrx_word' id='word_1_660' title='bbox 2249 3917 2335 3972; x_wconf 87' lang='lat' dir='ltr'><strong>bis</strong></span> <span class='ocrx_word' id='word_1_661' title='bbox 2363 3931 2584 3987; x_wconf 90' lang='lat' dir='ltr'><strong>operam</strong></span> <span class='ocrx_word' id='word_1_662' title='bbox 2624 3916 2850 3972; x_wconf 88' lang='lat' dir='ltr'><strong>navabis</strong></span> <span class='ocrx_word' id='word_1_663' title='bbox 2870 3956 2884 3980; x_wconf 88' lang='lat'><strong>,</strong></span> <span class='ocrx_word' id='word_1_664' title='bbox 2918 3925 2976 3971; x_wconf 91' lang='lat' dir='ltr'><strong>et</strong></span> <span class='ocrx_word' id='word_1_665' title='bbox 3009 3915 3313 3973; x_wconf 86' lang='lat' dir='ltr'><strong>ambulabis</strong></span> <span class='ocrx_word' id='word_1_666' title='bbox 3336 3915 3390 3973; x_wconf 90' lang='lat' dir='ltr'><strong>in</strong></span> <span class='ocrx_word' id='word_1_667' title='bbox 3421 3917 3534 3983; x_wconf 85' lang='lat' dir='ltr'><strong>eis;</strong></span> 
     </span>
     <span class='ocr_line' id='line_1_85' title="bbox 1962 4007 3535 4080; baseline -0.001 -17"><span class='ocrx_word' id='word_1_668' title='bbox 1962 4008 2103 4063; x_wconf 90' lang='lat' dir='ltr'><strong>Deus</strong></span> <span class='ocrx_word' id='word_1_669' title='bbox 2147 4020 2320 4063; x_wconf 89' lang='lat' dir='ltr'><strong>tecum</strong></span> <span class='ocrx_word' id='word_1_670' title='bbox 2356 4010 2493 4074; x_wconf 88' lang='lat' dir='ltr'><strong>erit,</strong></span> <span class='ocrx_word' id='word_1_671' title='bbox 2530 4016 2584 4064; x_wconf 93' lang='lat' dir='ltr'><strong>et</strong></span> <span class='ocrx_word' id='word_1_672' title='bbox 2614 4010 2790 4080; x_wconf 85' lang='lat' dir='ltr'><strong>angeli</strong></span> <span class='ocrx_word' id='word_1_673' title='bbox 2824 4008 2944 4078; x_wconf 89' lang='lat' dir='ltr'><strong>ejus</strong></span> <span class='ocrx_word' id='word_1_674' title='bbox 2979 4018 3159 4064; x_wconf 87' lang='lat' dir='ltr'><strong>tecum</strong></span> <span class='ocrx_word' id='word_1_675' title='bbox 3192 4007 3535 4080; x_wconf 84' lang='lat' dir='ltr'><strong>gradientur,</strong></span> 
     </span>
     <span class='ocr_line' id='line_1_86' title="bbox 1960 4099 3536 4172; baseline 0.003 -19"><span class='ocrx_word' id='word_1_676' title='bbox 1960 4109 2015 4154; x_wconf 91' lang='lat' dir='ltr'><strong>et</strong></span> <span class='ocrx_word' id='word_1_677' title='bbox 2042 4099 2220 4154; x_wconf 88' lang='lat' dir='ltr'><strong>anima</strong></span> <span class='ocrx_word' id='word_1_678' title='bbox 2255 4110 2344 4155; x_wconf 88' lang='lat' dir='ltr'><strong>tua</strong></span> <span class='ocrx_word' id='word_1_679' title='bbox 2376 4100 2688 4172; x_wconf 87' lang='lat' dir='ltr'><strong>implebitur</strong></span> <span class='ocrx_word' id='word_1_680' title='bbox 2726 4100 3067 4158; x_wconf 85' lang='lat' dir='ltr'><strong>aromatibus</strong></span> <span class='ocrx_word' id='word_1_681' title='bbox 3100 4110 3412 4158; x_wconf 81' lang='lat' dir='ltr'><strong>sanctorum</strong></span> <span class='ocrx_word' id='word_1_682' title='bbox 3433 4140 3449 4167; x_wconf 91' lang='lat'><strong>,</strong></span> <span class='ocrx_word' id='word_1_683' title='bbox 3480 4110 3536 4157; x_wconf 87' lang='lat' dir='ltr'><strong>et</strong></span> 
     </span>
     <span class='ocr_line' id='line_1_87' title="bbox 1959 4191 3535 4264; baseline 0.001 -20"><span class='ocrx_word' id='word_1_684' title='bbox 1959 4191 2167 4248; x_wconf 89' lang='lat' dir='ltr'><strong>lumine</strong></span> <span class='ocrx_word' id='word_1_685' title='bbox 2212 4191 2492 4248; x_wconf 86' lang='lat' dir='ltr'><strong>beatorum</strong></span> <span class='ocrx_word' id='word_1_686' title='bbox 2544 4191 2843 4264; x_wconf 85' lang='lat' dir='ltr'><strong>splendebit</strong></span> <span class='ocrx_word' id='word_1_687' title='bbox 2890 4191 3071 4246; x_wconf 88' lang='lat' dir='ltr'><strong>vultus</strong></span> <span class='ocrx_word' id='word_1_688' title='bbox 3116 4199 3268 4260; x_wconf 87' lang='lat' dir='ltr'><strong>tuus,</strong></span> <span class='ocrx_word' id='word_1_689' title='bbox 3316 4191 3535 4260; x_wconf 78' lang='lat' dir='ltr'><strong>erisque</strong></span> 
     </span>
     <span class='ocr_line' id='line_1_88' title="bbox 1957 4282 3534 4350; baseline -0.002 -10"><span class='ocrx_word' id='word_1_690' title='bbox 1957 4284 2290 4341; x_wconf 78' lang='lat' dir='ltr'><strong>sacrificium</strong></span> <span class='ocrx_word' id='word_1_691' title='bbox 2345 4285 2453 4342; x_wconf 86' lang='lat' dir='ltr'><strong>Deo</strong></span> <span class='ocrx_word' id='word_1_692' title='bbox 2503 4286 2646 4341; x_wconf 87' lang='lat' dir='ltr'><strong>sieut</strong></span> <span class='ocrx_word' id='word_1_693' title='bbox 2681 4300 2872 4341; x_wconf 86' lang='lat' dir='ltr'><strong>omttes</strong></span> <span class='ocrx_word' id='word_1_694' title='bbox 2913 4282 3129 4350; x_wconf 76' lang='lat' dir='ltr'><strong>sancti3</strong></span> <span class='ocrx_word' id='word_1_695' title='bbox 3181 4291 3239 4337; x_wconf 92' lang='lat' dir='ltr'><strong>et</strong></span> <span class='ocrx_word' id='word_1_696' title='bbox 3273 4296 3534 4338; x_wconf 86' lang='lat' dir='ltr'><strong>occurres</strong></span> 
     </span>
     <span class='ocr_line' id='line_1_89' title="bbox 1959 4378 3529 4450; baseline -0.004 -12"><span class='ocrx_word' id='word_1_697' title='bbox 1959 4380 2192 4438; x_wconf 90' lang='lat' dir='ltr'><strong>Domino</strong></span> <span class='ocrx_word' id='word_1_698' title='bbox 2243 4395 2365 4436; x_wconf 90' lang='lat' dir='ltr'><strong>eum</strong></span> <span class='ocrx_word' id='word_1_699' title='bbox 2408 4379 2583 4450; x_wconf 82' lang='lat' dir='ltr'><strong>jubilo</strong></span> <span class='ocrx_word' id='word_1_700' title='bbox 2629 4390 2683 4436; x_wconf 90' lang='lat' dir='ltr'><strong>et</strong></span> <span class='ocrx_word' id='word_1_701' title='bbox 2723 4381 2909 4436; x_wconf 85' lang='lat' dir='ltr'><strong>laetitia</strong></span> <span class='ocrx_word' id='word_1_702' title='bbox 2938 4422 2953 4448; x_wconf 91' lang='lat'><strong>,</strong></span> <span class='ocrx_word' id='word_1_703' title='bbox 3000 4378 3295 4448; x_wconf 84' lang='lat' dir='ltr'><strong>audiesque</strong></span> <span class='ocrx_word' id='word_1_704' title='bbox 3341 4392 3529 4432; x_wconf 81' lang='lat' dir='ltr'><strong>vocem</strong></span> 
     </span>
    </p>
   </div>
   <div class='ocr_carea' id='block_1_18' title="bbox 260 4466 3529 4545">
    <p class='ocr_par' dir='ltr' id='par_1_18' title="bbox 260 4466 3529 4545">
     <span class='ocr_line' id='line_1_90' title="bbox 260 4466 3529 4545; baseline -0 -21"><span class='ocrx_word' id='word_1_705' title='bbox 260 4467 414 4524; x_wconf 80' lang='lat' dir='ltr'><strong>cela.</strong></span> <span class='ocrx_word' id='word_1_706' title='bbox 444 4466 818 4538; x_wconf 82' lang='lat' dir='ltr'><strong>Respondendi</strong></span> <span class='ocrx_word' id='word_1_707' title='bbox 843 4470 1196 4542; x_wconf 89' lang='lat' dir='ltr'><strong>impotentem</strong></span> <span class='ocrx_word' id='word_1_708' title='bbox 1219 4473 1459 4528; x_wconf 90' lang='lat' dir='ltr'><strong>animum</strong></span> <span class='ocrx_word' id='word_1_709' title='bbox 1487 4489 1516 4527; x_wconf 88' lang='lat' dir='ltr'><strong>a</strong></span> <span class='ocrx_word' id='word_1_710' title='bbox 1543 4483 1596 4529; x_wconf 92' lang='lat' dir='ltr'><strong>te</strong></span> <span class='ocrx_word' id='word_1_711' title='bbox 1617 4475 1845 4545; x_wconf 89' lang='lat' dir='ltr'><strong>depone,</strong></span> <span class='ocrx_word' id='word_1_712' title='bbox 1880 4479 1925 4536; x_wconf 86' lang='lat'><strong>1)</strong></span> <span class='ocrx_word' id='word_1_713' title='bbox 1955 4473 2102 4528; x_wconf 88' lang='lat' dir='ltr'><strong>illam</strong></span> <span class='ocrx_word' id='word_1_714' title='bbox 2135 4473 2402 4528; x_wconf 89' lang='lat' dir='ltr'><strong>dicentem</strong></span> <span class='ocrx_word' id='word_1_715' title='bbox 2434 4487 2449 4525; x_wconf 72' lang='grc' dir='ltr'><em>ε</em></span> <span class='ocrx_word' id='word_1_716' title='bbox 2485 4471 2690 4541; x_wconf 81' lang='lat' dir='ltr'><strong>Optime</strong></span> <span class='ocrx_word' id='word_1_717' title='bbox 2710 4473 2897 4542; x_wconf 72' lang='lat' dir='ltr'><strong>fecisti,</strong></span> <span class='ocrx_word' id='word_1_718' title='bbox 2929 4487 3071 4527; x_wconf 76' lang='lat' dir='ltr'><strong>serve</strong></span> <span class='ocrx_word' id='word_1_719' title='bbox 3099 4475 3228 4525; x_wconf 76' lang='lat' dir='ltr'><strong>bone</strong></span> <span class='ocrx_word' id='word_1_720' title='bbox 3251 4467 3529 4539; x_wconf 50' lang='lat' dir='ltr'><strong>nfideles:</strong></span> 
     </span>
    </p>
   </div>
   <div class='ocr_carea' id='block_1_19' title="bbox 244 4558 1849 5092">
    <p class='ocr_par' dir='ltr' id='par_1_19' title="bbox 244 4558 1849 5092">
     <span class='ocr_line' id='line_1_91' title="bbox 254 4558 1845 4634; baseline 0.004 -19"><span class='ocrx_word' id='word_1_721' title='bbox 254 4574 375 4615; x_wconf 74' lang='lat' dir='ltr'><strong>nee</strong></span> <span class='ocrx_word' id='word_1_722' title='bbox 408 4558 607 4615; x_wconf 78' lang='lat' dir='ltr'><strong>ntalutn</strong></span> <span class='ocrx_word' id='word_1_723' title='bbox 642 4560 724 4615; x_wconf 89' lang='lat' dir='ltr'><strong>vel</strong></span> <span class='ocrx_word' id='word_1_724' title='bbox 751 4567 919 4618; x_wconf 85' lang='lat' dir='ltr'><strong>corde</strong></span> <span class='ocrx_word' id='word_1_725' title='bbox 939 4562 1147 4634; x_wconf 84' lang='lat' dir='ltr'><strong>cogites</strong></span> <span class='ocrx_word' id='word_1_726' title='bbox 1170 4563 1223 4618; x_wconf 91' lang='lat' dir='ltr'><strong>in</strong></span> <span class='ocrx_word' id='word_1_727' title='bbox 1248 4578 1394 4629; x_wconf 90' lang='lat' dir='ltr'><strong>eum,</strong></span> <span class='ocrx_word' id='word_1_728' title='bbox 1424 4563 1517 4632; x_wconf 89' lang='lat' dir='ltr'><strong>qni</strong></span> <span class='ocrx_word' id='word_1_729' title='bbox 1541 4574 1592 4620; x_wconf 90' lang='lat' dir='ltr'><strong>te</strong></span> <span class='ocrx_word' id='word_1_730' title='bbox 1615 4566 1682 4620; x_wconf 87' lang='lat' dir='ltr'><strong>ad</strong></span> <span class='ocrx_word' id='word_1_731' title='bbox 1712 4567 1845 4621; x_wconf 90' lang='lat' dir='ltr'><strong>iram</strong></span> 
     </span>
     <span class='ocr_line' id='line_1_92' title="bbox 248 4653 1847 4725; baseline 0.001 -16"><span class='ocrx_word' id='word_1_732' title='bbox 248 4660 564 4724; x_wconf 73' lang='lat' dir='ltr'><strong>provocat,</strong></span> <span class='ocrx_word' id='word_1_733' title='bbox 598 4660 762 4722; x_wconf 88' lang='lat' dir='ltr'><strong>tuque</strong></span> <span class='ocrx_word' id='word_1_734' title='bbox 796 4655 864 4710; x_wconf 88' lang='lat' dir='ltr'><strong>ad</strong></span> <span class='ocrx_word' id='word_1_735' title='bbox 889 4655 1027 4710; x_wconf 91' lang='lat' dir='ltr'><strong>iram</strong></span> <span class='ocrx_word' id='word_1_736' title='bbox 1059 4670 1130 4710; x_wconf 90' lang='lat' dir='ltr'><strong>ne</strong></span> <span class='ocrx_word' id='word_1_737' title='bbox 1159 4669 1436 4725; x_wconf 90' lang='lat' dir='ltr'><strong>properes.</strong></span> <span class='ocrx_word' id='word_1_738' title='bbox 1468 4653 1642 4710; x_wconf 77' lang='lat' dir='ltr'><strong>Verba</strong></span> <span class='ocrx_word' id='word_1_739' title='bbox 1668 4656 1847 4712; x_wconf 88' lang='lat' dir='ltr'><strong>inania</strong></span> 
     </span>
     <span class='ocr_line' id='line_1_93' title="bbox 252 4739 1849 4814; baseline 0.003 -17"><span class='ocrx_word' id='word_1_740' title='bbox 252 4757 333 4797; x_wconf 82' lang='lat' dir='ltr'><strong>ste</strong></span> <span class='ocrx_word' id='word_1_741' title='bbox 369 4739 610 4807; x_wconf 71' lang='lat' dir='ltr'><strong>eunitae,</strong></span> <span class='ocrx_word' id='word_1_742' title='bbox 632 4745 727 4798; x_wconf 88' lang='lat' dir='ltr'><strong>sed</strong></span> <span class='ocrx_word' id='word_1_743' title='bbox 758 4759 858 4800; x_wconf 84' lang='lat' dir='ltr'><strong>nee</strong></span> <span class='ocrx_word' id='word_1_744' title='bbox 890 4745 1264 4801; x_wconf 74' lang='lat' dir='ltr'><strong>effutientibus</strong></span> <span class='ocrx_word' id='word_1_745' title='bbox 1288 4760 1452 4802; x_wconf 88' lang='lat' dir='ltr'><strong>aures</strong></span> <span class='ocrx_word' id='word_1_746' title='bbox 1488 4747 1751 4814; x_wconf 73' lang='lat' dir='ltr'><strong>praebeas,</strong></span> <span class='ocrx_word' id='word_1_747' title='bbox 1780 4763 1849 4802; x_wconf 92' lang='lat' dir='ltr'><strong>ne</strong></span> 
     </span>
     <span class='ocr_line' id='line_1_94' title="bbox 254 4833 1835 4896; baseline 0.006 -9"><span class='ocrx_word' id='word_1_748' title='bbox 254 4833 451 4890; x_wconf 77' lang='lat' dir='ltr'><strong>animo</strong></span> <span class='ocrx_word' id='word_1_749' title='bbox 479 4833 570 4891; x_wconf 89' lang='lat' dir='ltr'><strong>illa</strong></span> <span class='ocrx_word' id='word_1_750' title='bbox 617 4835 861 4891; x_wconf 83' lang='lat' dir='ltr'><strong>ltaurias.</strong></span> <span class='ocrx_word' id='word_1_751' title='bbox 906 4835 1081 4893; x_wconf 80' lang='lat' dir='ltr'><strong>Verba</strong></span> <span class='ocrx_word' id='word_1_752' title='bbox 1119 4846 1209 4892; x_wconf 90' lang='lat' dir='ltr'><strong>tua</strong></span> <span class='ocrx_word' id='word_1_753' title='bbox 1239 4838 1350 4894; x_wconf 90' lang='lat' dir='ltr'><strong>sint</strong></span> <span class='ocrx_word' id='word_1_754' title='bbox 1380 4838 1642 4894; x_wconf 84' lang='lat' dir='ltr'><strong>memoria</strong></span> <span class='ocrx_word' id='word_1_755' title='bbox 1672 4839 1835 4896; x_wconf 85' lang='lat' dir='ltr'><strong>bene·</strong></span> 
     </span>
     <span class='ocr_line' id='line_1_95' title="bbox 250 4923 1841 5002; baseline 0.004 -20"><span class='ocrx_word' id='word_1_756' title='bbox 250 4923 513 4982; x_wconf 70' lang='lat' dir='ltr'><strong>liciorum</strong></span> <span class='ocrx_word' id='word_1_757' title='bbox 562 4926 816 4983; x_wconf 86' lang='lat' dir='ltr'><strong>altissimi</strong></span> <span class='ocrx_word' id='word_1_758' title='bbox 863 4927 995 4996; x_wconf 88' lang='lat' dir='ltr'><strong>Dei;</strong></span> <span class='ocrx_word' id='word_1_759' title='bbox 1039 4937 1203 4998; x_wconf 88' lang='lat' dir='ltr'><strong>tuque</strong></span> <span class='ocrx_word' id='word_1_760' title='bbox 1230 4929 1433 5000; x_wconf 85' lang='lat' dir='ltr'><strong>jugiter</strong></span> <span class='ocrx_word' id='word_1_761' title='bbox 1474 4931 1542 4985; x_wconf 88' lang='lat' dir='ltr'><strong>ab</strong></span> <span class='ocrx_word' id='word_1_762' title='bbox 1581 4930 1674 4989; x_wconf 89' lang='lat' dir='ltr'><strong>illo</strong></span> <span class='ocrx_word' id='word_1_763' title='bbox 1712 4947 1841 5002; x_wconf 89' lang='lat' dir='ltr'><strong>pro-</strong></span> 
     </span>
     <span class='ocr_line' id='line_1_96' title="bbox 244 5017 1849 5092; baseline 0.006 -20"><span class='ocrx_word' id='word_1_764' title='bbox 244 5017 606 5091; x_wconf 61' lang='lat' dir='ltr'><strong>vitiationem</strong></span> <span class='ocrx_word' id='word_1_765' title='bbox 650 5028 865 5090; x_wconf 83' lang='lat' dir='ltr'><strong>expete.</strong></span> <span class='ocrx_word' id='word_1_766' title='bbox 908 5020 1249 5077; x_wconf 84' lang='lat' dir='ltr'><strong>Facultatum</strong></span> <span class='ocrx_word' id='word_1_767' title='bbox 1278 5021 1625 5092; x_wconf 76' lang='lat' dir='ltr'><strong>cupiditatem</strong></span> <span class='ocrx_word' id='word_1_768' title='bbox 1680 5033 1736 5081; x_wconf 87' lang='lat' dir='ltr'><strong>et</strong></span> <span class='ocrx_word' id='word_1_769' title='bbox 1766 5025 1849 5082; x_wconf 86' lang='lat' dir='ltr'><strong>in·</strong></span> 
     </span>
    </p>
   </div>
   <div class='ocr_carea' id='block_1_20' title="bbox 1957 4564 3532 4727">
    <p class='ocr_par' dir='ltr' id='par_1_20' title="bbox 1957 4564 3532 4727">
     <span class='ocr_line' id='line_1_97' title="bbox 1957 4564 3532 4633; baseline -0.002 -15"><span class='ocrx_word' id='word_1_770' title='bbox 1957 4565 2183 4633; x_wconf 81' lang='lat' dir='ltr'><strong>comperi</strong></span> <span class='ocrx_word' id='word_1_771' title='bbox 2215 4573 2265 4618; x_wconf 81' lang='lat' dir='ltr'><strong>te</strong></span> <span class='ocrx_word' id='word_1_772' title='bbox 2296 4564 2504 4632; x_wconf 74' lang='lat' dir='ltr'><strong>fidelem</strong></span> <span class='ocrx_word' id='word_1_773' title='bbox 2543 4565 2601 4619; x_wconf 79' lang='lat' dir='ltr'><strong>in</strong></span> <span class='ocrx_word' id='word_1_774' title='bbox 2642 4565 2881 4629; x_wconf 82' lang='lat' dir='ltr'><strong>modico,·</strong></span> <span class='ocrx_word' id='word_1_775' title='bbox 2925 4564 3243 4618; x_wconf 75' lang='lat' dir='ltr'><strong>constituant</strong></span> <span class='ocrx_word' id='word_1_776' title='bbox 3283 4573 3332 4617; x_wconf 81' lang='lat' dir='ltr'><strong>te</strong></span> <span class='ocrx_word' id='word_1_777' title='bbox 3375 4576 3532 4631; x_wconf 70' lang='grc' dir='ltr'><strong><em>ευμεν</em></strong></span> 
     </span>
     <span class='ocr_line' id='line_1_98' title="bbox 1958 4654 3529 4727; baseline -0.001 -17"><span class='ocrx_word' id='word_1_778' title='bbox 1958 4655 2121 4711; x_wconf 82' lang='lat' dir='ltr'><strong>multa</strong></span> <span class='ocrx_word' id='word_1_779' title='bbox 2138 4673 2160 4723; x_wconf 88' lang='lat'><strong>,·</strong></span> <span class='ocrx_word' id='word_1_780' title='bbox 2210 4655 2483 4727; x_wconf 65' lang='lat' dir='ltr'><strong>ingredere</strong></span> <span class='ocrx_word' id='word_1_781' title='bbox 2535 4659 2588 4711; x_wconf 84' lang='lat' dir='ltr'><strong>in</strong></span> <span class='ocrx_word' id='word_1_782' title='bbox 2642 4658 2896 4727; x_wconf 66' lang='lat' dir='ltr'><strong>pendium</strong></span> <span class='ocrx_word' id='word_1_783' title='bbox 2947 4655 3161 4712; x_wconf 79' lang='lat' dir='ltr'><strong>Domini</strong></span> <span class='ocrx_word' id='word_1_784' title='bbox 3197 4655 3275 4710; x_wconf 83' lang='lat' dir='ltr'><strong>tttt‘</strong></span> <span class='ocrx_word' id='word_1_785' title='bbox 3308 4654 3394 4711; x_wconf 80' lang='lat'><strong>¹⁸:</strong></span> <span class='ocrx_word' id='word_1_786' title='bbox 3443 4654 3529 4710; x_wconf 87' lang='lat' dir='ltr'><strong>cui</strong></span> 
     </span>
    </p>
   </div>
   <div class='ocr_carea' id='block_1_21' title="bbox 1955 4750 3515 5005">
    <p class='ocr_par' dir='ltr' id='par_1_21' title="bbox 1955 4750 3515 5005">
     <span class='ocr_line' id='line_1_99' title="bbox 1955 4750 3002 4822; baseline 0 -18"><span class='ocrx_word' id='word_1_787' title='bbox 1955 4750 2127 4822; x_wconf 85' lang='lat' dir='ltr'><strong>gloria</strong></span> <span class='ocrx_word' id='word_1_788' title='bbox 2152 4763 2372 4822; x_wconf 83' lang='lat' dir='ltr'><strong>semper</strong></span> <span class='ocrx_word' id='word_1_789' title='bbox 2403 4750 2458 4806; x_wconf 92' lang='lat' dir='ltr'><strong>in</strong></span> <span class='ocrx_word' id='word_1_790' title='bbox 2491 4753 2772 4807; x_wconf 65' lang='lat' dir='ltr'><strong>saeculum.</strong></span> <span class='ocrx_word' id='word_1_791' title='bbox 2809 4750 3002 4804; x_wconf 82' lang='lat' dir='ltr'><strong>Amen.</strong></span> 
     </span>
     <span class='ocr_line' id='line_1_100' title="bbox 2599 4841 2875 4912; baseline 0.004 -16"><span class='ocrx_word' id='word_1_792' title='bbox 2599 4841 2875 4912; x_wconf 75' lang='lat' dir='ltr'><strong>Ejusdem.</strong></span> 
     </span>
     <span class='ocr_line' id='line_1_101' title="bbox 2019 4931 3515 5005; baseline -0.002 -16"><span class='ocrx_word' id='word_1_793' title='bbox 2019 4933 2285 5005; x_wconf 86' lang='lat' dir='ltr'><strong>Oportet,</strong></span> <span class='ocrx_word' id='word_1_794' title='bbox 2323 4944 2382 4988; x_wconf 92' lang='lat' dir='ltr'><strong>ut</strong></span> <span class='ocrx_word' id='word_1_795' title='bbox 2424 4932 2608 5002; x_wconf 82' lang='lat' dir='ltr'><strong>junior</strong></span> <span class='ocrx_word' id='word_1_796' title='bbox 2658 4933 2956 4988; x_wconf 87' lang='lat' dir='ltr'><strong>monacbus</strong></span> <span class='ocrx_word' id='word_1_797' title='bbox 3001 4931 3068 4986; x_wconf 88' lang='lat' dir='ltr'><strong>de</strong></span> <span class='ocrx_word' id='word_1_798' title='bbox 3121 4931 3270 4987; x_wconf 86' lang='lat' dir='ltr'><strong>omni</strong></span> <span class='ocrx_word' id='word_1_799' title='bbox 3317 4943 3515 5001; x_wconf 80' lang='lat' dir='ltr'><strong>gressu</strong></span> 
     </span>
    </p>
   </div>
   <div class='ocr_carea' id='block_1_22' title="bbox 1949 5022 3563 5097">
    <p class='ocr_par' dir='ltr' id='par_1_22' title="bbox 1949 5022 3563 5097">
     <span class='ocr_line' id='line_1_102' title="bbox 1949 5022 3563 5097; baseline -0.001 -18"><span class='ocrx_word' id='word_1_800' title='bbox 1949 5038 2108 5097; x_wconf 91' lang='lat' dir='ltr'><strong>quem</strong></span> <span class='ocrx_word' id='word_1_801' title='bbox 2148 5025 2396 5097; x_wconf 85' lang='lat' dir='ltr'><strong>graditur</strong></span> <span class='ocrx_word' id='word_1_802' title='bbox 2441 5025 2528 5082; x_wconf 90' lang='lat' dir='ltr'><strong>vel</strong></span> <span class='ocrx_word' id='word_1_803' title='bbox 2574 5025 2630 5080; x_wconf 89' lang='lat' dir='ltr'><strong>in</strong></span> <span class='ocrx_word' id='word_1_804' title='bbox 2672 5038 2769 5080; x_wconf 86' lang='lat' dir='ltr'><strong>sua</strong></span> <span class='ocrx_word' id='word_1_805' title='bbox 2804 5023 2973 5088; x_wconf 92' lang='lat' dir='ltr'><strong>cella,</strong></span> <span class='ocrx_word' id='word_1_806' title='bbox 3005 5033 3059 5079; x_wconf 89' lang='lat' dir='ltr'><strong>et</strong></span> <span class='ocrx_word' id='word_1_807' title='bbox 3087 5023 3154 5079; x_wconf 85' lang='lat' dir='ltr'><strong>de</strong></span> <span class='ocrx_word' id='word_1_808' title='bbox 3191 5022 3339 5078; x_wconf 89' lang='lat' dir='ltr'><strong>omni</strong></span> <span class='ocrx_word' id='word_1_809' title='bbox 3369 5031 3522 5093; x_wconf 85' lang='lat' dir='ltr'><strong>gutta</strong></span> <span class='ocrx_word' id='word_1_810' title='bbox 3553 5079 3563 5089; x_wconf 72' lang='lat'><strong>,</strong></span> 
     </span>
    </p>
   </div>
   <div class='ocr_carea' id='block_1_23' title="bbox 244 5111 3526 5207">
    <p class='ocr_par' dir='ltr' id='par_1_23' title="bbox 244 5111 3526 5207">
     <span class='ocr_line' id='line_1_103' title="bbox 244 5111 3526 5207; baseline 0.001 -38"><span class='ocrx_word' id='word_1_811' title='bbox 244 5111 634 5169; x_wconf 78' lang='lat' dir='ltr'><strong>obedientiam</strong></span> <span class='ocrx_word' id='word_1_812' title='bbox 670 5114 859 5184; x_wconf 75' lang='lat' dir='ltr'><strong>procul</strong></span> <span class='ocrx_word' id='word_1_813' title='bbox 893 5114 1054 5186; x_wconf 80' lang='lat' dir='ltr'><strong>suge3</strong></span> <span class='ocrx_word' id='word_1_814' title='bbox 1097 5117 1192 5172; x_wconf 87' lang='lat' dir='ltr'><strong>sed</strong></span> <span class='ocrx_word' id='word_1_815' title='bbox 1233 5117 1400 5171; x_wconf 87' lang='lat' dir='ltr'><strong>multo</strong></span> <span class='ocrx_word' id='word_1_816' title='bbox 1438 5117 1610 5189; x_wconf 83' lang='lat' dir='ltr'><strong>magis</strong></span> <span class='ocrx_word' id='word_1_817' title='bbox 1643 5118 1847 5189; x_wconf 86' lang='lat' dir='ltr'><strong>gulam,</strong></span> <span class='ocrx_word' id='word_1_818' title='bbox 1950 5135 2103 5190; x_wconf 84' lang='lat' dir='ltr'><strong>aquae</strong></span> <span class='ocrx_word' id='word_1_819' title='bbox 2128 5134 2292 5207; x_wconf 79' lang='lat' dir='ltr'><strong>qnam</strong></span> <span class='ocrx_word' id='word_1_820' title='bbox 2316 5118 2479 5184; x_wconf 88' lang='lat' dir='ltr'><strong>bibit,</strong></span> <span class='ocrx_word' id='word_1_821' title='bbox 2506 5117 2751 5176; x_wconf 86' lang='lat' dir='ltr'><strong>seniores</strong></span> <span class='ocrx_word' id='word_1_822' title='bbox 2773 5116 3038 5172; x_wconf 87' lang='lat' dir='ltr'><strong>consulat.</strong></span> <span class='ocrx_word' id='word_1_823' title='bbox 3063 5115 3339 5186; x_wconf 88' lang='lat' dir='ltr'><strong>Siquidem</strong></span> <span class='ocrx_word' id='word_1_824' title='bbox 3366 5129 3526 5185; x_wconf 79' lang='lat' dir='ltr'><strong>quos·</strong></span> 
     </span>
    </p>
   </div>
   <div class='ocr_carea' id='block_1_24' title="bbox 228 5205 1844 5650">
    <p class='ocr_par' dir='ltr' id='par_1_24' title="bbox 228 5205 1844 5549">
     <span class='ocr_line' id='line_1_104' title="bbox 236 5205 1844 5278; baseline 0.001 -16"><span class='ocrx_word' id='word_1_825' title='bbox 236 5218 325 5263; x_wconf 85' lang='lat' dir='ltr'><strong>ste</strong></span> <span class='ocrx_word' id='word_1_826' title='bbox 356 5205 822 5274; x_wconf 88' lang='lat' dir='ltr'><strong>concupiscentiis</strong></span> <span class='ocrx_word' id='word_1_827' title='bbox 847 5206 956 5261; x_wconf 88' lang='lat' dir='ltr'><strong>tuis</strong></span> <span class='ocrx_word' id='word_1_828' title='bbox 987 5206 1301 5278; x_wconf 84' lang='lat' dir='ltr'><strong>illaquearis</strong></span> <span class='ocrx_word' id='word_1_829' title='bbox 1328 5223 1342 5261; x_wconf 78' lang='lat' dir='ltr'><strong>t</strong></span> <span class='ocrx_word' id='word_1_830' title='bbox 1380 5209 1505 5278; x_wconf 85' lang='lat' dir='ltr'><strong>qnia</strong></span> <span class='ocrx_word' id='word_1_831' title='bbox 1537 5208 1652 5264; x_wconf 80' lang='lat' dir='ltr'><strong>ltaee</strong></span> <span class='ocrx_word' id='word_1_832' title='bbox 1683 5209 1844 5264; x_wconf 90' lang='lat' dir='ltr'><strong>timo·</strong></span> 
     </span>
     <span class='ocr_line' id='line_1_105' title="bbox 234 5294 1839 5372; baseline 0.002 -18"><span class='ocrx_word' id='word_1_833' title='bbox 234 5312 379 5354; x_wconf 81' lang='lat' dir='ltr'><strong>rem</strong></span> <span class='ocrx_word' id='word_1_834' title='bbox 411 5294 503 5352; x_wconf 80' lang='lat' dir='ltr'><strong>bei</strong></span> <span class='ocrx_word' id='word_1_835' title='bbox 529 5312 558 5351; x_wconf 86' lang='lat' dir='ltr'><strong>a</strong></span> <span class='ocrx_word' id='word_1_836' title='bbox 588 5298 777 5363; x_wconf 88' lang='lat' dir='ltr'><strong>corde,</strong></span> <span class='ocrx_word' id='word_1_837' title='bbox 806 5306 861 5354; x_wconf 91' lang='lat' dir='ltr'><strong>et</strong></span> <span class='ocrx_word' id='word_1_838' title='bbox 886 5300 1270 5356; x_wconf 80' lang='lat' dir='ltr'><strong>verecundiam</strong></span> <span class='ocrx_word' id='word_1_839' title='bbox 1299 5316 1327 5355; x_wconf 89' lang='lat' dir='ltr'><strong>a</strong></span> <span class='ocrx_word' id='word_1_840' title='bbox 1358 5299 1506 5355; x_wconf 90' lang='lat' dir='ltr'><strong>vultu</strong></span> <span class='ocrx_word' id='word_1_841' title='bbox 1530 5299 1839 5372; x_wconf 76' lang='lat' dir='ltr'><strong>expellunt:</strong></span> 
     </span>
     <span class='ocr_line' id='line_1_106' title="bbox 228 5388 1835 5462; baseline 0.002 -17"><span class='ocrx_word' id='word_1_842' title='bbox 228 5388 337 5446; x_wconf 73' lang='lat' dir='ltr'><strong>sui</strong></span> <span class='ocrx_word' id='word_1_843' title='bbox 413 5389 718 5444; x_wconf 86' lang='lat' dir='ltr'><strong>studiosum</strong></span> <span class='ocrx_word' id='word_1_844' title='bbox 789 5390 988 5447; x_wconf 85' lang='lat' dir='ltr'><strong>vilibus</strong></span> <span class='ocrx_word' id='word_1_845' title='bbox 1046 5406 1111 5446; x_wconf 88' lang='lat' dir='ltr'><strong>ac</strong></span> <span class='ocrx_word' id='word_1_846' title='bbox 1158 5390 1393 5446; x_wconf 86' lang='lat' dir='ltr'><strong>sordidis</strong></span> <span class='ocrx_word' id='word_1_847' title='bbox 1447 5391 1835 5462; x_wconf 81' lang='lat' dir='ltr'><strong>cupiditatibus</strong></span> 
     </span>
     <span class='ocr_line' id='line_1_107' title="bbox 230 5477 1514 5549; baseline 0.003 -15"><span class='ocrx_word' id='word_1_848' title='bbox 230 5477 581 5549; x_wconf 62' lang='lat' dir='ltr'><strong>subjiciunt,</strong></span> <span class='ocrx_word' id='word_1_849' title='bbox 618 5488 671 5534; x_wconf 92' lang='lat' dir='ltr'><strong>et</strong></span> <span class='ocrx_word' id='word_1_850' title='bbox 705 5491 941 5536; x_wconf 87' lang='lat' dir='ltr'><strong>mentem</strong></span> <span class='ocrx_word' id='word_1_851' title='bbox 974 5480 1284 5537; x_wconf 86' lang='lat' dir='ltr'><strong>abalienant</strong></span> <span class='ocrx_word' id='word_1_852' title='bbox 1312 5495 1341 5535; x_wconf 86' lang='lat' dir='ltr'><strong>a</strong></span> <span class='ocrx_word' id='word_1_853' title='bbox 1384 5482 1514 5538; x_wconf 86' lang='lat' dir='ltr'><strong>Deo.</strong></span> 
     </span>
    </p>

    <p class='ocr_par' dir='ltr' id='par_1_25' title="bbox 325 5569 1831 5650">
     <span class='ocr_line' id='line_1_108' title="bbox 325 5569 1831 5650; baseline 0.005 -23"><span class='ocrx_word' id='word_1_854' title='bbox 325 5569 415 5628; x_wconf 73' lang='lat' dir='ltr'><strong>Ne</strong></span> <span class='ocrx_word' id='word_1_855' title='bbox 435 5571 712 5643; x_wconf 83' lang='lat' dir='ltr'><strong>glorieris,</strong></span> <span class='ocrx_word' id='word_1_856' title='bbox 749 5588 851 5628; x_wconf 82' lang='lat' dir='ltr'><strong>nec</strong></span> <span class='ocrx_word' id='word_1_857' title='bbox 878 5575 1044 5630; x_wconf 88' lang='lat' dir='ltr'><strong>corde</strong></span> <span class='ocrx_word' id='word_1_858' title='bbox 1069 5587 1252 5631; x_wconf 86' lang='lat' dir='ltr'><strong>verses</strong></span> <span class='ocrx_word' id='word_1_859' title='bbox 1274 5616 1291 5646; x_wconf 85' lang='lat'><strong>,</strong></span> <span class='ocrx_word' id='word_1_860' title='bbox 1320 5584 1410 5632; x_wconf 90' lang='lat' dir='ltr'><strong>aut</strong></span> <span class='ocrx_word' id='word_1_861' title='bbox 1441 5576 1621 5636; x_wconf 81' lang='lat' dir='ltr'><strong>verbis</strong></span> <span class='ocrx_word' id='word_1_862' title='bbox 1641 5577 1831 5650; x_wconf 81' lang='lat' dir='ltr'><strong>jactes,</strong></span> 
     </span>
    </p>
   </div>
   <div class='ocr_carea' id='block_1_25' title="bbox 322 5750 1023 5821">
    <p class='ocr_par' dir='ltr' id='par_1_26' title="bbox 322 5750 1023 5821">
     <span class='ocr_line' id='line_1_109' title="bbox 322 5750 1023 5821; baseline -0.006 -12"><span class='ocrx_word' id='word_1_863' title='bbox 322 5752 371 5786; x_wconf 80' lang='lat'><strong>¹⁸</strong></span> <span class='ocrx_word' id='word_1_864' title='bbox 416 5750 611 5809; x_wconf 69' lang='lat' dir='ltr'><strong>Matth.</strong></span> <span class='ocrx_word' id='word_1_865' title='bbox 648 5766 772 5818; x_wconf 74' lang='lat' dir='ltr'><strong>xxv,</strong></span> <span class='ocrx_word' id='word_1_866' title='bbox 802 5750 890 5821; x_wconf 77' lang='lat'><strong>21,</strong></span> <span class='ocrx_word' id='word_1_867' title='bbox 931 5750 1023 5806; x_wconf 69' lang='lat'><strong>25.</strong></span> 
     </span>
    </p>
   </div>
   <div class='ocr_carea' id='block_1_26' title="bbox 1950 5208 3524 5280">
    <p class='ocr_par' dir='ltr' id='par_1_27' title="bbox 1950 5208 3524 5280">
     <span class='ocr_line' id='line_1_110' title="bbox 1950 5208 3524 5280; baseline -0.001 -13"><span class='ocrx_word' id='word_1_868' title='bbox 1950 5212 2071 5267; x_wconf 87' lang='lat' dir='ltr'><strong>dam</strong></span> <span class='ocrx_word' id='word_1_869' title='bbox 2124 5226 2360 5280; x_wconf 85' lang='lat' dir='ltr'><strong>agnosco</strong></span> <span class='ocrx_word' id='word_1_870' title='bbox 2415 5211 2712 5267; x_wconf 78' lang='lat' dir='ltr'><strong>monachos</strong></span> <span class='ocrx_word' id='word_1_871' title='bbox 2766 5209 2859 5280; x_wconf 91' lang='lat' dir='ltr'><strong>qui</strong></span> <span class='ocrx_word' id='word_1_872' title='bbox 2906 5208 3255 5274; x_wconf 88' lang='lat' dir='ltr'><strong>ceciderunt,</strong></span> <span class='ocrx_word' id='word_1_873' title='bbox 3295 5208 3421 5279; x_wconf 89' lang='lat' dir='ltr'><strong>qnia</strong></span> <span class='ocrx_word' id='word_1_874' title='bbox 3462 5222 3524 5265; x_wconf 79' lang='lat' dir='ltr'><strong>se</strong></span> 
     </span>
    </p>
   </div>
   <div class='ocr_carea' id='block_1_27' title="bbox 1941 5301 3520 5651">
    <p class='ocr_par' dir='ltr' id='par_1_28' title="bbox 1941 5301 3520 5651">
     <span class='ocr_line' id='line_1_111' title="bbox 1947 5301 3509 5375; baseline -0.003 -16"><span class='ocrx_word' id='word_1_875' title='bbox 1947 5304 2058 5359; x_wconf 82' lang='lat' dir='ltr'><strong>Deo</strong></span> <span class='ocrx_word' id='word_1_876' title='bbox 2095 5303 2311 5375; x_wconf 90' lang='lat' dir='ltr'><strong>plaeere</strong></span> <span class='ocrx_word' id='word_1_877' title='bbox 2333 5304 2740 5360; x_wconf 82' lang='lat' dir='ltr'><strong>existimabant.</strong></span> <span class='ocrx_word' id='word_1_878' title='bbox 2771 5302 2954 5371; x_wconf 84' lang='lat' dir='ltr'><strong>Quare</strong></span> <span class='ocrx_word' id='word_1_879' title='bbox 2985 5302 3029 5358; x_wconf 88' lang='lat' dir='ltr'><strong>si</strong></span> <span class='ocrx_word' id='word_1_880' title='bbox 3055 5301 3151 5375; x_wconf 83' lang='lat' dir='ltr'><strong>tibi</strong></span> <span class='ocrx_word' id='word_1_881' title='bbox 3181 5309 3509 5372; x_wconf 66' lang='lat' dir='ltr'><strong>praeceptum</strong></span> 
     </span>
     <span class='ocr_line' id='line_1_112' title="bbox 1944 5391 3513 5466; baseline -0.005 -15"><span class='ocrx_word' id='word_1_882' title='bbox 1944 5395 2144 5466; x_wconf 84' lang='lat' dir='ltr'><strong>aliquid</strong></span> <span class='ocrx_word' id='word_1_883' title='bbox 2177 5395 2369 5461; x_wconf 78' lang='lat' dir='ltr'><strong>fuerit,</strong></span> <span class='ocrx_word' id='word_1_884' title='bbox 2401 5396 2541 5466; x_wconf 90' lang='lat' dir='ltr'><strong>quod</strong></span> <span class='ocrx_word' id='word_1_885' title='bbox 2590 5396 2681 5450; x_wconf 89' lang='lat' dir='ltr'><strong>Dei</strong></span> <span class='ocrx_word' id='word_1_886' title='bbox 2740 5392 2951 5450; x_wconf 88' lang='lat' dir='ltr'><strong>Domini</strong></span> <span class='ocrx_word' id='word_1_887' title='bbox 2975 5391 3166 5463; x_wconf 69' lang='lat' dir='ltr'><strong>[nostri</strong></span> <span class='ocrx_word' id='word_1_888' title='bbox 3224 5398 3513 5447; x_wconf 89' lang='lat' dir='ltr'><strong>consenta-</strong></span> 
     </span>
     <span class='ocr_line' id='line_1_113' title="bbox 1942 5481 3520 5558; baseline -0.004 -16"><span class='ocrx_word' id='word_1_889' title='bbox 1942 5502 2100 5542; x_wconf 88' lang='lat' dir='ltr'><strong>neum</strong></span> <span class='ocrx_word' id='word_1_890' title='bbox 2134 5488 2206 5545; x_wconf 88' lang='lat' dir='ltr'><strong>sit</strong></span> <span class='ocrx_word' id='word_1_891' title='bbox 2271 5492 2593 5558; x_wconf 68' lang='lat' dir='ltr'><strong>przrceptls,</strong></span> <span class='ocrx_word' id='word_1_892' title='bbox 2632 5486 2759 5542; x_wconf 87' lang='lat' dir='ltr'><strong>illnd</strong></span> <span class='ocrx_word' id='word_1_893' title='bbox 2790 5499 3012 5541; x_wconf 81' lang='lat' dir='ltr'><strong>servare</strong></span> <span class='ocrx_word' id='word_1_894' title='bbox 3041 5492 3095 5539; x_wconf 86' lang='lat' dir='ltr'><strong>et</strong></span> <span class='ocrx_word' id='word_1_895' title='bbox 3124 5481 3377 5553; x_wconf 86' lang='lat' dir='ltr'><strong>amplecti</strong></span> <span class='ocrx_word' id='word_1_896' title='bbox 3406 5488 3520 5535; x_wconf 86' lang='lat' dir='ltr'><strong>sat-</strong></span> 
     </span>
     <span class='ocr_line' id='line_1_114' title="bbox 1941 5571 3514 5651; baseline -0.006 -17"><span class='ocrx_word' id='word_1_897' title='bbox 1941 5596 2096 5651; x_wconf 80' lang='lat' dir='ltr'><strong>agas;</strong></span> <span class='ocrx_word' id='word_1_898' title='bbox 2131 5590 2187 5638; x_wconf 90' lang='lat' dir='ltr'><strong>ut</strong></span> <span class='ocrx_word' id='word_1_899' title='bbox 2239 5582 2292 5638; x_wconf 86' lang='lat' dir='ltr'><strong>ln</strong></span> <span class='ocrx_word' id='word_1_900' title='bbox 2356 5581 2506 5636; x_wconf 82' lang='lat' dir='ltr'><strong>vobis</strong></span> <span class='ocrx_word' id='word_1_901' title='bbox 2560 5578 2916 5650; x_wconf 88' lang='lat' dir='ltr'><strong>adimpleatur</strong></span> <span class='ocrx_word' id='word_1_902' title='bbox 2968 5577 3169 5634; x_wconf 87' lang='lat' dir='ltr'><strong>dictum</strong></span> <span class='ocrx_word' id='word_1_903' title='bbox 3211 5571 3514 5646; x_wconf 75' lang='lat' dir='ltr'><strong>Apostoli:</strong></span> 
     </span>
    </p>
   </div>
  </div>
 </body>
</html>
