3725 6125
313 260 386 319 55
1439 255 1758 312 PntLoNJS
1798 255 2103 313 Episcopt
2145 258 2470 315 CARPAstt
3481 210 3585 320 ’36

315 384 417 447 sia,
456 396 608 439 mens
661 380 762 437 l'uit
822 381 1074 446 morbus3
1131 376 1381 433 tenuibus
1428 378 1737 447 pharmacis
1783 394 1887 432 non
1920 385 1964 440 Α
1996 398 2122 449 μου,
2150 381 2279 433 ποτὲ
2316 380 2499 449 ἔλεγεν
2541 381 2574 451 ὴ
2616 378 2927 450 Ἐκκλησία,
2958 378 3184 447 γέγονεν
3227 379 3462 452 ἡνόσος·
3501 398 3587 452 μι-

313 473 725 541 convalescam;
790 487 1041 544 magnum
1128 469 1536 539 pei-rectumque
1622 469 1889 525 medicum

313 582 500 639 quaero
543 585 558 624 ι
608 581 770 622 merae
827 565 957 619 mibi
1030 560 1374 619 circumlusae
1429 570 1558 617 sunt
1619 562 1891 625 tenebrae;

314 655 557 718 lucerna,
607 655 690 709 lex
729 661 784 707 et
831 651 1105 720 prophetae
1135 665 1151 702 ι
1186 665 1205 700 ι
1239 647 1483 704 Lucerna
1518 668 1538 703 ι
1595 648 1764 715 enim,
1816 650 1896 704 ait

317 746 597 816 Scriptura
658 745 728 810 ²⁸,
804 741 1082 812 «pedibus
1131 742 1265 795 meis
1305 742 1387 796 lex
1430 750 1563 809 tua,
1618 753 1673 798 et
1712 743 1894 797 lumen

315 838 524 893 semitis
568 838 701 891 meis
733 853 746 889 ι
779 851 799 885 ι
839 833 932 888 sed
985 848 1089 887 non
1126 841 1379 903 poterunt
1432 851 1518 890 me
1561 835 1893 897 illuminare,

314 930 415 985 nisi
471 928 768 998 perfectum
831 925 964 979 milii
1018 926 1393 995 supervenerit
1461 927 1666 981 lumen.
1724 925 1893 992 lllud,

313 1020 620 1093 splendoris
652 1033 907 1082 excessu,
941 1017 1288 1072 tenebrarum
1312 1032 1593 1073 excessum
1626 1015 1894 1085 dispellet,

313 1117 564 1181 viamque
597 1110 793 1165 videbo
819 1125 941 1179 qnae
974 1123 1062 1164 me
1087 1125 1274 1165 rursus
1298 1110 1349 1165 in
1379 1110 1688 1180 paradisum
1712 1110 1893 1165 ducat.

313 1204 672 1261 Transcendit
708 1202 901 1268 legem,
958 1211 1178 1270 superat
1224 1203 1554 1271 propbetas;
1605 1210 1659 1256 et
1689 1202 1895 1256 interea

311 1298 438 1353 dum
470 1294 656 1351 oscula
691 1295 898 1363 excipit
942 1293 1208 1359 Ecclesia,
1258 1291 1604 1363 Unigenitum
1640 1302 1784 1347 orat.
1825 1290 1899 1346 Os

312 1393 455 1446 enim
508 1388 626 1452 Dei,
681 1396 765 1441 est
813 1386 1002 1443 Filius.
1052 1386 1413 1453 Quamobrem
1462 1402 1584 1442 cum
1629 1386 1773 1441 Dens
1803 1386 1896 1452 sit,

315 1482 551 1537 Verbum
603 1478 909 1549 appellatur
953 1498 969 1535 ι
1019 1479 1275 1549 quoniam
1330 1480 1511 1534 omnia
1561 1492 1899 1549 quaecunque

314 1575 428 1632 vult
456 1572 641 1637 Pater,
673 1588 768 1641 per
789 1572 988 1629 Filium
1019 1570 1277 1639 loquitur.

396 1762 460 1817 ll.
505 1763 767 1831 Quoniam
800 1763 935 1817 bona
969 1761 1129 1815 ubera
1163 1767 1257 1813 tua
1293 1772 1450 1825 super
1479 1757 1676 1811 vinum.

399 1848 511 1903 Dno
548 1847 716 1901 obera
770 1846 1059 1901 dicendum
1109 1845 1216 1898 duo
1257 1855 1379 1897 esse
1433 1839 1805 1900 Testamenta,
1863 1851 1896 1891 e

312 1940 512 2011 quibus
538 1938 797 1994 Ecclesiae
829 1935 922 1991 lilii
963 1942 1235 2005 cxsugunt
1263 1941 1461 1999 mente,
1490 1930 1656 1986 veluti
1691 1928 1895 1998 lingua,

313 2029 479 2083 verba
538 2028 802 2089 veritatis,
848 2035 905 2080 et
944 2025 998 2079 in
1037 2021 1333 2092 perfectam
1362 2018 1678 2074 adolescunt
1731 2016 1895 2069 vitam

315 2132 480 2191 atque
513 2131 748 2176 aetatem.
783 2118 882 2174 llic
914 2129 1073 2188 potus
1100 2116 1228 2170 vino
1260 2112 1605 2185 praestantior
1637 2119 1742 2165 est.
1775 2108 1893 2164 Non

315 2214 459 2269 enim
486 2230 516 2267 e
547 2222 687 2267 terra
719 2218 916 2273 scatet,
944 2211 1037 2264 sed
1065 2225 1096 2263 e
1124 2206 1278 2264 eoelis
1299 2204 1602 2261 descendit.
1639 2221 1659 2255 ι
1690 2202 1897 2273 Exspe-

315 2314 493 2360 ctetur
516 2321 535 2356 ι
579 2304 747 2370 enim,
784 2304 860 2356 ait
889 2302 960 2369 2⁸,
1007 2318 1028 2352 ι
1059 2310 1117 2354 ιιι
1155 2298 1334 2370 pluvia
1383 2297 1657 2367 eloquium
1693 2310 1896 2359 meum,

317 2404 371 2450 et
407 2393 735 2450 descendant
762 2400 822 2447 ut
848 2406 937 2447 ros
967 2391 1132 2446 verba
1164 2403 1304 2444 mea.
1340 2406 1360 2440 ι
1413 2387 1565 2442 llunc
1593 2396 1777 2456 potum
1806 2386 1895 2456 qni

313 2485 367 2541 in
404 2485 715 2542 coelestibus
755 2496 981 2552 seopum
1033 2481 1255 2545 habent,
1293 2488 1476 2534 mente
1525 2476 1688 2532 veluti
1721 2476 1897 2545 lingna

314 2593 382 2633 ex
412 2576 714 2647 Scripturis
747 2584 973 2645 sugunt,
1010 2583 1066 2629 et
1116 2581 1371 2642 tammam
1407 2572 1458 2625 in
1508 2578 1776 2631 ventrem,
1826 2570 1899 2623 ita

320 2670 377 2725 in
406 2685 501 2724 cor
533 2682 631 2739 per
667 2665 1045 2737 poenitentiam
1073 2664 1318 2719 dolorum
1351 2660 1677 2718 sedatriccm
1711 2661 1902 2715 demit-

317 2770 440 2817 tunt
469 2770 814 2829 peccalorum
845 2755 1243 2814 remissionem.
1269 2753 1734 2822 Quemadmodum
1752 2754 1898 2807 enim

320 2853 428 2909 duo
459 2852 624 2907 ubera
655 2850 806 2908 cordi
833 2850 1234 2917 adbaerescunt,
1271 2849 1342 2903 ita
1376 2848 1542 2903 etiam
1571 2847 1680 2903 duo
1703 2847 1900 2901 Testa-

323 2953 506 2999 menta
548 2960 612 3000 ex
662 2955 849 3000 sancto
882 2941 1091 3013 Spiritu
1139 2940 1476 3012 spiritualem
1523 2939 1679 2995 nobis
1711 2947 1896 3008 potum

318 3035 689 3111 profundendo
736 3036 976 3093 laetitiam
1029 3032 1264 3090 afferunt
1315 3047 1474 3103 snper
1520 3030 1747 3087 vinum:
1781 3028 1896 3085 Non

323 3131 468 3186 enim
503 3144 587 3185 me
628 3128 878 3184 dissolvit
908 3135 966 3181 ut
997 3126 1255 3190 ebrietas,
1297 3123 1374 3177 ait
1398 3120 1666 3184 Ecclesia,
1709 3120 1896 3189 liujus·

325 3219 467 3278 mooli
503 3232 680 3294 potus,
710 3223 781 3276 ita
817 3230 877 3275 ut
909 3217 1119 3275 obortis
1154 3216 1284 3270 mibi
1311 3214 1547 3270 tenebris
1581 3211 1898 3267 concidam:

320 3313 431 3369 imo
479 3315 675 3384 gaudio
715 3314 950 3384 quodam
997 3327 1083 3365 me
1129 3308 1425 3378 impinguat
1460 3315 1514 3360 et
1562 3304 1666 3357 lide
1701 3304 1902 3356 conlir-

333 3419 466 3472 mat,
502 3421 569 3462 ne
597 3408 663 3463 ad
695 3418 896 3462 terram
920 3402 1168 3471 dejiciar,
1205 3403 1298 3455 sed
1328 3403 1380 3455 in
1415 3410 1661 3456 neutram
1694 3406 1903 3467 partem

1996 474 2147 541 κροῖς
2190 473 2289 525 οὐκ
2336 471 2648 543 ίαθήσομαι·
2683 470 2776 523 τὸν
2816 470 2989 541 μέγαν
3025 469 3210 540 ἰατρὸν
3253 471 3351 524 καὶ
3380 471 3587 527 τέλειον

1996 562 2259 633 ἐπιζητῶ·
2292 562 2561 630 ἄκραντόν
2605 575 2694 631 μοι
2744 559 3099 631 περικέχυται
3145 560 3208 612 τὸ
3248 560 3457 623 σκότος·
3497 562 3589 616 λύ-

1996 670 2120 726 χνος
2145 656 2172 707 ὁ
2200 654 2364 723 νόμος
2380 654 2476 706 καὶ
2497 654 2546 706 ol
2580 652 2880 723 προφῆται·
2921 670 2940 701 ι
2963 650 3173 720 Λύχνος
3212 670 3230 702 ι
3266 655 3396 725 γὰρ,
3431 655 3588 724 φησι,

2004 764 2023 797 ι
2068 748 2181 809 τοῖς
2225 745 2351 798 ποσί
2397 763 2496 815 μου
2535 748 2563 798 ὁ
2598 745 2760 815 νόμος
2796 761 2910 804 σου,
2942 742 3035 796 καὶ
3071 743 3187 812 φῶς
3227 747 3350 808 ταῖς
3382 746 3590 816 τρίδοις

2001 855 2121 908 μου.
2163 857 2183 888 ι
2234 837 2371 890 Ἀλλ’
2407 838 2507 889 οὐκ
2559 838 2838 907 ίσχύσουσι
2874 834 3165 901 διαυγὰσαι
3204 836 3315 905 (56)
3349 856 3434 906 με,
3495 837 3591 890 ἐὰν

2001 928 2075 999 μὴ
2106 928 2166 982 τὸ
2188 928 2392 982 τέλειον
2414 929 2790 1000 παραγένηταί
2821 944 2909 997 μοι
2929 924 3065 994 φῶς.
3102 926 3308 981 Ἐκεῖνο
3332 931 3393 997 τῇ
3428 929 3587 999 ὑπερ·

1998 1020 2126 1091 δολῇ
2178 1021 2279 1091 τῆς
2317 1019 2703 1090 λαμπρότητος
2746 1020 2844 1091 τὴν
2885 1016 3191 1089 ὑπερὸολὴν
3231 1020 3448 1085 ἀφανιεῖ
3484 1018 3582 1070 τοῦ
3656 1000 3659 1003 ’

2000 1112 2223 1175 σκότους
2256 1114 2391 1183 (57)·
2418 1113 2512 1166 καὶ
2545 1112 2663 1165 ὁδὸν
2689 1109 2891 1180 δψομαι
2922 1110 3022 1181 τὴν
3057 1111 3135 1172 εἰς
3161 1109 3479 1178 παράδεισόν
3508 1124 3574 1177 με

2000 1203 2160 1257 πάλιν
2209 1203 2531 1275 ὁδηγοῦσαν.
2599 1202 2949 1273 ’Υπερόαίνει
3002 1202 3179 1272 νόμον,
3249 1199 3575 1270 ὑπερόἀλλει

2000 1297 2302 1366 προφήτας·
2362 1296 2455 1348 καὶ
2507 1296 2564 1347 ἐν
2607 1292 2754 1363 αὑτῷ
2807 1293 3097 1363 φιληθῆναι
3133 1292 3241 1360 (138)
3284 1290 3500 1360 εὔχεται
3542 1291 3578 1359 ὴ

2014 1386 2311 1457 Ἐκκλησία
2342 1385 2420 1456 τῷ
2442 1387 2755 1454 Μονογενεῖ.
2780 1384 2962 1453 Στόμα
2990 1385 3099 1454 γὰρ
3131 1382 3223 1434 τοῦ
3252 1382 3362 1450 (59)
3392 1379 3529 1433 Θεοῦ
3558 1381 3587 1432 ὁ

2002 1478 2151 1541 Υἱός.
2221 1478 2317 1531 Διὸ
2375 1479 2468 1531 καὶ
2525 1478 2657 1541 Θεὸς
2712 1476 2808 1543 ὢν,
2862 1477 3035 1546 Λόγος
3098 1472 3587 1548 προσαγορεύεται.

2015 1570 2233 1643 Ἐπειδὴ
2284 1570 2466 1625 πάντα
2510 1571 2612 1625 ὃσα
2657 1569 2927 1642 βούλεται,
2959 1570 3048 1622 διὰ
3088 1568 3181 1621 τοῦ
3214 1565 3345 1620 Υἰοῦ
3378 1566 3532 1619 λαλεῖ
3561 1566 3589 1618 ό

2005 1663 2193 1735 Πατήρ
2226 1663 2358 1734 (to).

1927 1749 1969 1803 Β
2071 1754 2144 1806 Β’.
2182 1754 2300 1806 ’Ότι
2328 1753 2538 1822 ἀγαθοὶ
2561 1752 2789 1822 μαστοί
2814 1766 2931 1806 σου
2962 1749 3116 1820 ὑπὲρ
3137 1750 3325 1804 οἶνον.

2071 1844 2175 1897 Δύο
2203 1846 2442 1917 μαστοὺς
2469 1844 2567 1907 τὰς
2592 1844 2685 1897 δύο
2706 1842 2979 1914 Διαθήκας
3021 1842 3232 1913 ῥητέον·
3269 1840 3361 1910 ἀφ’
3390 1833 3469 1893 ὧν
3498 1835 3593 1892 κα).

2004 1936 2224 2006 θηλάζει
2270 1937 2335 1990 τὰ
2374 1936 2542 1989 τέκνα
2589 1935 2687 2006 τῆς
2729 1935 3072 2003 Ἐκκλησίας,
3116 1933 3307 2002 ὥσπερ
3351 1930 3590 2001 γλώττῃ,

2001 2028 2211 2099 διανοίᾳ
2262 2030 2387 2090 τοὺς
2432 2028 2624 2097 λόγους
2667 2028 2767 2096 τῆς
2804 2026 3082 2098 ἀληθείας,
3119 2028 3213 2080 καὶ
3262 2028 3343 2089 εἰς
3377 2024 3592 2078 τελείαν

2004 2117 2227 2186 αὔξεται
2270 2119 2416 2188 ζωήν
2463 2123 2523 2171 τέ
2570 2119 2667 2172 καὶ
2711 2117 2949 2188 ἡλικίαν.
2993 2118 3162 2171 Τοῦτο
3189 2117 3249 2170 τὸ
3285 2116 3439 2186 πόμα
3482 2114 3592 2185 (Η)

2002 2213 2261 2284 τυγχάνει
2309 2214 2451 2283 ὑπὲρ
2493 2208 2656 2266 οἶνον.
2701 2213 2775 2266 Οὐ
2822 2212 2931 2283 γὰρ
2970 2211 3078 2265 ἀπὸ
3124 2211 3227 2282 γῆς
3260 2210 3591 2281 πηγάζεται,

2004 2303 2119 2356 ἀλλ’
2146 2303 2205 2368 ἐξ
2234 2304 2481 2376 οὐρανῶν
2523 2303 2874 2374 κατέρχεται.
2923 2322 2942 2354 ι
2975 2301 3373 2374 Προσδοκάσθω
3408 2322 3428 2354 ι
3461 2300 3591 2372 γὰρ,

2006 2396 2191 2467 φησὶν,
2232 2413 2252 2443 c
2290 2396 2365 2459 ὡς
2399 2397 2553 2460 ὑετὸς
2583 2396 2643 2449 τὸ
2671 2394 3001 2465 ἀπόφθεγμα
3029 2412 3150 2464 μου,
3176 2392 3269 2446 καὶ
3298 2392 3595 2463 καταὸήτω

2004 2487 2080 2550 ὡς
2107 2486 2298 2559 δρόσος
2328 2488 2397 2541 τὰ
2438 2488 2658 2560 ῥήματά
2696 2504 2817 2558 μου.
2854 2507 2872 2540 ι
2903 2485 3072 2539 Τοῦτο
3109 2485 3170 2538 τὸ
3211 2485 3367 2555 πόμα
3400 2484 3512 2553 (ί9.)
3544 2485 3596 2537 ol

2005 2577 2117 2632 ἄνω
2154 2578 2244 2631 τὸν
2282 2578 2485 2632 σκοπὸν
2519 2578 2735 2649 ἔχοντες
2770 2580 2835 2632 ἐκ
2862 2577 2970 2632 τῶν
3007 2578 3046 2629 Γ
3050 2576 3237 2649 ραιρῶν
3272 2575 3595 2648 θηλάζουσιν

2004 2667 2193 2741 ὥσπερ
2240 2668 2457 2742 γλώττῃ
2499 2672 2564 2740 τῇ
2602 2669 2829 2740 διανοίᾳ,
2863 2669 2958 2723 καὶ
2993 2668 3448 2733 καταόἁλλουσιν,
3490 2668 3597 2722 ὥσ*

2006 2777 2110 2833 περ
2140 2762 2223 2824 είς
2261 2760 2491 2824 κοιλίαν,
2520 2761 2693 2825 οὕτως
2721 2763 2801 2825 είς
2834 2761 3062 2832 καρδίαν
3094 2761 3190 2826 τὰς
3220 2761 3597 2825 παυσιλύπους

2004 2851 2092 2905 διὰ
2121 2851 2231 2920 (45)
2272 2852 2562 2922 μετανοίας
2589 2852 2812 2922 ἀφέσεις
2837 2853 2945 2907 τῶν
2979 2855 3417 2926 ἁμαρτημάτων.
3456 2858 3595 2910 ”aas

2007 2958 2112 3013 περ
2159 2941 2270 3013 γὰρ
2322 2944 2371 3009 ol
2412 2942 2507 2995 δύο
2540 2944 2737 3013 μαστοὶ
2767 2943 2935 3014 ἄμφω
2969 2948 3035 3016 τῇ
3072 2946 3269 3018 καρδίᾳ
3303 2948 3599 3020 κεκόλληνὸ

2003 3050 2116 3100 ται,
2177 3031 2320 3088 οὕτω
2364 3034 2458 3088 καὶ
2496 3034 2553 3087 αἰ
2592 3033 2684 3088 δύο
2718 3036 2985 3106 Διαθῆκαι
3022 3039 3086 3091 ὲκ
3123 3037 3214 3092 τοῦ
3243 3039 3403 3108 ἁγίου
3430 3041 3599 3095 Ilva-5·

2008 3141 2178 3196 ματος
2209 3124 2270 3178 τό
2297 3124 2670 3195 πνευματικὸν
2696 3127 2828 3195 ἡμῖν
2869 3127 3019 3197 πόμα
3051 3128 3327 3199 βρύουσαι,
3372 3132 3598 3203 εὐφραί-

2000 3232 2183 3269 νουσιν
2221 3217 2364 3288 ὑπὲρ
2386 3213 2545 3270 οἶνον.
2578 3218 2652 3270 Οὐ
2684 3218 2793 3289 γὰρ
2813 3218 2931 3271 λύει
2960 3219 3073 3289 (44)
3107 3238 3174 3290 με
3204 3220 3398 3295 ὥσπερ
3431 3227 3464 3295 η
3500 3225 3600 3296 μέ-

2002 3308 2069 3378 θη
2102 3308 2259 3362 τοῦτο
2292 3309 2351 3361 τὸ
2381 3308 2555 3379 πόμα.
2587 3311 2753 3381 φησιν
2776 3313 2810 3382 ἡ
2842 3312 3159 3386 Ἐκκλησία,
3194 3315 3281 3368 ἴνα
3311 3316 3599 3371 σκοτωθεῖὁ

2005 3418 2072 3453 σα
2099 3401 2412 3455 καταπέσω·
2441 3400 2554 3454 ἀλλ’
2586 3402 2950 3476 ἀγαλλιάματί
2982 3422 3049 3476 με
3078 3409 3432 3463 καταπιαίνει
3460 3411 3594 3481 (43),

332 3497 620 3563 inclinans,
652 3507 799 3552 recta
829 3509 956 3566 erga
987 3494 1154 3549 Deum
1194 3492 1514 3547 consistam.
1545 3488 1906 3556 Quemadmo-
2003 3496 2099 3550 καὶ
2129 3493 2373 3567 στηρίξει
2403 3498 2467 3566 τῇ
2505 3497 2684 3553 πίστει
2722 3499 2858 3569 πρὸς
2895 3499 2957 3552 τὸ
3011 3500 3084 3571 μὴ
3123 3502 3597 3574 καταρρίπτεσθαι

318 3584 449 3644 ῦυιιι
476 3587 741 3645 «ieremias
773 3586 851 3643 ait
875 3587 920 3619 ²⁷
949 3603 966 3640 z
1002 3606 1021 3638 ι
1047 3585 1244 3641 Factus
1291 3599 1411 3638 sum
1454 3579 1611 3652 quasi
1655 3582 1740 3636 vir
1767 3596 1900 3636 con-

327 3680 510 3744 tritus,
536 3688 590 3735 et
623 3677 777 3749 quasi
814 3679 975 3733 honio
1004 3687 1195 3747 captus
1222 3693 1250 3730 a
1283 3676 1410 3730 vino
1437 3689 1467 3727 a
1501 3671 1636 3728 lacie
1662 3671 1897 3734 Domini,

321 3782 374 3828 et
422 3789 451 3827 a
508 3773 645 3829 [acie
678 3772 890 3827 decoris
933 3771 1116 3843 gloriae
1163 3770 1345 3840 ejus,»
1415 3767 1507 3824 Dei
1555 3767 1899 3835 eloquiorum

324 3865 516 3935 gaudio
546 3880 706 3935 snpra
744 3865 960 3917 modum
993 3862 1296 3925 perculsus,

393 3976 438 4005 ¹⁸
470 3973 612 4028 Psal.
643 3987 831 4036 cxvttt,
872 3970 997 4024 105.
1072 3971 1119 4002 ²⁸
1151 3972 1303 4023 Dent.
1341 3982 1514 4030 xxxin,
1540 3965 1595 4021 2.

325 4095 604 4150 Salutatns
633 4090 870 4162 ἄκρατον
920 4092 1109 4156 σκότος
1139 4093 1318 4155 vertit,
1354 4111 1372 4144 ι
1406 4091 1774 4147 intolerabiles
1816 4103 1896 4146 tc-

329 4165 525 4249 tiebrzp.
541 4182 559 4214 ι
583 4161 756 4216 Minus
780 4163 914 4218 bene
934 4165 1208 4219 derivasse
1227 4165 1437 4218 videtur
1464 4177 1646 4218 vocem
1667 4163 1904 4234 ἄκρατον

325 4253 356 4291 a
389 4251 424 4289 κ
465 4250 611 4296 ατος.

396 4315 410 4371 (
455 4308 507 4367 6)
553 4301 812 4359 vallicell.
841 4305 1207 4374 καταυγάσαι.

2006 3588 2085 3650 εἰς
2132 3585 2231 3657 τὴν
2280 3586 2406 3658 γῆν,
2438 3586 2556 3641 ἀλλ’
2602 3587 2855 3644 ἵστασθαι
2897 3588 3109 3646 ἀκλινεῖ
3152 3592 3407 3665 ὀρθότητι
3464 3598 3598 3669 πρὸς

2006 3674 2160 3728 Θεόν.
2211 3675 2409 3741 Καθὼς
2468 3677 2739 3748 Ἱερεμίας
2771 3678 2953 3749 λέγει·
3018 3700 3037 3732 ι
3099 3682 3397 3756 Ἐγενήθην
3469 3686 3591 3739 ὡσεὶ

2008 3767 2292 3840 ἅνθρωπος
2367 3773 2862 3843 συντετριμμένος,
2936 3775 3031 3826 καὶ
3109 3775 3243 3829 ὡσεὶ
3309 3778 3590 3852 ἄνθρωπος

2011 3856 2369 3927 συνεχόμενος
2413 3855 2521 3909 ἀπὸ
2564 3858 2727 3924 οἴνου,
2762 3860 2869 3913 ἀπὸ
2907 3864 3196 3933 προσώπου
3228 3867 3458 3939 Κυρίου,
3499 3869 3585 3923 καὶ

1682 3967 1727 3998 ²'
1752 3965 1867 4021 Jer.
1890 3981 2044 4031 xxm,
2070 3967 2124 4022 9.

2008 4093 2379 4165 στελλόμενον,
2410 4096 2472 4148 οὐ
2521 4096 2680 4167 μόνον
2721 4094 2873 4170 παρὰ
2905 4086 2999 4149 τοῦ
3045 4094 3283 4165 Πατρὸς,
3329 4097 3459 4151 ἀλλὰ
3486 4087 3573 4151 κα).

2013 4164 2167 4235 παρὰ
2208 4164 2302 4217 τοῦ
2339 4165 2506 4219 Υίοῦ·
2547 4185 2564 4218 ι
2595 4167 2719 4222 Oris
2760 4183 2887 4221 vero
2929 4167 3259 4235 proprietate
3290 4180 3501 4238 smnptn
3529 4171 3580 4221 in

2009 4235 2341 4312 exemplum,
2387 4244 2627 4290 mutuam
2673 4238 2978 4292 divinarum
3012 4251 3360 4303 personat-nm
3417 4242 3589 4292 eomes

2011 4315 2236 4358 renuam
2319 4308 2687 4376 expressimus
2752 4306 3096 4378 proportione
3142 4314 3196 4359 et
3237 4305 3590 4364 similitudine

346 4368 351 4373 ’
397 4375 510 4446 (57)
550 4372 642 4427 Sic
675 4377 1042 4430 eutendandus
1069 4391 1222 4430 error
1255 4373 1528 4438 codicum,
1559 4373 1650 4443 qui
1695 4373 1895 4428 liabent
1932 4401 1974 4455 D
2006 4376 2399 4428 membrorum.
2437 4375 2529 4431 Sic
2572 4378 2717 4431 enim
2760 4387 2813 4431 et
2866 4376 3101 4446 Spiritus
3144 4387 3363 4430 sanctus
3396 4379 3590 4433 dicitur·

323 4447 392 4500 τὸ
423 4445 632 4508 σκότος.

395 4517 506 4587 (58)
542 4513 676 4568 Male
703 4525 813 4570 vet.
854 4516 1122 4586 interpres
1163 4513 1313 4586 αὐτῷ
1343 4512 1518 4583 Jnngit
1557 4528 1677 4567 cmn
1724 4514 1898 4567 Move·

325 4589 509 4659 γενεί·
550 4602 672 4639 com
719 4588 880 4640 veuit
928 4586 1157 4640 barbare
1196 4597 1251 4641 et
1292 4589 1412 4640 sine
1443 4599 1606 4640 sensu
1643 4601 1659 4641 ι
1696 4605 1712 4635 ι
1748 4585 1810 4638 Ει
1843 4587 1896 4639 in

328 4659 447 4731 ipso
473 4653 750 4722 unigenito
777 4657 1032 4711 osculari.
1060 4675 1077 4707 ι

397 4728 508 4801 (59)
553 4723 664 4781 Τοῦ
701 4728 850 4781 abest
876 4745 904 4779 n
935 4726 1091 4781 codd.
1122 4725 1280 4779 Barb.
1307 4733 1361 4779 et
1389 4737 1526 4778 meo.
1563 4723 1796 4791 Reposni
1825 4738 1892 4777 ex

325 4805 446 4853 cml,
478 4793 737 4852 vallicell.
772 4797 1085 4850 Anastasius
1110 4794 1480 4848 Antioclienus
1505 4795 1596 4847 lib.
1625 4810 1666 4857 t,
1697 4796 1785 4859 qni
1815 4805 1900 4847 est

263 4909 271 4916 .
330 4869 404 4922 De
434 4880 584 4922 reem
621 4862 991 4933 ‹quonutibust
1025 4865 1170 4919 Νοῦν
1216 4864 1273 4916 δέ
1348 4880 1489 4932 αμεν
1539 4864 1631 4918 τὸν
1677 4864 1899 4935 Πατέρα

328 4938 423 4991 τοῦ
445 4939 642 5006 Λόγου,
674 4936 731 4988 ὲν
760 4928 805 5003 ᾧ
827 4935 1017 5005 Λόγος,
1087 4934 1163 4987 ι-·θ”
1199 4929 1261 4988 οὗ
1285 4881 1348 4987 ‘gg
1373 4933 1596 5005 Πνεῦμα
1626 4946 1688 4986 τυ
1718 4933 1895 5001 ἅγιον,

329 5007 550 5078 Πνεῦμα
593 5005 686 5061 στό
734 5023 859 5070 ατος
890 5005 985 5059 τοῦ
1023 4953 1159 5060 (ξενοῦ
1191 5002 1544 5077 χρηματίζει.
1573 5005 1757 5074 Στόμα
1787 5005 1899 5076 γὰρ

329 5079 542 5150 Πατρὸς
582 5081 611 5132 ὁ
662 5023 823 5140 Ῐξός·
873 5094 892 5127 ι
934 5075 1164 5130 Mentem
1223 5091 1350 5130 vero
1401 5077 1627 5129 <licinius
1682 5077 1898 5127 Patrem

328 5147 513 5213 Verbi,
543 5150 592 5202 in
626 5163 733 5221 qua
763 5145 1017 5212 Verbum,
1060 5160 1184 5200 cum
1230 5162 1338 5216 qno
1382 5145 1620 5212 Spiritus
1652 5154 1898 5209 saneim,

329 5219 564 5282 Spiritus
602 5222 715 5273 oris
771 5217 863 5271 bei
911 5217 1230 5286 appellatur.
1261 5215 1334 5270 Os
1388 5217 1532 5271 enim
1586 5215 1768 5269 Patris
1815 5226 1896 5268 ost

239 5289 251 5301 ⁸
329 5287 512 5341 Fdins.
539 5307 557 5340 ι
595 5290 667 5343 Ex
712 5292 834 5342 eod.
880 5287 974 5339 lib.
1008 5304 1021 5337 ι
1051 5285 1156 5338 Τοῦ
1193 5285 1250 5338 δὲ
1299 5287 1565 5356 στόματος
1607 5284 1667 5338 τὸ
1705 5284 1901 5355 ἰδίωμα

329 5355 579 5422 λαόόντες
626 5359 701 5421 ὡς
768 5357 1154 5428 παράδειγμα,
1211 5357 1309 5426 τὴν
1379 5355 1739 5426 ἀλληλουχίαν
1790 5355 1899 5408 τῶν

328 5429 486 5482 θείων
533 5429 957 5502 παρεστήσαμεν
991 5425 1295 5496 προσώπων
1327 5427 1415 5480 διὰ
1447 5426 1546 5495 τῆς
1573 5429 1682 5479 τών
1718 5425 1899 5496 μελῶν

329 5499 615 5567 ἀναλογίας
645 5515 705 5550 τε
734 5499 829 5550 καὶ
867 5497 1135 5560 εἰκασίας.
1169 5496 1352 5570 Ταύτῃ
1391 5497 1502 5566 γὰρ
1535 5496 1629 5548 καὶ
1671 5495 1896 5567 Πνεῦμα

330 5570 596 5639 στόματος
631 5567 818 5632 αὐτοῦ,
859 5567 1105 5638 δηλονότι
1134 5565 1230 5619 τοῦ
1269 5567 1425 5626 Θεοῦ,
1477 5565 1539 5619 τὸ
1575 5565 1800 5636 Πνεῦμα
1836 5566 1899 5618 τὸ

331 5641 480 5706 ἅγιον
521 5639 757 5708 λέγεται,
788 5638 1057 5708 στόματος
1088 5636 1238 5698 ὄντος
1263 5637 1359 5690 τοῦ
1409 5635 1770 5706 Μονογενοῦς,
1801 5638 1899 5690 καὶ

329 5709 551 5777 streone
607 5709 767 5765 πάλιν
801 5708 862 5774 ἐξ
911 5706 1080 5765 αὑτοῦ
1127 5707 1581 5779 ἐκπορευόμενον,
1618 5706 1716 5761 καὶ
1759 5709 1897 5762 ἀπο·

2006 4444 2242 4511 Spiritus
2274 4446 2385 4500 oris
2415 4445 2579 4512 illius,
2622 4448 2832 4504 scilicet
2864 4448 2980 4511 Dei,
3019 4460 3140 4500 cum
3179 4453 3247 4499 sit
3282 4462 3345 4499 os
3388 4447 3583 4518 [linge-—

2002 4517 2175 4580 nitus;
2231 4525 2284 4569 et
2322 4531 2510 4570 rnrsns
2574 4518 2814 4586 Spiritus
2868 4532 2933 4571 ex
2992 4517 3107 4582 ipso
3162 4520 3497 4583 procedens.
3537 4524 3590 4572 et

2002 4586 2198 4638 missus
2232 4601 2337 4640 non
2376 4586 2551 4640 solum
2580 4606 2608 4641 a
2642 4588 2824 4650 Patre,
2848 4590 2940 4640 sed
2975 4588 3137 4639 etium
3173 4603 3200 4638 a
3238 4585 3398 4643 Filio.
3426 4607 3446 4641 ι
3487 4588 3591 4643 Lo·

2001 4669 2123 4707 cum
2162 4655 2328 4711 habes
2351 4671 2485 4709 sane
2518 4657 2869 4719 luculentum,
2898 4673 3006 4725 quo
3034 4657 3291 4708 docemur
3323 4657 3588 4723 Spiritum

2001 4733 2246 4778 sanctum
2276 4743 2301 4775 a
2337 4727 2496 4780 Patre
2539 4739 2593 4781 et
2628 4728 2763 4783 Filio
2794 4727 3116 4796 procedere.
3146 4724 3213 4780 Et
3251 4730 3412 4795 paulo
3450 4742 3586 4797 post,

1999 4793 2088 4846 διὰ
2114 4795 2210 4848 τοῦ
2247 4795 2377 4848 Υίοῦ
2410 4795 2563 4850 λαλεῖ
2586 4801 2613 4852 ό
2650 4798 2859 4868 Πατήρ.

2074 4864 2187 4935 (to)
2230 4864 2352 4920 Post
2390 4869 2502 4921 baec
2553 4870 2606 4922 in
2640 4879 2806 4921 veteri
2845 4867 3099 4921 versione
3140 4867 3279 4936 typis
3324 4869 3590 4936 impressa

2002 4947 2306 5003 semtnntm·
2350 4941 2513 4991 multa
2565 4954 2683 5003 quae
2715 4953 2808 4991 sex
2846 4953 2968 5007 pag.
3006 4940 3296 5004 complent.
3331 4939 3384 4991 in
3418 4937 3477 4995 4.
3513 4939 3590 4992 Ea

2005 5003 2202 5058 frustra
2219 5013 2444 5069 ‘ouaerns
2468 5010 2518 5060 in
2550 5007 2752 5062 Graecis
2785 5010 2943 5061 codd.

2071 5074 2183 5145 (41)
2229 5075 2391 5131 Vetus
2439 5078 2636 5146 interp.
2680 5077 2838 5129 τοῦτο
2883 5076 2943 5129 τὸ
2992 5075 3140 5147 πόμα
3200 5077 3341 5133 male
3384 5081 3588 5144 vertit,

2008 5161 2027 5196 ι
2062 5145 2163 5199 boc
2194 5148 2464 5214 poculum.
2486 5166 2504 5198 »

2073 5216 2187 5284 (όὲ)
2229 5217 2542 5286 Salutatus,
2597 5236 2615 5269 ι
2647 5218 2950 5275 dolon-ilices
2990 5237 3003 5273 :
3038 5238 3058 5272 ι
3118 5217 3310 5287 legisse
3376 5220 3594 5276 videtur

2003 5287 2368 5357 ραρυλύπους.

2072 5358 2184 5426 (45)
2226 5361 2396 5411 Artic.
2427 5359 2477 5411 οἱ
2508 5368 2589 5414 εει.
2618 5375 2682 5413 ex
2720 5360 2985 5415 vallicell.

2074 5428 2187 5496 (44)
2230 5428 2396 5483 Vetus
2431 5431 2606 5484 versio
2643 5432 2841 5485 babet:
2875 5450 2893 5483 ι
2925 5430 3038 5482 Non
3072 5429 3214 5481 enim
3252 5429 3412 5483 solvit
3440 5431 3584 5485 velut

2000 5496 2256 5558 ebrietas,
2289 5508 2346 5552 ut
2376 5499 2699 5556 obscuratus
2727 5503 2849 5570 quis
2881 5511 3118 5558 corruat,
3146 5517 3164 5549 »
3196 5504 3309 5552 ete.

2074 5568 2183 5638 (45)
2221 5567 2312 5623 Sic
2348 5571 2653 5635 emendavi,
2680 5585 2804 5625 cum
2830 5570 2951 5627 cod.
2979 5584 3130 5623 niens
3177 5581 3227 5624 ct
3256 5568 3587 5625 barbarinos

2003 5639 2234 5694 babeant
2266 5637 2603 5694 καταπίενει.
