3725 6125
250 195 393 299 {ol-'1

1278 187 1283 192 ’
1354 209 1635 296 barnas
1671 235 1968 295 AEovrrtt
2008 233 2280 295 saccum
2314 214 2418 293 tv?

251 360 341 415 «to.
374 354 469 412 sed
507 358 712 409 tautum
744 350 797 408 in
831 352 1064 409 deserto.
1097 350 1292 409 Omnia
1334 354 1550 423 quidem
1581 369 1702 425 quae
1727 368 1821 409 ac·
1858 373 1903 416 A
1937 364 1999 408 ut
2033 353 2125 408 illo
2154 366 2253 407 vos
2283 356 2450 406 exuat
2480 360 2497 402 ε
2528 346 2736 417 quippe
2772 342 2878 415 qui
2929 342 3162 415 optime
3186 344 3338 399 novit
3371 362 3381 397 t

249 448 504 503 «iderunt
561 445 784 510 sanctis,
815 459 880 499 ex
913 443 996 499 liis
1042 457 1097 498 ct
1144 443 1412 534 similibus
1464 445 1530 499 ad
1583 455 1823 499 nostram

249 536 612 594 eruditionem
647 536 846 605 scripta
883 545 1032 596 sunt,
1080 543 1140 588 nt
1186 534 1461 589 imitemur
1488 548 1582 592 eos
1612 538 1701 605 qui
1742 536 1825 589 di-

250 629 498 683 lexerunt
525 626 893 694 solitudinem,
941 642 1061 695 qnze
1092 641 1191 680 nos
1232 626 1539 682 conducere
1586 625 1726 681 valet
1757 626 1823 681 ad

252 717 536 771 Dominum
567 733 582 770 ε
615 716 760 783 quod
793 724 876 770 cst
906 730 1101 785 magua
1145 715 1471 782 consolatio,
1522 717 1826 772 homiuem-

251 821 356 875 que
384 803 680 875 perfectum
723 804 906 859 efficit.
949 805 1120 872 Quam
1155 820 1286 859 sane
1333 820 1452 860 cum
1493 807 1710 876 quidam
1738 807 1824 860 di-

252 897 507 951 lexissent
536 910 600 951 ex
637 904 748 951 tota
797 911 892 949 sua
937 896 1138 950 virtute
1182 906 1238 950 et
1288 911 1353 952 ex
1400 906 1512 951 toto
1547 912 1646 951 ruo
1680 912 1823 964 esse,

249 986 427 1057 adepti
474 997 602 1041 sunt
641 986 868 1057 gloriam
906 997 960 1042 et
1003 988 1205 1053 lumen,
1244 987 1362 1058 plns
1407 1003 1569 1058 quam
1615 987 1688 1043 illi
1732 987 1822 1057 qui

251 1078 490 1135 incolunt
534 1079 782 1134 civitates
817 1088 871 1135 et
906 1080 1124 1150 oppida.
1159 1079 1341 1148 Quare
1376 1082 1626 1151 satagite.
1676 1080 1823 1135 lilioli

249 1172 354 1226 mei
384 1171 748 1239 dilectissimi,
775 1172 906 1226 mibi
940 1171 990 1224 in
1019 1171 1266 1237 Domino,
1302 1171 1533 1227 stabiliri
1567 1174 1618 1226 in
1657 1171 1742 1226 illa
1769 1182 1827 1227 ut

247 1278 346 1331 par
381 1272 484 1327 est,
523 1272 582 1315 ut
610 1276 706 1315 vos
736 1262 803 1316 ad
838 1260 929 1317 Dei
963 1262 1234 1318 conducat
1273 1263 1555 1327 visionem,
1590 1279 1708 1333 quae
1744 1271 1828 1318 est

249 1355 361 1424 ipsa
393 1353 690 1424 spiritualis
718 1352 1038 1423 speculatio,
1086 1369 1184 1425 per
1209 1356 1439 1423 gratiam
1477 1353 1686 1408 Domini
1725 1369 1826 1408 no·

246 1445 344 1498 stri
376 1453 431 1499 et
465 1443 557 1498 Dei
589 1443 779 1503 nostri.
818 1452 874 1498 et
923 1442 1248 1498 vivificantis
1281 1444 1494 1498 animas
1528 1454 1742 1499 nostras
1771 1452 1827 1499 et

247 1547 472 1603 corpora
500 1540 707 1597 nostra,
744 1531 870 1587 «lesu
902 1529 1308 1598 Cbristi,Verl›i
1346 1532 1559 1596 mter-ni,
1584 1534 1670 1587 cui
1708 1532 1824 1587 laus

244 1624 300 1679 in
331 1634 610 1680 :cterntttu-
647 1622 840 1679 Amen.

754 1712 1088 1771 Et‘tSToLa
1123 1711 1310 1771 xvttt.

949 1803 1094 1860 Dixit
1124 1821 1143 1861 .·

319 1898 548 1964 Scitote,
598 1896 745 1952 lilioli
799 1895 902 1950 mei
949 1894 1312 1960 dilectissimi,
1359 1895 1497 1966 quod
1541 1896 1609 1951 ab
1649 1896 1823 1959 initio,

245 1991 465 2060 quando
508 1990 687 2044 anima
744 2004 772 2043 a
829 1996 1097 2058 praecepto
1147 1986 1461 2052 declinavit,
1510 1997 1696 2042 exorta
1745 1995 1828 2042 est

245 2081 645 2146 inobedientia3
700 2079 970 2136 mediante
1039 2094 1144 2149 qua
1203 2077 1566 2134 inobedientia
1637 2095 1826 2135 omnes

245 2172 440 2227 animae
463 2172 529 2227 ad
557 2172 760 2228 inferos
804 2171 883 2226 ire
911 2178 1218 2239 coeperunt,
1262 2170 1407 2225 sicut
1431 2169 1568 2225 dixit
1597 2170 1827 2239 Aposto-

246 2265 330 2321 lus
359 2284 374 2321 ε
407 2266 561 2331 Quod
604 2279 698 2334 per
735 2263 961 2332 primum
997 2262 1166 2316 Adam
1216 2261 1316 2332 sitit
1355 2277 1494 2316 mors
1525 2262 1592 2315 ⁸⁸.
1647 2261 1828 2327 Quare

244 2354 593 2411 miseratione
621 2361 796 2408 motus
834 2359 919 2407 est
957 2349 1096 2405 Deus
1130 2348 1386 2413 Verbum,
1424 2358 1477 2404 et
1508 2348 1826 2403 incarnatus

245 2455 422 2504 estex
451 2446 605 2502 nobis
653 2443 916 2517 mysterio
943 2438 1496 2511 incomprebensibili,
1541 2446 1597 2493 et
1630 2438 1824 2508 imple-

244 2538 556 2595 ntomnem
578 2535 1035 2607 dispensationem
1066 2543 1264 2588 nostrae
1293 2531 1506 2597 salutis,
1523 2538 1579 2585 et
1603 2530 1826 2586 descen·

244 2630 325 2685 dit
365 2630 432 2684 ad
483 2627 709 2697 inferos,
745 2635 801 2683 et
846 2626 1096 2697 captivos
1141 2623 1262 2679 illos
1289 2623 1447 2682 fecit:
1508 2632 1562 2677 et
1609 2621 1825 2678 reduxit

247 2720 375 2775 inde
431 2731 621 2773 omues
667 2717 874 2771 animas
926 2715 998 2770 ibi
1049 2714 1321 2779 detentas,
1369 2710 1605 2782 eripiens
1647 2724 1742 2765 eas
1793 2722 1823 2763 a

247 2817 514 2880 potestate
544 2806 743 2863 diaboii
774 2820 946 2876 usqne
969 2807 1035 2860 ad
1057 2806 1197 2861 dietn
1230 2804 1564 2859 tremcndum
1589 2800 1778 2872 judicii
1803 2816 1821 2865 ;

245 2914 298 2959 et
322 2902 612 2958 ascendere
641 2898 768 2954 fecit
800 2912 916 2962 eaS,
944 2897 1066 2967 quia
1094 2906 1284 2967 sponte
1311 2896 1825 2967 obtemperaverunt

258 3007 313 3053 et
335 2993 678 3058 obedierunt,
711 2992 1062 3060 feceruntque
1090 2998 1358 3059 praecepta
1391 2988 1595 3052 divina,
1629 2989 1694 3039 ad
1719 2998 1825 3040 εω-

244 3090 357 3144 lum
401 3087 490 3142 ubl
525 3095 609 3144 est
648 3085 957 3158 paradisus.
1012 3083 1143 3137 Erat
1195 3089 1373 3137 antem
1415 3095 1578 3136 causa
1631 3094 1820 3135 eorum
1848 3082 1893 3138 C

244 3179 579 3237 ascensionis
608 3180 673 3234 ad
703 3178 898 3236 coelum
924 3177 1062 3251 ignis
1093 3175 1397 3238 invisibilis,
1431 3174 1522 3244 qui
1553 3182 1635 3230 est
1668 3172 1819 3229 calor

245 3278 510 3329 bonorum
564 3286 813 3344 operum,
864 3270 957 3343 qui
1002 3282 1264 3327 accensus
1311 3276 1398 3325 est
1454 3268 1510 3323 in
1562 3267 1820 3323 cordibus

242 3381 451 3422 eorum.
519 3364 703 3437 Neque
748 3364 864 3421 ltaee
917 3364 1069 3419 vobis
1118 3362 1379 3418 duntaxat
1433 3360 1592 3430 plana
1642 3357 1817 3426 facim

242 3475 427 3517 verum
457 3468 507 3515 et
537 3461 620 3516 cni
648 3458 843 3516 similis
871 3458 942 3513 sit
975 3457 1091 3513 baec
1113 3456 1296 3512 anima
1339 3452 1392 3510 in
1420 3469 1523 3524 qua
1556 3452 1822 3510 habitavit

245 3553 385 3620 ignis
422 3549 534 3609 Dei.
568 3550 774 3608 Similis
802 3557 889 3606 est
928 3548 1012 3604 avi
1054 3547 1265 3603 duabus
1300 3545 1540 3615 praeditae
1574 3544 1673 3599 alis
1703 3543 1823 3613 qui-

252 3644 354 3700 bus
380 3644 544 3710 volat,
569 3651 624 3697 ct
651 3656 860 3698 sursum
887 3656 983 3712 per
1009 3639 1132 3695 roeli
1160 3653 1284 3694 aera
1309 3637 1573 3694 elevatur.
1606 3634 1817 3691 Etenim

242 3736 327 3789 avi
357 3749 466 3804 prae
493 3733 743 3789 omnibns
774 3733 1039 3788 creaturis
1068 3731 1164 3786 atae
1191 3729 1493 3802 peculiares
1517 3736 1677 3791 sunt;
1723 3726 1820 3782 alae

241 3840 372 3882 vero
417 3825 609 3882 animae
656 3823 883 3880 Domino
928 3823 1275 3894 obsequentis
1318 3829 1445 3875 sunt
1476 3820 1647 3874 virtus
1679 3818 1819 3889 ignis

241 3917 363 3984 Dei,
398 3916 595 3987 quibus
619 3914 685 3969 ad
716 3913 912 3970 coelnm
948 3928 1162 3969 sursunt
1197 3912 1382 3967 volare
1411 3909 1575 3964 valet.
1623 3907 1679 3964 Si
1725 3923 1822 3962 an-

243 4016 350 4062 tcm
399 4007 482 4062 liis
525 4005 761 4062 caruerit
798 4005 932 4070 alis,
980 4004 1200 4060 minime
1247 4017 1460 4059 sursum
1509 3999 1710 4056 elevari
1765 3998 1816 4053 in

240 4112 366 4155 aera
398 4097 623 4169 poterit,
657 4111 778 4153 cum
800 4096 873 4153 sit
922 4097 1067 4153 illius
1096 4096 1235 4168 ignis
1262 4108 1481 4163 expers,
1515 4091 1818 4162 similisque

237 4191 344 4246 erit
375 4190 604 4247 avisnis
627 4189 856 4262 spoliata
886 4189 991 4248 alis
1035 4203 1157 4261 quae
1201 4186 1386 4240 volare
1429 4186 1635 4254 nequit.
1673 4183 1819 4239 Prat-

240 4291 389 4339 terea
428 4281 665 4339 bominis
713 4284 894 4337 anima
934 4277 1274 4335 assimilatur
1317 4276 1438 4343 avi,
1495 4291 1619 4331 cum
1669 4275 1820 4330 calor

235 4389 399 4430 causa
429 4374 501 4429 sit
538 4374 655 4442 eius
696 4371 1034 4431 exsistentia
1069 4371 1122 4424 in
1176 4369 1402 4435 mundo;
1460 4368 1661 4424 etenim
1707 4367 1814 4423 nisi

235 4481 337 4521 ova
369 4479 582 4534 semper
604 4466 720 4521 avis
763 4462 981 4530 l'overit,
1014 4459 1238 4522 minime
1285 4460 1716 4528 producerentur
1745 4460 1812 4514 ab
1845 4440 1889 4496 D

235 4556 345 4612 illis
373 4555 500 4626 pulli
547 4555 812 4624 viventes,
865 4554 1122 4625 qnoniam
1167 4568 1355 4608 eorum
1397 4553 1505 4606 vita
1551 4551 1812 4607 exsistere

235 4647 423 4718 nequit
471 4645 574 4703 nisi
618 4648 799 4703 calore
831 4646 1123 4701 mediante.
1172 4643 1282 4699 liae
1314 4653 1494 4699 autem
1542 4644 1609 4698 de
1648 4658 1808 4698 causa

234 4740 310 4793 ait
361 4754 574 4795 sacrum
627 4734 977 4808 Evangeliunt
1033 4751 1045 4787 ε
1091 4732 1423 4789 Hierusalem
1481 4734 1814 4805 interfectrix

230 4827 624 4894 prophetarum,
655 4836 705 4881 et
732 4824 1026 4894 lapidatrix
1049 4824 1327 4878 missorum
1373 4824 1442 4878 ad
1480 4825 1650 4892 illam,
1684 4842 1817 4897 quo-

236 4921 328 4972 ties
358 4918 499 4974 volui
523 4934 838 4989 congreane
859 4918 1003 4989 filios
1030 4928 1179 4984 tuos,
1211 4919 1369 4972 sicuti
1397 4929 1676 4990 congreqnt
1705 4920 1817 4974 aris

233 5010 405 5077 pullos
432 5026 558 5064 suos
582 5012 677 5065 sub
705 5011 805 5065 alis
834 5012 947 5065 attia
978 5010 1060 5065 ⁸¹?
1087 5009 1223 5066 Cum
1252 5022 1455 5077 autem,
1494 5013 1641 5068 lilioli
1687 5013 1815 5075 mei,

238 5100 617 5157 intellexeritis
655 5100 1066 5156 similitudinem
1103 5103 1299 5158 animae
1351 5100 1462 5156 Deo
1505 5103 1732 5158 addictae
1763 5113 1819 5159 et

234 5189 602 5259 obsequentis.
656 5189 724 5243 ad
760 5189 1033 5246 volucrem
1078 5192 1233 5262 cujus
1280 5191 1611 5247 exsistentiw.
1660 5192 1814 5248 radix

232 5287 317 5334 est
344 5277 513 5344 calor,
553 5292 620 5333 ne
661 5277 991 5348 permittatis
1020 5295 1116 5337 vos
1146 5279 1271 5336 exui
1317 5280 1478 5350 liujus
1519 5282 1654 5353 ignis
1704 5282 1816 5337 rir-

231 5378 350 5426 tute
381 5385 395 5424 ε
430 5368 635 5425 etenim
668 5378 859 5438 parata
894 5379 1019 5425 sunt
1052 5372 1204 5429 vobis
1232 5373 1530 5429 certamina
1575 5375 1739 5429 multa
1782 5389 1812 5428 a

230 5459 447 5519 diabolo
472 5470 692 5532 propter
715 5462 860 5517 laune
882 5464 1057 5534 ignem
1093 5465 1247 5522 vobis
1274 5482 1303 5521 a
1327 5464 1440 5535 Deo
1461 5482 1804 5529 concessum,

303 5647 396 5705 ⁶⁰1
428 5648 550 5706 Cor.
584 5663 669 5707 w.
697 5646 785 5703 it.
888 5649 928 5681 ⁸¹
960 5650 1151 5710 Manli.
1181 5667 1339 5718 xxtn,
1363 5654 1449 5706 57.

1529 5655 1571 5683 '¹’
1608 5653 1643 5706 ll
1672 5653 1794 5707 Cor.
1829 5671 1905 5720 xt,
1954 5653 2035 5706 li.

1930 461 2024 499 vos
2059 444 2280 497 minime
2309 440 2601 511 praevalcre
2634 452 2830 511 posse,
2869 434 3144 506 quaudiu
3175 444 3261 491 est
3289 436 3381 492 vob

1928 535 2016 588 bic
2045 531 2208 603 ignis.

1996 624 2175 692 Quare
2200 623 2446 679 obsistite
2513 622 2618 687 illi,
2654 631 2716 678 et
2753 617 3118 691 cognoscite
3167 615 3318 673 illius
3353 635 3381 687 p

1927 726 2123 779 stuata,
2147 715 2403 785 quoniam
2438 715 2541 770 sub
2559 712 2867 769 dulcedine
2900 724 3084 765 suam
3114 708 3380 765 abscondi

1928 807 2240 871 ritndinem,
2290 820 2355 861 ne
2384 815 2659 876 appareat,
2709 801 3082 871 effingitque
3117 797 3289 855 vobis
3323 815 3381 854 va

1927 898 2147 968 pulchra
2171 895 2485 964 simulacra,
2518 911 2641 965 quae
2670 892 2951 965 profecto
2991 906 3114 945 uon
3151 891 3243 946 sic
3273 905 3332 946 se
3355 891 3381 945 b

1929 1001 1985 1042 ut
2010 988 2234 1042 inclinet
2272 990 2337 1041 ad
2366 1003 2424 1042 se
2455 989 2618 1041 corda
2643 993 2838 1040 vestra
2871 982 3221 1039 calliditate
3246 997 3381 1036 verat

1925 1084 2078 1132 tante
2113 1096 2125 1131 :
2164 1085 2220 1132 et
2247 1078 2361 1132 lraec
2383 1077 2599 1147 quidem
2629 1086 2718 1131 est
2747 1090 2849 1130 ars
2888 1075 3092 1145 ipsius
3118 1088 3381 1143 sempera

1925 1170 2033 1225 sari
2069 1169 2320 1225 videlicet
2375 1179 2486 1223 tota
2530 1183 2631 1222 sua
2686 1168 2916 1221 virtute
2975 1166 3269 1221 omnibus
3305 1167 3380 1219 ni·

1926 1259 2039 1316 Deo
2067 1260 2205 1315 bene
2243 1259 2695 1315 inservientibus.
2728 1256 2856 1312 Nec
2887 1272 3017 1312 non
3051 1256 3277 1312 nutltas
3315 1271 3381 1311 ati

1927 1352 2208 1421 passiones
2237 1350 2433 1403 auimae
2475 1349 2677 1419 injicit,
2746 1347 2822 1402 ad
2883 1346 3365 1416 exstinguendum

1925 1440 2075 1497 illum
2101 1456 2208 1512 quo
2235 1442 2404 1496 virtus
2432 1438 2714 1495 subsistit:
2737 1439 3058 1510 proecipue
3082 1440 3313 1510 quidem
3339 1453 3381 1494 et

1929 1532 2136 1603 requie,
2164 1531 2325 1603 eique
2354 1530 2602 1586 annexis.
2635 1530 2698 1585 Si
2729 1546 2885 1586 sero
2912 1530 3379 1587 animadverterit

1928 1626 2000 1680 illi
2042 1626 2262 1680 minime
2308 1626 2745 1695 obtemperetur,
2827 1640 3040 1696 neque
3104 1625 3235 1696 ejus
3291 1627 3381 1680 reci

1855 1708 1899 1766 13
1930 1718 2199 1789 negotium
2234 1716 2286 1771 in
2312 1730 2605 1786 quoquam,
2644 1714 2798 1771 alias
2838 1716 3101 1771 adducit
3133 1716 3379 1771 calliditat

1930 1811 2067 1864 facie
2115 1808 2380 1877 justitiae,
2436 1817 2782 1879 apparetque
2848 1808 2912 1864 in
2962 1808 3338 1864 similitudine

1930 1904 2089 1966 lucis,
2120 1901 2271 1956 utait
2301 1900 2502 1957 Paulus
2538 1901 2844 1972 apostolus
2872 1902 2951 1968 ⁸²,
2995 1912 3063 1958 et
3104 1902 3215 1957 alia
3244 1902 3323 1957 bis
3344 1919 3381 1955 ιιι

1928 1996 1994 2049 ad
2020 1995 2387 2051 inclinandum
2412 2008 2508 2048 cor
2538 2001 2809 2049 nostrum
2843 1996 2921 2050 ad
2967 2010 3067 2054 se.
3122 1994 3184 2050 Si
3221 2005 3374 2049 autem

1930 2086 2000 2141 rit
2021 2099 2115 2141 eos
2142 2084 2243 2139 sibi
2276 2084 2343 2139 ab
2376 2084 2461 2139 liis
2488 2099 2708 2151 cavere,
2771 2094 2836 2141 et
2886 2085 3150 2141 minime
3178 2100 3243 2142 ea
3267 2082 3381 2142 miei

1929 2194 2031 2235 nec
2065 2178 2115 2233 ei
2144 2177 2366 2233 obedire
2395 2177 2613 2249 penitus
2638 2178 3049 2251 penitusque,
3099 2191 3234 2237 tunc
3275 2193 3381 2236 rece

1929 2269 2033 2325 illis
2062 2268 2338 2336 confusus,
2371 2278 2424 2323 et
2449 2277 2560 2324 tum
2604 2269 2908 2327 habitabit
2935 2273 3003 2328 in
3041 2274 3160 2329 illis
3189 2273 3381 2343 Spiritus

1929 2364 2063 2418 Cum
2121 2373 2301 2418 autem
2357 2360 2688 2417 habitaverit
2742 2364 2805 2417 in
2853 2364 2983 2420 illis
3041 2364 3381 2437 Spiritusllu',

1927 2452 2215 2525 quiescere
2257 2467 2351 2508 eos
2380 2450 2541 2507 saciet
2572 2452 2626 2506 in
2653 2455 2949 2511 omnibus
2986 2470 3195 2513 eorum
3219 2455 3380 2527 operit·

1927 2546 2103 2602 «turcis
2139 2546 2383 2601 reddum·
2412 2545 2515 2599 uns
2540 2546 2796 2614 portanto
2816 2534 2958 2620 jugi
2984 2547 3381 2615 oensteursma

1927 2649 2011 2695 est
2038 2640 2089 2693 in
2122 2638 2414 2709 Evangelio
2448 2656 2461 2692 ε
2494 2637 2716 2691 Portute
2740 2641 2968 2710 jugum
3005 2659 3192 2697 meum
3217 2653 3381 2711 raptat

1927 2733 1992 2787 Et
2017 2731 2323 2787 efficiuntur
2352 2731 2567 2803 penitus
2608 2729 2949 2799 indefessi,
3006 2745 3124 2791 tam
3165 2738 3218 2792 in
3253 2748 3381 2792 exeret

1927 2823 2237 2887 virtutibuS.
2265 2839 2426 2894 qnam
2476 2824 2529 2878 in
2579 2823 2993 2883 ministrando
3027 2842 3092 2885 et
3131 2830 3183 2885 in
3218 2826 3380 2897 vigiliis

1926 2916 2162 2985 cturnis;
2225 2931 2401 2986 neque
2450 2915 2772 2970 irascentur
2847 2918 3148 2977 humanas
3196 2919 3381 2987 obiitin

1929 3023 2025 3063 nec
2069 3007 2293 3063 omnino
2358 3007 2630 3063 bominem
2678 3008 3001 3067 timebunt
3056 3021 3150 3070 aut
3177 3011 3376 3068 besuam

1927 3099 2248 3154 charitatem
2322 3107 2417 3152 aut
2481 3102 2668 3170 genios
2715 3117 2731 3155 ε
2776 3104 3251 3175 quandoquidem
3299 3117 3381 3172 3²¹¹

1930 3189 2142 3245 Domini
2177 3204 2298 3243 cum
2342 3189 2452 3243 illis
2486 3198 2563 3243 est
2609 3200 2782 3245 noctu
2836 3195 3098 3265 diuque,
3146 3207 3202 3253 et
3239 3203 3374 3264 anget

1928 3294 2049 3335 rum
2086 3279 2416 3346 intellectus,
2469 3289 2527 3337 et
2568 3282 2665 3335 alit
2706 3297 2837 3339 eos.
2882 3286 3193 3358 Siquidem
3241 3289 3329 3343 boe
3354 3303 3380 3357 g

1926 3370 2103 3425 aniina
2135 3385 2349 3441 semper
2373 3371 2567 3426 crescit
2598 3378 2649 3425 et
2679 3386 3098 3445 pra-paratur,
3135 3390 3189 3436 ει
3228 3394 3288 3434 eo
3310 3394 3378 3432 ase

1928 3461 1981 3517 in
2014 3463 2208 3519 coelmn
2241 3480 2255 3529 ;
2287 3463 2745 3535 quemadmodum
2779 3473 3081 3540 cot-poris
3127 3472 3382 3528 subsistent

1926 3553 2191 3608 stabilitas
2222 3563 2302 3609 est
2329 3553 2596 3609 mediante
2619 3567 2767 3622 pane
2800 3568 3100 3630 et.aqua,
3160 3565 3273 3618 sive
3299 3563 3381 3617 bist

1927 3645 2065 3700 libus
2100 3661 2129 3700 a
2182 3646 2443 3717 principio
2493 3660 2664 3716 usque
2711 3649 2783 3702 ad
2860 3652 3052 3710 linem
3117 3657 3258 3728 ejus.
3308 3654 3380 3708 ῗιέι

1927 3736 2070 3793 εηίιιι
2107 3750 2329 3808 puerunt
2358 3737 2758 3793 incretttentum
2815 3747 3145 3817 suscipere
3193 3748 3380 3804 tacteus*

1929 3840 2038 3884 tum
2074 3844 2196 3885 esca
2222 3832 2461 3897 lnnuida,
2511 3831 2733 3887 tandem
2794 3851 3180 3914 quocunque
3233 3826 3380 3913 qmiffil

1926 3921 2042 3976 dies
2069 3923 2341 3990 occurrit;
2372 3933 2427 3978 et
2446 3923 2894 3996 corroboratur,
2935 3945 3000 3988 et
3020 3922 3380 3992 audaciusffli

1927 4009 1981 4065 in
2013 4011 2196 4068 ltostes
2221 4012 2324 4067 sibi
2361 4013 2690 4069 obsistentes
2736 4017 3036 4080 efficitur.
3081 4026 3143 4082 Si
3197 4031 3381 4082 autent*

1926 4102 2075 4173 pitur
2098 4104 2287 4159 morbo
2319 4102 2523 4176 aliquo,
2574 4105 3038 4185 impediunt-que
3092 4133 3167 4174 ne
3203 4119 3357 4174 alatur:

1928 4193 2222 4263 praevaleut
2246 4193 2508 4253 adversus
2553 4211 2677 4251 eum
2732 4198 2958 4262 hostes
2994 4212 3253 4266 omnibus
3283 4215 3381 4268 exp:

1925 4285 2048 4351 bus,
2078 4296 2131 4342 et
2160 4286 2382 4341 vincunt
2409 4287 2597 4354 illum;
2639 4304 2744 4344 nec
2794 4301 3042 4362 poterit
3074 4296 3303 4367 consequi
3317 4306 3380 4346 Ωιι

1927 4383 2034 4430 tem
2071 4389 2099 4428 a
2126 4375 2314 4429 morbo
2340 4384 2432 4431 ant
2472 4376 2696 4431 vincere
2729 4377 2987 4450 hostes,
3026 4389 3142 4444 nisi
3174 4375 3381 4442 comm-'³

1917 4473 1973 4518 et
1999 4477 2127 4517 cura
2160 4462 2378 4518 medici.
2430 4462 2521 4517 Sic
2551 4464 2810 4522 bominis
2847 4475 3093 4544 anima,
3148 4474 3232 4530 nisi
3266 4467 3381 4528 Με·

1920 4552 2065 4606 dium
2105 4551 2178 4606 illi
2203 4553 2354 4620 insit,
2386 4550 2791 4622 infirmabitur,
2831 4570 2900 4614 et,
2933 4567 3102 4620 mah.
3133 4566 3176 4619 1„
3199 4558 3346 4610 ntum
3374 4545 3381 4587 ⁵

1918 4644 2068 4698 cidit.
2100 4641 2156 4698 Si
2187 4659 2315 4698 vero
2346 4658 2591 4713 quaerere
2616 4649 2956 4709 conabitur
3008 4657 3236 4711 ltom'm'·
3265 4643 3381 4707 ὑφ’*

1916 4735 2010 4791 Dei
2046 4735 2351 4790 ministrum
2376 4734 2677 4804 spiritualis
2716 4744 3002 4807 peritum
3051 4734 3381 4805 medritoedll'x·

1918 4826 2242 4892 adhaerebit3
2291 4826 2339 4883 is
2391 4825 2535 4881 illam
2568 4828 2828 4896 primum
2870 4843 3119 4896 sanabit
3149 4857 3176 4895 a
3199 4826 3381 4909 passioni

1921 4922 2225 4990 iterumque
2270 4926 2536 4989 resurget,
2571 4932 2824 4989 eamque
2876 4927 2984 4985 Dei
3028 4948 3199 4988 cansa
3232 4924 3378 4984 erudie

1919 5013 2182 5068 obtinebit
2207 5012 2461 5084 gaudium
2492 5011 2623 5066 illud
2678 5018 2846 5082 quod
2884 5033 2981 5078 est
3027 5025 3184 5080 illius
3210 5024 3380 5077 alimen

1919 5113 2029 5159 tunt
2063 5119 2191 5159 vero
2220 5103 2467 5159 hostibus
2509 5101 2800 5164 obsistere
2843 5117 3078 5181 poterit
3125 5116 3218 5187 qui
3246 5120 3381 5168 sunt:

1920 5204 2005 5252 tus
2053 5197 2206 5264 mali,
2256 5211 2457 5265 eosque
2486 5196 2784 5262 superabit
2843 5215 2908 5259 et
2958 5206 3311 5263 conculcabit
3353 5215 3381 5252 e·

1916 5288 2163 5355 consilia,
2193 5298 2245 5344 ει
2273 5289 2469 5358 gaudio
2506 5288 2874 5355 perficietur.

1986 5380 2137 5436 Nunc
2168 5382 2368 5452 itaque,
2413 5380 2765 5438 dilectissimi
2811 5389 2957 5456 mei,
3003 5408 3143 5448 cum
3170 5395 3269 5449 hoc
3294 5402 3381 5456 coff

1916 5471 2054 5533 ritis,
2081 5481 2269 5528 cavete
2297 5489 2323 5527 a
2367 5471 2493 5526 mali
2523 5470 2733 5528 diaboli
2775 5483 3097 5551 consitiis:
3153 5499 3274 5541 narn
3309 5495 3380 5534 vet

2117 5656 2159 5684 ‘¹³
2204 5654 2392 5708 Manli.
2442 5668 2518 5718 xt,
2576 5651 2671 5708 29.
