3725 6125
841 323 904 380 S.
943 319 1226 379 ANToNtt
1264 320 1337 379 Μ.
1379 315 1675 379 tuearis
1709 315 2096 381 EPtsToLAE.

2979 322 3119 379 {0⁶32

191 446 498 517 sordiaJ‘am
520 444 806 502 recesserit
829 443 1028 500 abillis
1050 444 1104 499 in
1137 451 1418 501 aeternum.
1452 444 1669 508 Acium
1716 444 1901 516 impiis
1945 444 2076 510 illis,
2133 440 2320 501 videre
2364 439 2615 515 permisit
2653 458 2671 510 ς
2725 455 2902 513 neque
2942 442 3117 500 etiam

191 543 298 599 des
348 553 587 608 namque
617 546 673 594 et
703 536 804 606 ipsi
847 536 1180 593 exstiterunt
1218 535 1271 591 in
1310 536 1423 592 vita

191 649 296 691 tum
330 647 441 689 non
471 631 740 696 cibantes,
770 627 1044 685 sitientem
1096 639 1203 683 non
1234 631 1427 699 petan-

191 739 318 782 num
363 738 471 779 non
515 720 899 791 suscipientes,
935 718 1144 774 nudum
1185 733 1292 774 non
1331 731 1430 773 ve-

191 820 384 875 irutum
409 825 515 869 non
539 813 864 878 invisenteS‚
887 819 1114 865 earcere
1141 809 1424 865 detentum

194 919 309 967 tes:
364 906 570 963 idcirco
606 902 884 959 consecuti
936 910 1061 958 sunt
1106 914 1428 956 remunera·-

213 997 608 1056 misericordia.
637 994 864 1065 insuper
890 993 1149 1066 peccatis,
1178 1003 1234 1048 et
1266 992 1421 1059 dolis,

191 1093 277 1148 ntia
309 1105 439 1161 erga
478 1095 840 1159 praeceptores
885 1095 942 1141 et
984 1084 1300 1140 erudientes
1330 1098 1426 1153 pa-

192 1180 233 1236 ti
284 1187 482 1243 erant;
531 1188 634 1231 nec
662 1173 1036 1245 poenitentiam
1066 1179 1289 1242 egerunt
1317 1185 1424 1223 una

191 1272 209 1327 i
255 1270 539 1342 elegerunt
590 1274 985 1336 praeceptorem
1030 1264 1123 1333 qui
1173 1275 1273 1332 pro
1320 1260 1426 1315 iliis

191 1361 436 1433 :gratias
472 1373 572 1429 pro
598 1355 880 1412 concessis
907 1354 1010 1409 sibi
1054 1352 1258 1407 divitiis
1293 1362 1422 1422 ege·

191 1462 459 1523 eruntque
483 1465 514 1504 a
543 1464 603 1505 se
638 1448 728 1504 bic
767 1446 1133 1517 cognitionem
1167 1442 1420 1498 Domini:

191 1556 391 1617 pioque
435 1538 708 1610 ignorabit
759 1536 883 1593 illos
917 1536 1016 1601 ibi,
1051 1544 1102 1590 et
1130 1534 1310 1589 tradet
1332 1546 1427 1587 eos

191 1634 362 1691 dibus
422 1631 550 1695 illis,
606 1639 665 1683 ut
718 1631 787 1685 de
855 1628 937 1683 eis
966 1627 1316 1681 ulciscantur
1360 1638 1427 1679 eo

191 1726 267 1795 ius
293 1741 401 1781 nou
436 1734 521 1780 est
555 1722 719 1779 finis:
772 1720 951 1776 instar
997 1720 1139 1775 servi
1171 1717 1312 1772 illius
1333 1716 1423 1785 qui

1524 537 1656 594 mali
1691 535 1768 594 iili
1808 546 1932 609 post
1959 537 2201 593 clausam
2240 534 2463 605 januam
2504 532 2885 590 conscendere
2925 531 3121 588 value-

1525 637 1652 685 runt
1683 644 1805 685 cum
1833 627 2032 700 justis3
2064 628 2158 682 sed
2187 625 2317 682 laeti
2353 633 2480 681 sunt
2512 639 2635 681 cum
2671 624 2841 680 baedis
2869 623 2962 695 qui
2998 638 3120 680 suut

1529 720 1598 774 ad
1645 718 1950 787 sinistram,
1991 733 2091 774 nec
2120 716 2381 773 accedere
2425 723 2721 786 potuerunt
2766 714 2831 770 ad
2876 728 2976 772 eos
3032 728 3133 783 qu·>

1525 812 1741 867 suntad
1773 813 2051 869 dexteram
2080 828 2096 879 ;
2130 825 2319 866 verum
2350 809 2658 882 perditione
2699 808 2964 879 deperditi
2988 818 3124 865 sunt

1525 913 1667 969 aqua
1713 899 1905 956 diluvii
1941 901 2011 956 ob
2058 914 2215 956 suam
2264 898 2535 970 pigritiam
2571 908 2625 955 et
2667 898 3116 956 inobedientiam.

1529 990 1744 1047 Etenim
1774 991 1890 1048 Noe
1914 993 2091 1063 spatio
2122 991 2337 1049 illorum
2364 1000 2579 1047 centum
2619 990 3119 1061 annorunr·quibus

1525 1096 1710 1137 arcam
1741 1084 2031 1151 exstruxit,
2067 1083 2135 1139 ad
2181 1082 2459 1139 meliorem
2502 1083 2710 1155 frugem
2751 1096 2847 1138 eos
2888 1095 3113 1137 revoca-

1524 1176 1653 1240 bat,
1689 1185 2057 1231 verumtamen
2106 1188 2282 1244 neque
2330 1174 2662 1229 obediebant
2684 1174 2772 1239 ei,
2808 1187 2984 1244 neque
3014 1187 3117 1227 au-

1523 1264 1769 1331 diebant,
1800 1266 2031 1339 ideoque
2059 1265 2324 1337 deperditi
2349 1273 2495 1321 sunt.
2529 1265 2683 1321 Nunc
2721 1304 2739 1331 ,
2778 1264 3118 1322 dilectissimi

1525 1359 1632 1414 mei
1659 1401 1675 1426 ,
1711 1369 1767 1415 et
1794 1358 1929 1415 mibi
1962 1360 2248 1427 amabiles,
2272 1361 2340 1422 ‚de
2367 1373 2501 1429 pace
2525 1358 2743 1415 solliciti
2778 1373 2900 1414 cum
2942 1359 3119 1413 omni-

1524 1448 1649 1517 bus,
1684 1462 1816 1521 rogo
1854 1462 1955 1505 vos
1993 1462 2091 1519 per
2112 1450 2346 1519 gratiam
2379 1448 2497 1515 Dei,
2528 1457 2590 1505 ut
2644 1448 2912 1506 obediatis
2952 1448 3117 1517 mibi;

1526 1549 1641 1596 tum
1675 1554 1778 1612 ego
1802 1553 2020 1612 quoque
2059 1541 2309 1598 obediam
2342 1541 2535 1609 vobis;
2574 1550 2630 1599 et
2672 1555 2862 1598 omnes
2895 1541 3122 1598 obedia·

1527 1646 1652 1689 mus
1686 1631 1917 1689 Domino
1946 1632 2145 1689 dicenti
2193 1647 2289 1703 per
2331 1631 2573 1705 linguam
2612 1630 2937 1705 Prophetae:
2987 1632 3119 1701 Quis

1526 1732 1602 1779 est
1647 1724 1802 1779 hemo
1851 1724 1943 1789 enti
1967 1724 2249 1780 ‘desiderat
2281 1724 2463 1789 eitam,
2505 1734 2553 1779 ee
2585 1725 2727 1795 carpit
2780 1725 2955 1779 uidere
3004 1725 3120 1780 dies

192 1826 376 1876 ¹sertus
425 1828 716 1882 conservo,
755 1811 1076 1868 dimittendo
1118 1808 1420 1864 cicentem
1455 1793 1498 1850 B
1529 1815 1733 1871 bonos?
1762 1811 1959 1870 como,
1986 1814 2223 1886 linquam
2269 1823 2414 1871 tuam
2441 1834 2473 1871 a
2506 1816 2652 1871 mulo
2676 1854 2693 1882 ,
2740 1827 2790 1871 η
2837 1813 2980 1871 eam
3026 1827 3119 1873 m„

192 1911 244 1966 ni
290 1909 456 1981 pauci
506 1907 722 1964 suntin
752 1903 1167 1973 comparatione
1217 1899 1424 1971 myria-

210 1998 422 2057 dimissi
457 2007 622 2063 sunt;
650 2005 707 2052 et
735 1996 908 2052 instar
944 1993 1089 2050 servi
1116 1993 1426 2063 impotentis

191 2090 435 2162 sepelivit
461 2097 748 2158 argentum
777 2084 982 2144 domini
1009 2083 1092 2140 sui
1120 2100 1134 2138 :
1172 2090 1227 2138 et
1253 2082 1428 2137 instar

191 2196 248 2238 in
281 2190 368 2238 est
414 2180 668 2236 inventus
713 2193 838 2235 eum
884 2185 1035 2232 veste
1077 2173 1338 2244 nuptiali3
1371 2181 1428 2229 et

191 2276 199 2330 ἰ
245 2272 645 2331 contemnentis
690 2271 1007 2327 mandatum
1053 2264 1258 2323 douiini
1304 2265 1424 2327 sui,

191 2375 248 2422 et
294 2364 531 2421 bibentis
578 2378 704 2419 cunt
738 2360 929 2423 ebriis,
969 2371 1070 2413 nec
1117 2355 1427 2411 miserantis

195 2459 300 2529 Qui
347 2459 561 2531 quidem
614 2470 806 2513 omnes
864 2454 987 2509 ideo
1058 2450 1240 2507 traditi
1298 2459 1429 2506 sunt

201 2562 259 2609 et
297 2548 848 2611 immisericordibus.
877 2545 1136 2615 quoidam
1177 2542 1422 2598 immise-

191 2650 307 2708 ant,
338 2640 482 2697 sieut
528 2639 792 2708 scriptum
826 2644 935 2703 est,
974 2634 1122 2705 quod
1162 2633 1427 2702 iudiciuin

191 2750 220 2788 s
249 2730 526 2788 abutentis
555 2730 663 2785 erit
702 2724 1176 2782 immisericordia.

191 2820 514 2879 lilectissimi
552 2818 678 2884 mei,
704 2832 803 2888 ego
833 2813 1018 2871 infelix
1051 2814 1120 2871 eb
1155 2815 1428 2885 ingentem

218 2924 314 2966 vos
335 2909 592 2981 pietatem
626 2908 765 2964 satis
795 2918 1069 2975 superque
1108 2919 1206 2959 vos
1236 2903 1430 2973 depre-

191 3000 431 3075 gimnus,
464 2999 589 3055 dum
617 3012 809 3054 sumus
851 2996 906 3051 in
943 2996 1046 3051 boc
1090 3009 1339 3060 corpore,
1374 3005 1432 3050 et

191 3094 524 3165 semetipsos,
549 3101 607 3149 et
637 3089 986 3162 deploremus
1014 3103 1083 3145 ex
1118 3098 1232 3144 toto
1266 3089 1432 3143 corde

191 3196 242 3242 tu
288 3184 606 3256 diuque,”ut
634 3183 935 3253 eripiamur
965 3183 1034 3236 ab
1079 3193 1266 3234 amaro
1309 3193 1434 3233 cru·
1457 3151 1504 3214 c

191 3276 293 3334 letu
318 3287 372 3332 et
397 3277 613 3349 ploratu
640 3284 697 3330 et
722 3273 1008 3339 moestitia,
1034 3288 1154 3343 quae
1181 3287 1291 3329 non
1308 3285 1445 3342 petz·

225 3382 279 3427 et
306 3383 602 3427 caveamus
634 3364 848 3451 ingredi
890 3364 1231 3437 pet-ianuam
1267 3366 1434 3421 latam

191 3463 319 3519 ilem
365 3475 495 3531 qun
538 3450 799 3516 conducit
837 3458 905 3513 ad
942 3457 1333 3528 perditionem,
1380 3465 1437 3513 et

209 3551 554 3606 ambulantes
578 3563 679 3620 per
721 3548 897 3617 illann
944 3550 1040 3606 sed
1071 3550 1439 3620 ingrediamur

191 3657 222 3696 n
257 3648 540 3710 angustam
579 3648 636 3698 et
663 3639 800 3697 tiam
845 3643 1058 3697 tristem
1091 3651 1147 3698 et
1181 3651 1433 3697 moestam

191 3747 253 3786 tm
286 3733 355 3786 ad
385 3731 568 3798 vitam.
597 3739 651 3788 et
690 3733 850 3803 pauci
891 3742 1019 3788 sunt
1073 3732 1440 3801 ingredientes

237 3823 342 3893 Qui
385 3832 559 3880 autem
610 3838 708 3896 per
735 3824 886 3880 illam
928 3823 1158 3895 ingressi
1216 3823 1435 3890 suerint,

191 3913 237 3970 ii
275 3923 423 3982 sunt,
453 3914 545 3987 qui
576 3914 846 3985 accipient
872 3914 1179 3970 mercedem
1207 3929 1431 3971 suorum

192 4020 283 4061 :um
340 4006 559 4077 gaudio,
612 4014 669 4062 et
720 4004 1121 4061 baereditabunt
1185 4021 1434 4078 regnum.

191 4103 370 4153 aratus
393 4103 502 4160 est.
544 4094 887 4152 dilectissimi
935 4098 1064 4163 mei,
1113 4096 1325 4162 adesse,
1370 4110 1439 4151 ne

192 4184 332 4258 {igat‚
368 4201 439 4243 ne
474 4192 718 4242 transeut
752 4193 997 4257 tempus;
1041 4195 1097 4242 et
1125 4201 1236 4242 non
1278 4201 1439 4257 repe·

191 4279 417 4350 emptori
458 4278 696 4335 vendere
729 4279 879 4334 vetit.
930 4279 1023 4335 Sic
1064 4281 1206 4336 enim
1243 4280 1440 4334 accidit

189 4366 293 4425 illis
315 4367 556 4439 quinque
578 4367 781 4435 stultis,
810 4382 936 4425 cnm
968 4383 1075 4426 uon
1113 4369 1441 4424 invenerunt

1532 1920 1594 1962 ne
1616 1905 1907 1975 loquentur
1943 1923 2061 1962 rtem
2096 1907 2240 1962 dolo.
2287 1906 2505 1963 Declinoe
2545 1924 2579 1962 e
2604 1907 2766 1973 mulo,
2815 1916 2867 1962 et
2903 1908 2990 1978 sac
3036 1910 3121 1964 bo-

1532 2012 1695 2065 nmug
1732 2011 1910 2069 qnoene
1946 2013 2155 2068 pacem,
2178 2008 2227 2054 et
2257 2014 2471 2071 sequere
2506 1999 2654 2057 illam
2690 2002 2754 2057 ⁸:
2806 2014 2866 2059 et
2908 1999 3121 2071 reliqna

1529 2105 1650 2161 qum
1681 2091 1795 2146 ltaec
1833 2099 2155 2161 sequuntur.

1600 2182 1668 2238 Et
1694 2182 1938 2254 profecto
1970 2198 2034 2239 ea
2082 2191 2208 2239 sunt
2236 2183 2429 2254 gaudia
2463 2197 2604 2250 mea,
2662 2198 2719 2240 et
2755 2185 2983 2241 iratrum
3024 2188 3117 2257 qui

1532 2279 1660 2327 snnt
1705 2285 1872 2343 penes
1914 2285 2029 2339 me,
2058 2280 2119 2327 ut
2169 2273 2418 2327 nuntium
2466 2273 2765 2331 habeamus
2814 2276 2881 2331 de
2933 2288 3112 2332 vestra

1534 2363 1979 2430 christianitate;
2018 2372 2073 2420 et
2094 2364 2238 2434 quod
2269 2379 2374 2435 pax
2415 2364 2627 2421 Domini
2661 2367 2733 2423 sit
2763 2365 2905 2437 apnd
2942 2383 3035 2424 vos
3060 2377 3118 2424 et

1534 2470 1701 2526 penes
1731 2471 1860 2523 vos;
1891 2467 1949 2512 et
1994 2458 2139 2528 quud
2178 2455 2460 2513 aediiicetis
2499 2471 2666 2528 super
2705 2458 2849 2514 illam
2896 2460 2985 2515 diu
3027 2472 3122 2515 no-

1533 2560 1754 2621 ctuque,
1788 2558 1851 2604 nt
1898 2550 2041 2605 llatis
2072 2565 2215 2605 unus
2259 2550 2482 2620 spiritns
2516 2550 2570 2607 in
2612 2565 2718 2606 una
2759 2551 3034 2610 voluntate
3064 2563 3121 2608 et

1536 2639 1589 2694 in
1642 2652 1746 2693 ena
1804 2637 1911 2694 lide
1956 2647 2013 2694 et
2059 2637 2115 2693 in
2183 2654 2285 2694 una
2340 2638 2755 2709 participatione
2806 2642 2951 2697 etin
3003 2655 3118 2699 uua

1536 2737 1758 2797 mensu,'
1781 2740 1839 2784 nt
1872 2740 2194 2802 permaneat
2215 2730 2368 2787 vobis
2392 2743 2515 2803 pax.
2545 2729 2627 2785 Ex
2653 2743 2763 2802 quo
2793 2742 2974 2788 autem
2996 2747 3123 2804 pet·-

1534 2821 1686 2875 venit
1732 2820 1801 2874 ed
1838 2835 1924 2876 me
1958 2820 2187 2890 epistola
2234 2830 2441 2890 vestra,
2481 2838 2657 2894 usqne
2705 2837 2852 2879 nune
2893 2831 3123 2881 mrestus

1537 2926 1658 2968 sum
1691 2914 1861 2968 corde
1884 2922 2107 2984 propter
2127 2923 2383 2970 exortum
2423 2914 2571 2971 inter
2598 2927 2696 2971 vos
2727 2914 2969 2972 laborem
2991 2925 3122 2972 eau-

1535 3017 1596 3058 sa
1639 3001 2021 3074 imprudentiae
2045 3017 2258 3072 eorum,
2294 3005 2392 3077 qui
2422 3018 2485 3061 se
2527 3017 2815 3078 segregare
2848 3005 3033 3063 volunt
3057 3017 3117 3063 et

1536 3094 1810 3166 propriam
1841 3093 2022 3152 l'aeere
2040 3094 2402 3163 voluntatem.
2427 3110 2552 3153 cum
2585 3097 2762 3152 adhoc
2786 3096 2970 3154 sintin
3003 3109 3123 3153 tne-

1535 3187 1646 3242 dio.
1678 3188 1948 3259 Deinceps
1977 3201 2129 3258 erge,
2168 3189 2506 3246 dilectissimi
2550 3189 2682 3260 mei,
2725 3205 2832 3245 non
2864 3190 2977 3249 sint
3000 3191 3119 3246 inec

1510 3278 1682 3355 ..inter
1704 3286 1828 3346 ¹tm,
1848 3275 2456 3350 ‘afflati-nme
2490 3280 2687 3337 dennis
2715 3282 2869 3353 pacis
2895 3296 3121 3339 eoncor-

1536 3370 1622 3427 dia
1648 3388 1663 3426 ε
1691 3369 1973 3427 ‘indecens
2018 3369 2218 3441 quippe
2245 3380 2330 3428 est
2374 3371 2504 3426 dare
2533 3386 2694 3428 suurn
2725 3374 2927 3428 bonnm
2961 3374 3119 3428 alteri

1536 3461 1676 3527 loco,
1717 3461 1812 3518 s'ed
1860 3461 2267 3533 congregemini
2318 3476 2426 3517 uno
2474 3461 2526 3515 in
2583 3460 2724 3526 loco,
2760 3470 2814 3518 et
2867 3463 3116 3529 perlicite

1538 3552 1668 3610 illud
1697 3554 1750 3610 in
1777 3565 1933 3624 pace,
1960 3561 2018 3608 et
2043 3552 2357 3619 concordia,
2389 3563 2448 3608 et
2481 3552 2809 3618 bumilitate,
2835 3562 2894 3608 et
2914 3554 3117 3610 timore

1535 3642 1655 3710 Dei,
1681 3652 1737 3700 et
1758 3642 2032 3714 precibus.
2065 3641 2216 3698 Tune
2238 3642 2382 3698 enim
2407 3642 2879 3698 consummabitur
2907 3643 3113 3700 bonum

1536 3735 1729 3793 domus
1756 3736 1887 3802 Dei,
1918 3742 1974 3791 et
2009 3733 2332 3791 obtinebitis
2362 3733 2492 3790 illud
2527 3749 2648 3791 cum
2673 3736 2869 3805 gaudio
2889 3744 2945 3791 et
2973 3734 3118 3792 imti-

1540 3827 1635 3884 tia.
1671 3826 1872 3883 Deinde
1918 3827 2043 3881 date
2094 3825 2325 3881 infirmis
2372 3832 2429 3880 et
2479 3825 2830 3895 pauperibus,
2879 3836 2936 3880 ut
2968 3825 3118 3899 digni

1537 3918 1847 3976 efficiamini
1874 3919 2113 3976 secundo
2143 3917 2339 3988 gaudio
2363 3917 2556 3983 electo,
2586 3918 2729 3988 quod
2754 3927 2837 3974 est
2867 3917 3030 3984 fides,
3062 3929 3119 3974 et

1539 4027 1689 4084 spes,
1718 4020 1776 4068 et
1804 4011 2067 4077 charitas,
2096 4018 2152 4066 et
2184 4009 2481 4073 humilitas.
2521 4018 2577 4065 et
2608 4009 2795 4077 timor,
2823 4019 2880 4066 et
2907 4011 3116 4066 discre-

1540 4103 1639 4168 tio,
1678 4111 1735 4158 et
1771 4101 1980 4173 religio,
2025 4109 2083 4157 et
2122 4115 2246 4170 pax.
2273 4109 2330 4154 et
2359 4099 2767 4168 contemplatio,
2806 4109 2863 4155 et
2902 4101 3119 4157 dilectio

1538 4192 1793 4248 fratrum.
1841 4192 2056 4248 Etenim
2095 4192 2406 4262 quicunque
2433 4189 2550 4245 ltaec
2575 4189 2851 4255 babuerit,
2884 4191 2998 4262 ipse
3033 4200 3117 4247 est

1539 4287 1757 4342 indutus
1807 4295 1959 4339 veste
2004 4281 2255 4352 nuptiali,
2300 4288 2360 4337 et
2405 4280 2687 4336 ambulans
2733 4281 2789 4336 in
2825 4282 3113 4352 praeceptis

1542 4377 1797 4447 Spiritus.
1828 4372 1971 4429 Vere
1994 4373 2222 4445 quidem
2245 4373 2367 4428 dico
2393 4372 2565 4438 vobis,
2597 4372 2813 4436 tratres,
2842 4373 2984 4444 quud
2999 4386 3116 4429 mo-

193 4466 334 4517 rent.
366 4459 520 4516 'runc
568 4457 1030 4524 exclamaverunt.
1069 4467 1127 4514 et
1168 4459 1437 4516 neverunt
1468 4489 1514 4548 Β
1542 4469 1611 4523 do
1655 4480 1760 4520 non
1792 4464 2067 4521 concessit
2118 4461 2251 4518 mibi
2299 4461 2559 4528 nominas
2606 4462 2752 4518 trane
2802 4462 3115 4535 snectutem

192 4547 434 4619 Domine,
463 4551 612 4621 aperi
644 4552 818 4608 nobis.
858 4550 964 4616 Qui
999 4551 1318 4620 respondeus
1361 4551 1437 4605 ait

191 4639 337 4695 tdico
365 4639 510 4696 uobis
540 4655 560 4693 .·
597 4640 793 4696 Nescio
819 4656 909 4696 vos
930 4640 975 4695 ¹.
1011 4637 1119 4695 Nec
1147 4639 1201 4695 id
1229 4639 1309 4695 eis
1331 4639 1434 4694 alia

191 4732 362 4801 :eidit,
410 4732 515 4789 nisi
557 4744 778 4804 propter
810 4732 1103 4804 pigritiam.
1140 4731 1276 4787 Nam
1313 4744 1436 4787 eum

193 4836 354 4878 omns
402 4825 728 4890 surrexerit,
791 4831 847 4879 et
894 4821 1152 4879 clauserit
1185 4819 1438 4889 ianuam,

192 4928 262 4970 us
283 4912 551 4984 proderit,
585 4914 663 4969 uti
686 4913 947 4985 scriptum
974 4921 1076 4968 est.
1114 4910 1225 4980 Ego
1252 4918 1432 4964 autem

191 5004 289 5061 ibis
344 5004 757 5060 similitudinem
808 5004 968 5074 liujus
1014 5003 1112 5059 rei.
1146 5003 1262 5058 Noe
1311 5017 1436 5058 cunt

199 5095 395 5152 suisset
453 5110 639 5152 arcam
691 5097 809 5167 ipse
855 5110 976 5150 cum
1037 5093 1161 5149 tiliis
1214 5092 1328 5147 suis
1381 5103 1437 5149 et

191 5187 401 5244 iliorum
434 5202 680 5253 suorum.
727 5197 784 5243 et
816 5187 1037 5256 reliquis
1083 5186 1173 5257 qai
1209 5199 1332 5240 cum
1368 5199 1440 5242 eo

191 5280 433 5338 {ausisset
462 5279 687 5351 januam
726 5293 868 5334 arc-e
906 5286 1127 5350 propter
1153 5292 1324 5348 aquas
1353 5279 1441 5335 di-

194 5373 434 5430 mnissae
459 5379 588 5428 sunt
616 5383 783 5443 super
808 5369 948 5426 male
973 5379 1297 5440 operantes3
1330 5368 1442 5426 Noe

191 5464 442 5538 ajanuam
475 5464 713 5536 amplius
755 5478 860 5518 non
891 5463 1124 5532 aperuit,
1166 5476 1269 5517 nee
1317 5462 1442 5518 tiliis

191 5559 386 5616 iculum
425 5557 559 5616 illud
601 5555 845 5615 terribile
873 5555 1017 5627 quod
1055 5563 1176 5611 erat
1210 5553 1264 5609 in
1288 5552 1438 5624 judi·

192 5799 207 5817 .
248 5773 377 5824 xxv.
407 5757 498 5823 ll.
540 5756 629 5814 12.
703 5753 894 5816 ’Psab
932 5770 1149 5828 xxxin,
1184 5752 1376 5812 13-15.

1540 4558 1644 4614 lree
1688 4554 1957 4621 faciendi,
1993 4555 2134 4626 quod
2174 4561 2258 4608 est
2289 4552 2564 4624 segregari
2606 4568 2637 4607 a
2686 4550 2948 4610 [retribue
2983 4569 3000 4608 ε
3044 4553 3119 4609 ti·

1540 4663 1662 4704 meo
1697 4646 1844 4703 enim
1876 4643 2009 4701 illud
2071 4644 2249 4700 facere
2284 4659 2314 4699 a
2345 4643 2673 4715 memetipso
2706 4643 2845 4711 solo,
2879 4644 2997 4699 sine
3022 4657 3120 4698 ve-

1540 4740 1749 4796 luntate
1793 4736 2030 4806 Domini.
2072 4735 2435 4806 Quamobrem
2482 4749 2613 4806 rego
2644 4750 2759 4801 vos,
2789 4743 2855 4790 ut
2900 4749 3117 4805 perna·

1539 4832 1714 4888 neatis
1747 4829 1800 4886 in
1833 4838 2009 4885 vestm
2039 4827 2348 4883 bumilitate
2400 4841 2456 4881 et
2502 4826 2787 4896 patientis,
2837 4833 2897 4880 ut
2934 4834 3119 4882 eratis-

1541 4933 1668 4979 esnt
1689 4939 1719 4976 a
1749 4920 1900 4976 vobis
1925 4919 2244 4991 passiones:
2278 4918 2477 4989 quippe
2535 4916 2646 4973 boe
2668 4930 2780 4972 non
2800 4925 2888 4972 est
2909 4925 3119 4985 tempus

1543 5014 1684 5069 banc
1709 5011 1920 5082 petendi
1957 5022 2096 5066 rem.
2126 5007 2231 5076 Qui
2271 5017 2459 5062 autem
2498 5005 2762 5076 proficiet,
2791 5013 2848 5059 et
2874 5017 2949 5059 -eo
2991 5017 3120 5073 per-

1543 5105 1726 5161 veniet
1756 5113 1819 5159 ut
1854 5104 1959 5159 boc
1980 5111 2371 5173 consequetur,
2393 5109 2582 5154 cervus
2607 5111 2732 5152 sunt
2761 5097 2903 5165 quod
2939 5093 3119 5150 Deui-

1547 5209 1648 5248 nus
1681 5207 1834 5249 meus
1869 5193 1929 5247 id
1956 5190 2088 5246 man
2121 5189 2412 5253 revelabit,
2463 5194 2520 5242 et
2561 5182 2882 5254 edirnplebit
2914 5183 2971 5236 in
3024 5182 3111 5239 itte

1547 5299 1699 5340 suam
1723 5283 1920 5338 bouem
1953 5281 2308 5337 vot-atatem.
2343 5277 2402 5334 Si
2430 5275 2597 5348 igitur
2628 5275 2689 5329 in
2714 5274 2798 5328 bis
2833 5285 3107 5342 permane·

1547 5377 1695 5443 bitis,
1728 5390 1831 5444 pax
1868 5373 1973 5430 erit
1996 5371 2151 5428 vebis
2170 5379 2230 5427 et
2270 5366 2404 5426 loeis
2421 5367 2649 5436 vestris,
2673 5376 2731 5423 et
2753 5366 3005 5422 oneum
3023 5363 3112 5436 qu·

1544 5466 1765 5523 venient
1811 5465 1879 5521 ad
1907 5478 1999 5529 ea,
2033 5472 2097 5518 et
2124 5462 2220 5533 qut
2258 5461 2497 5516 omnint
2545 5459 2603 5515 iu
2643 5458 2734 5516 eis
2785 5458 2849 5514 in
2897 5457 3120 5512 nomine

1547 5554 1784 5614 Domini.
1834 5553 1948 5611 ilec
2013 5561 2194 5610 autern
2233 5565 2336 5623 pre
2375 5558 2531 5609 certe
2569 5547 2792 5617 habete,
2823 5545 2970 5620 quse
2998 5544 3121 5617 qui·
