3725 6125
227 286 374 348 tozt

1246 280 1304 336 S.
1345 279 1630 339 ANTONtt
1668 282 1741 337 tt.
1785 283 2076 341 Atinatis
2117 284 2498 344 EptsTOLAE.

3377 286 3519 344 1022

223 419 319 468 cst
356 407 503 464 Elias
541 399 863 468 Thesbites,
902 407 958 455 et
998 397 1224 456 Etisaeus
1266 415 1389 456 cum
1437 400 1663 471 reliquis
1708 416 1833 471 pro-
1862 408 1907 464 Α
1937 405 2002 460 ‹le
2051 414 2165 462 toto
2205 408 2391 473 corde,
2437 416 2494 462 et
2534 407 2601 462 de
2652 415 2762 461 tota
2804 407 3151 476 cogitatione,
3191 416 3244 461 et
3288 408 3354 463 de
3407 416 3518 462 tota

227 500 439 576 pinetis.
473 494 588 553 Nec
609 491 865 564 cogitetis
897 490 952 547 in
985 490 1240 546 cordibus
1261 492 1478 559 vestris,
1499 501 1554 547 et
1578 492 1832 563 ancipitis

229 591 426 649 cordis
452 586 601 655 sitis,
633 584 886 640 dicentes
920 598 937 638 z
968 580 1103 648 Quis
1142 580 1285 637 valet
1327 580 1473 637 hunc
1505 582 1783 653 suscipere
1809 584 1833 636 ζ’

240 684 647 753 Nequaquam,
687 672 844 732 tilioli
891 672 1036 737 mei,
1087 687 1430 746 nequaquam
1475 674 1671 730 sinatis
1735 674 1833 731 has

235 772 607 847 cogitationes
652 768 707 824 in
757 774 941 823 vestra
992 766 1178 822 venire
1212 767 1398 833 corda,
1454 769 1549 823 sed
1605 766 1834 837 quaerite

242 881 379 922 cum
412 861 732 921 rectitudine
753 858 958 924 cordis,
987 866 1042 914 et
1057 858 1371 928 suscipietis
1391 858 1542 914 illum
1566 859 1831 930 profecto.

256 957 375 1030 Ego
404 964 581 1012 autem
610 950 775 1008 Pater
815 956 1000 1005 vester
1041 965 1146 1006 una
1176 965 1392 1022 quoque
1422 951 1702 1006 vobiscum
1739 951 1829 1005 dc·

250 1057 425 1113 certo,
456 1037 554 1118 pro'
586 1043 742 1101 vobis
789 1056 988 1113 rogans
1032 1040 1274 1097 utillum
1317 1039 1671 1109 suscipiatis;
1709 1038 1832 1093 novi

248 1154 482 1209 namque
517 1152 619 1195 vos
646 1135 923 1208 perlectos
951 1148 1094 1202 esse,
1125 1133 1390 1203 illumque
1415 1132 1698 1203 suscipere
1736 1146 1833 1186 va·

240 1234 439 1292 lentes.
480 1231 799 1300 Quicunque
838 1228 984 1286 enim
1011 1235 1188 1283 semet
1232 1226 1409 1297 ipsum
1465 1226 1567 1281 hac
1620 1223 1835 1280 cultura

239 1328 405 1394 colit,
445 1324 665 1380 dabitur
685 1324 734 1380 ei
766 1321 1005 1391 Spiritus
1041 1321 1133 1376 ille
1165 1333 1381 1390 semper
1408 1327 1575 1386 atque
1595 1318 1650 1372 iu
1680 1324 1836 1372 aeter·

240 1437 400 1479 num.
433 1418 562 1474 Scio
591 1424 771 1471 autem
810 1414 1096 1484 quosdam,
1172 1412 1263 1482 qui
1298 1426 1421 1468 cum
1457 1411 1608 1466 illum
1649 1422 1837 1465 susce-

240 1513 486 1583 pissent,
524 1519 579 1564 et
602 1507 747 1564 hanc
781 1520 887 1559 uon
926 1501 1290 1572 perfecissent
1323 1502 1619 1565 culturam,
1648 1498 1838 1555 inillis

241 1606 471 1664 minime
498 1598 887 1673 permansisse.
916 1598 987 1653 At
1014 1594 1488 1664 vos,dilectissimi
1524 1592 1681 1657 mihi,
1703 1605 1840 1662 quos

240 1697 434 1753 videre
461 1693 623 1763 cupio
639 1700 860 1762 propter
881 1688 1253 1745 intellectuum
1289 1695 1594 1743 vestrorum
1619 1685 1842 1740 rectitu-

245 1789 455 1855 dinem,
494 1781 773 1857 persistite
810 1782 866 1837 in
906 1781 1160 1851 precibus
1206 1794 1330 1835 cum
1372 1777 1741 1834 sollicitudine
1769 1791 1837 1829 ex
1872 1762 1916 1822 Β

251 1881 381 1938 totis
425 1876 680 1937 cordibus
719 1876 954 1942 vestris,
1001 1884 1055 1929 et
1096 1874 1317 1930 dabitur
1361 1873 1556 1930 vobis.
1604 1870 1841 1941 Spiritus

254 1985 489 2043 namque
527 1969 619 2026 ille
662 1967 717 2024 in
744 1967 1000 2024 eordidus
1030 1965 1303 2021 inhabitat
1346 1964 1531 2021 rectis.
1570 1963 1672 2031 Qui
1707 1976 1841 2017 sane

253 2073 535 2133 susceptus
548 2060 810 2118 revelabit
826 2058 982 2116 vobis
1000 2058 1215 2139 excelsa
1237 2072 1462 2125 arcana,
1484 2055 1658 2112 aliave
1678 2069 1840 2125 quam

256 2156 415 2229 plura
454 2170 571 2226 quai
607 2152 819 2220 charta,
861 2150 1075 2207 calamo
1106 2158 1524 2221 atramentoque
1569 2161 1844 2217 exponere

254 2263 369 2305 non
394 2244 578 2314 valeo;
610 2254 668 2301 et
697 2244 973 2301 amovebit
995 2256 1027 2297 a
1056 2242 1212 2298 vobis
1251 2241 1503 2298 timorem
1535 2239 1839 2306 bominum,

251 2349 318 2397 et
344 2337 660 2406 bestiarum,
689 2344 745 2393 et
772 2336 1102 2393 charitatum
1152 2334 1495 2402 aliorumque
1534 2330 1837 2402 ejusmodi3

248 2434 437 2491 eterit
464 2429 860 2488 vobiscoeleste
897 2428 1148 2498 gaudium
1183 2435 1343 2482 noctu
1383 2427 1608 2496 diuque,
1653 2422 1840 2479 eritis-

243 2539 358 2597 que
403 2523 457 2579 in
496 2522 598 2579 boc
637 2533 867 2589 corpore
915 2528 1175 2588 tanquam
1213 2516 1288 2572 illi
1327 2517 1418 2586 qui
1447 2515 1563 2585 jam
1610 2522 1739 2569 sunt
1784 2513 1840 2568 in

246 2632 441 2689 reguo.
481 2614 594 2672 Nec
648 2627 749 2684 pro
799 2611 1083 2668 animabus
1117 2610 1319 2666 vestris
1375 2606 1643 2678 rogabitis
1699 2606 1840 2660 dun·

246 2718 426 2775 taxat,
474 2721 666 2764 verum
694 2706 859 2762 etiam
886 2717 985 2776 pro
1019 2701 1164 2767 aliis,
1195 2716 1319 2756 cum
1348 2701 1661 2770 quicunque
1697 2698 1844 2753 hune

254 2800 562 2871 susceperit
609 2797 895 2866 Spiritum,
923 2810 1023 2868 pro
1086 2810 1147 2851 se
1191 2807 1383 2863 rogare
1438 2791 1580 2846 haud
1639 2787 1843 2859 indiget

165 2890 179 2902 ‘
258 2890 516 2961 amplius,
536 2888 631 2945 sed
659 2901 759 2958 pro
788 2883 1413 2956 attis.Que=nadmodum
1447 2877 1837 2951 l'ecitssoyses;

258 2984 356 3054 qui
391 2997 510 3038 cum
545 2980 696 3037 hunc
726 2979 964 3051 suscepit
998 2977 1262 3049 Spiritum
1284 3014 1302 3042 ,
1344 2973 1557 3043 rogavit
1607 2988 1707 3043 pro
1744 2987 1840 3042 po·

1937 507 2135 562 mente,
2183 509 2239 554 et
2285 499 2353 554 de
2385 508 2494 554 tota
2529 499 2729 554 virtute
2771 512 2893 565 sua,
2931 498 3183 555 timorem
3229 500 3519 568 consequi-

1937 596 2056 650 tur;
2083 588 2243 642 timor
2272 595 2453 643 autem
2494 599 2720 659 generat
2753 587 2975 656 fletum;
3005 587 3161 645 fletus
3193 603 3322 643 vero
3351 603 3517 659 gene-

1937 685 2023 731 rat
2060 675 2480 733 fortitudinem:
2521 681 2717 749 quibus
2761 677 3157 735 consummatis
3198 678 3253 733 in
3312 678 3518 741 anima,

1937 770 2145 825 fructus
2177 770 2315 826 leret
2349 772 2401 826 in
2439 773 2715 829 omnibus.
2760 773 2904 828 Deus
2934 781 3116 827 autem
3148 769 3394 841 pulchris
3432 769 3518 825 his

1944 864 2209 921 fructibus
2261 866 2312 920 in
2346 868 2529 922 anima
2569 870 2870 938 perspectis
2902 866 3125 921 attrabit
3165 864 3313 920 illam
3354 864 3421 920 ad
3460 878 3520 919 se

1947 963 2204 1027 tanquam
2229 958 2452 1014 odorem
2491 960 2665 1015 thuris
2693 959 2874 1025 electi,
2908 958 3105 1027 illaque
3135 959 3348 1013 loetatur
3394 969 3516 1010 cum

1937 1049 2143 1119 angelis
2171 1049 2318 1104 omni
2358 1058 2623 1120 tempore,
2674 1049 2947 1122 elargicus
2997 1049 3071 1103 illi
3117 1061 3333 1116 quoque
3386 1044 3518 1100 larti-

1941 1142 2095 1205 tiam,
2123 1155 2352 1210 eamque
2376 1142 2614 1198 custodit
2644 1142 2697 1196 in
2728 1143 2979 1196 omnibus
3009 1140 3108 1194 viis
3134 1138 3269 1210 ejus,
3299 1146 3358 1191 ut
3395 1151 3519 1207 pur-

1938 1223 2118 1288 v'eniat
2154 1234 2221 1287 ad
2261 1232 2439 1290 locum
2486 1249 2598 1289 suae
2643 1234 2889 1304 requiei;
2942 1240 2998 1289 et
3048 1247 3154 1287 non
3205 1227 3520 1302 praevalebit

1938 1327 2197 1381 adversus
2230 1339 2348 1381 eam
2378 1325 2645 1389 diabolus,
2674 1326 2866 1381 ridens
2884 1324 3200 1379 altissimum
3230 1321 3511 1378 custodem

1942 1416 2087 1471 illam
2144 1417 2616 1482 circumdantem;
2658 1416 2864 1471 idcirco
2906 1414 3110 1469 homini
3153 1411 3228 1467 illi
3262 1410 3520 1466 accedere

1941 1522 2167 1579 prorsus
2219 1508 2392 1574 timet,
2444 1508 2514 1561 ob
2564 1521 2816 1577 magnam
2869 1504 3014 1559 illam
3057 1504 3337 1558 virtutem.
3368 1498 3521 1554 Nunc

1942 1612 2148 1663 autem,
2203 1598 2545 1655 dilectissimi
2601 1599 2707 1653 tuci
2756 1599 2806 1653 in
2865 1597 3116 1660 Domino,
3165 1607 3301 1665 quos
3349 1589 3523 1659 diligit

1949 1695 2129 1750 anima
2157 1707 2275 1750 mea
2306 1693 2565 1763 novitque
2591 1707 2716 1748 csse
2746 1689 2841 1745 Dei
2878 1698 3171 1754 amatores,
3209 1692 3524 1756 comparate

1946 1784 2097 1839 vobis
2135 1783 2390 1839 virtutem
2438 1783 2600 1847 lianc,
2636 1790 2695 1836 ttt
2741 1789 2976 1852 paveant
3005 1794 3103 1833 ros
3144 1780 3436 1840 daemoneS,
3471 1783 3525 1829 ct

1944 1873 2225 1931 laboribus
2264 1888 2400 1944 quos
2442 1872 2724 1943 peragitis,
2767 1871 3044 1936 leventini,
3078 1880 3131 1925 et
3163 1869 3340 1923 diviua
3369 1866 3524 1922 vobis

1945 1965 2263 2022 dulcescant
2294 1963 2609 2034 :siquidem
2656 1963 2825 2020 divini
2880 1961 3085 2018 amoris
3131 1960 3355 2017 dulcedo
3401 1958 3525 2015 savo

1952 2060 2108 2130 longe
2135 2059 2345 2114 dulcior
2372 2068 2476 2113 est.
2520 2057 2667 2113 ttulit
2693 2072 2825 2114 sane
2857 2073 2925 2114 ex
2958 2056 3240 2113 monachis
3273 2063 3328 2111 et
3352 2053 3523 2126 virgi·

1946 2152 2103 2206 nibus
2141 2151 2235 2222 qui
2277 2151 2329 2204 in
2362 2148 2871 2220 congregationibus
2903 2155 3049 2212 sont,
3099 2160 3224 2203 cum
3264 2147 3405 2201 hane
3451 2144 3529 2199 di·

1948 2240 2056 2296 vini
2089 2240 2294 2297 amoris
2320 2239 2660 2296 dulcedinem
2699 2241 2924 2296 minime
2959 2242 3374 2312 degustassent,
3426 2253 3527 2294 nec

1947 2333 2187 2390 divinam
2218 2332 2587 2388 tortitudinem
2616 2342 2802 2389 essent
2824 2332 3125 2397 consecuti,
3145 2330 3524 2400 autumabant,

1944 2440 2004 2481 se
2023 2440 2141 2482 eam
2160 2424 2271 2495 jam
2326 2434 2516 2481 nactos
2543 2440 2685 2493 esse,
2716 2440 2880 2498 quam
2916 2433 3095 2480 tamen
3118 2423 3316 2480 lucrari
3347 2422 3523 2478 haud·

1948 2532 2216 2589 quaquam
2248 2529 2376 2575 sunt
2402 2518 2584 2574 conati
2619 2535 2634 2574 ε
2672 2518 2903 2589 ideoque
2923 2517 3145 2573 minime
3182 2529 3299 2572 eam
3327 2514 3526 2588 elargi-

1947 2618 2032 2665 tus
2065 2618 2150 2667 est
2182 2610 2293 2666 illis
2340 2611 2504 2666 neus.
2549 2609 2802 2667 l‘rol'ecto
2845 2609 2988 2665 enim
3022 2610 3333 2680 quicunque
3373 2606 3523 2662 illam

1946 2702 2146 2760 lucrari
2173 2712 2428 2770 conatur,
2469 2716 2587 2758 eam
2616 2703 2976 2774 consequitur
2997 2701 3093 2757 Dei
3121 2701 3473 2757 concessione
3503 2713 3520 2752 ε

1900 2821 1905 2827 ·
1944 2796 2767 2867 quandoquidem‘personarum
2820 2811 2924 2850 non
2953 2804 3037 2849 est
3063 2800 3316 2863 acceptor
3343 2792 3524 2858 Deus;

1945 2903 2132 2943 verum
2163 2888 2417 2944 omnibus
2440 2888 2493 2942 in
2521 2886 2988 2959 generationibus,
3020 2886 3374 2957 generatione
3406 2893 3528 2956 post

1947 2982 2352 3055 generationem
2375 3020 2393 3047 ,
2454 2980 2605 3035 illam
2667 2979 2898 3052 largitur
2960 2976 3310 3049 operantibus
3357 2989 3521 3044 opera

258 3077 389 3151 puto
409 3077 590 3133 dicens
610 3076 756 3131 ⁰⁶0²
787 3073 847 3133 St·
872 3073 1173 3145 deperdet&
1193 3068 1913 3161 120⁸,detenomenmemnc
1947 3078 2109 3132 iuius.
2142 3075 2318 3143 Nunc,
2344 3075 2684 3132 attentissimi
2714 3074 2820 3130 mei
2849 3074 2903 3129 in
2936 3071 3176 3139 christo,
3211 3070 3351 3127 nene
3385 3069 3523 3137 scio,

256 3169 327 3226 de
345 3168 476 3225 libra
497 3169 612 3226 τίω
628 3168 695 3224 ⁸⁸.
725 3164 1003 3239 Ejusmodi
1038 3177 1256 3235 quoque
1277 3169 1361 3218 est
1391 3159 1702 3229 deprecatio
1724 3173 1839 3212 om·

254 3264 405 3320 nium
438 3270 771 3326 sauctorum,
796 3260 1143 3326 aliorumque
1171 3256 1263 3326 qui
1301 3253 1367 3308 ad
1401 3253 1545 3308 hunc
1576 3264 1843 3321 pervene—

156 3354 159 3359 '
250 3363 380 3410 ruat
436 3353 760 3415 terminum,
811 3362 953 3418 quos
1010 3344 1331 3411 uominatlm
1388 3354 1680 3397 recensere
1729 3355 1837 3395 uon

244 3448 449 3514 velem
488 3461 592 3503 vos
620 3454 755 3501 sero
785 3453 912 3494 cum
940 3436 1219 3504 sapientes
1247 3435 1394 3501 sitis,
1425 3447 1521 3488 cos
1566 3430 1848 3501 coguosci⁴
1882 3457 1888 3462 -

253 3540 352 3594 tis.
380 3537 503 3591 idea
533 3540 720 3584 autem
764 3523 1076 3595 deprecatio
1104 3532 1262 3581 noctu
1289 3525 1491 3593 dinque
1520 3531 1624 3587 est,
1656 3535 1716 3576 ut
1768 3520 1841 3574 sit

262 3631 321 3681 'in
350 3626 508 3677 vobis
541 3618 856 3690 magnitudo
889 3615 1123 3688 Spiritus
1160 3616 1356 3690 hujus’,
1391 3630 1553 3688 quent
1587 3630 1839 3686 suscepe-

272 3725 400 3770 ruut
419 3712 595 3768 sancti
616 3723 822 3770 omnes.
853 3710 1134 3779 Equidem,
1166 3709 1316 3766 lilioli
1343 3710 1448 3765 mei
1476 3707 1838 3773 dilectissimi,

265 3817 552 3877 postquam
585 3800 865 3875 epistolam
903 3800 1055 3856 hanc.
1080 3801 1412 3870 scripseram
1437 3836 1454 3866 ,
1496 3799 1702 3871 Spiritu
1745 3796 1838 3853 Dei

261 3908 445 3954 motus
472 3911 614 3962 sum,
647 3901 705 3949 ut
734 3892 1023 3950 scriberem
1067 3893 1224 3950 vobis
1275 3893 1329 3949 in
1379 3892 1541 3963 liujus
1578 3892 1727 3948 calce
1770 3891 1836 3946 de

259 3992 467 4062 Spiritu
523 3991 630 4047 hoc
685 3989 872 4062 igneo,
901 4002 1064 4062 atque
1102 3993 1173 4046 de
1209 3990 1391 4046 diviua
1436 3989 1721 4046 charitate.
1771 3987 1841 4041 At

255 4097 383 4139 cum
404 4094 608 4138 venero
642 4081 711 4136 ad
731 4095 827 4137 vos
852 4080 1062 4137 Dotiiini
1085 4094 1211 4152 ope,
1235 4080 1339 4137 alia
1359 4096 1519 4151 quam
1539 4080 1695 4150 plura
1713 4088 1840 4134 nota

254 4174 410 4230 vobis
436 4173 634 4230 laciam
660 4174 731 4230 de
757 4174 861 4230 hoc
888 4174 1122 4245 Spiritu,
1155 4183 1295 4230 utea
1324 4175 1505 4231 omnia
1534 4185 1839 4242 consequa·

256 4265 410 4321 mini.
460 4264 950 4334 :Quetuadmodum
1004 4280 1138 4322 vero
1190 4265 1424 4322 salutem
1474 4266 1630 4322 vobis
1683 4264 1841 4319 ini‘tio

254 4357 504 4429 epistolae
533 4357 701 4427 hujus
730 4373 849 4415 sunt
881 4358 1220 4430 impertitus3
1253 4358 1512 4414 similiter
1536 4357 1658 4414 dico
1686 4355 1840 4409 vobis

1948 3186 2042 3226 ros
2064 3169 2231 3226 Deum
2256 3169 2515 3240 diligore;
2547 3182 2734 3223 verum
2763 3167 3017 3238 satagite,
3039 3171 3096 3220 ut
3121 3164 3173 3219 id
3203 3163 3279 3220 sit
3302 3176 3370 3221 ex
3392 3161 3522 3218 totis

1946 3263 2200 3318 cordibus
2230 3262 2465 3330 vestris3
2496 3260 2548 3315 in
2580 3274 2688 3331 quo
2722 3259 2938 3330 quidem
2974 3258 3182 3314 laetatttr
3197 3270 3293 3315 cot·
3318 3271 3519 3322 meum,

1945 3362 2003 3408 ut
2035 3352 2263 3409 valeatis
2292 3351 2540 3409 obtinere
2565 3351 2823 3405 virtutem
2852 3349 2969 3415 Dei,
3017 3358 3075 3406 et
3104 3328 3366 3417 reliquum
3398 3349 3522 3402 vitae

1945 3453 2137 3502 vestrm
2155 3460 2274 3500 cum
2299 3444 2495 3515 gaudio
2514 3450 2570 3498 et
2604 3441 2789 3497 laetitia
2817 3441 3137 3506 transigere,
3159 3448 3213 3494 et
3233 3447 3294 3493 ut
3318 3436 3521 3493 leviora

1946 3539 2101 3595 vobis
2132 3538 2425 3593 reddantur
2453 3550 2618 3606 opera
2657 3532 2891 3593 Domini.
2928 3547 3050 3586 cum
3078 3531 3250 3586 virtus
3277 3544 3397 3602 quai
3425 3528 3523 3584 lto·

1954 3629 2086 3684 mini
2124 3628 2320 3693 datur,
2364 3641 2427 3681 ea
2469 3627 2581 3696 ipsa
2616 3626 2687 3681 sit
2725 3639 2847 3695 quae
2881 3623 3027 3678 illum
3067 3621 3250 3692 dirigit
3291 3620 3359 3676 ad
3398 3619 3519 3676 loca

1947 3722 2151 3792 requiei
2174 3761 2189 3784 ,
2244 3719 2503 3789 illumque
2542 3717 2784 3774 custodit
2844 3729 3126 3787 quousque
3182 3719 3516 3784 pertranseat

1946 3827 2137 3865 omnes
2173 3825 2361 3865 aereas
2395 3811 2655 3874 virtutes,
2716 3806 2857 3862 sicut
2887 3806 2964 3861 ait
2993 3804 3281 3861 Psatmus:
3322 3800 3517 3859 Beatus

1944 3904 2044 3970 uir,
2068 3919 2157 3973 qut
2184 3901 2401 3969 complet
2423 3901 2739 3955 desiderium
2765 3915 2920 3953 suum
2942 3913 3007 3953 ex
3040 3899 3207 3968 ipsiu
3237 3906 3361 3951 tunc
3381 3894 3520 3950 enim

1946 4008 2049 4046 non
2078 3990 2452 4061 confundetur,
2492 4006 2611 4045 cum
2658 3989 2958 4062 alloquetur
3006 3990 3249 4045 inimicos
3286 4004 3408 4043 suos
3445 3984 3517 4042 ‘itt

1940 4089 2107 4157 portis
2126 4087 2196 4144 ⁶⁸.
2225 4086 2432 4142 Scitote
2466 4086 2669 4153 itaque,
2704 4082 2852 4137 tilioli
2888 4082 3013 4148 mei,
3038 4083 3180 4151 quod
3203 4084 3329 4136 dum
3358 4082 3521 4137 habet

1945 4179 2112 4234 homo
2143 4177 2322 4232 lumen
2345 4176 2437 4232 Dei
2457 4176 2822 4242 virtutemque
2842 4174 2979 4244 ejus,
3007 4173 3293 4242 opprobria
3334 4172 3517 4227 mundi

1953 4268 2112 4339 liujus
2143 4270 2448 4325 contemnit
2490 4276 2651 4336 atque
2677 4267 2842 4321 etiam
2874 4266 3109 4322 honores
3143 4264 3284 4335 ejus,
3316 4274 3374 4321 et
3396 4265 3522 4321 odio

1945 4361 2108 4417 habet
2139 4361 2322 4417 omnia
2356 4377 2476 4432 qum
2521 4372 2648 4417 sunt
2698 4362 2749 4416 iu
2789 4362 2892 4416 boc
2919 4359 3141 4426 mundo,
3172 4367 3228 4413 et
3273 4358 3522 4430 corporis

256 4447 489 4502 salutem
519 4448 575 4502 in
611 4447 879 4504 charitate
907 4447 1122 4505 Domini
1165 4447 1218 4502 in
1262 4447 1370 4503 litte
1393 4447 1539 4503 illius
1559 4463 1652 4517 pcr
1687 4447 1832 4500 huuc
1869 4456 1912 4510 ο
1942 4453 2184 4522 requiem
2208 4493 2225 4521 ,
2270 4456 2637 4527 emundatque
2661 4469 2756 4509 cor
2784 4469 2940 4509 suum
2980 4451 3048 4508 ab
3076 4449 3328 4507 omuibus
3362 4450 3521 4507 malis

255 4537 527 4609 Spiritum
572 4538 814 4611 igneum,
862 4554 1025 4612 quem
1094 4539 1436 4610 suscepimus
1480 4554 1579 4608 ego
1631 4549 1686 4595 et
1737 4554 1836 4594 vos

254 4631 432 4702 gratia
472 4632 709 4688 Domini.
750 4632 902 4705 Rogo
940 4634 1157 4689 demum
1214 4647 1344 4696 vos,
1400 4640 1460 4686 ut
1518 4631 1839 4701 relinquatis

253 4732 491 4778 vestram
520 4723 830 4780 sensualem
862 4724 1194 4781 voluntatem
1216 4764 1232 4788 ,
1273 4732 1329 4778 et
1366 4721 1534 4793 quieti
1587 4721 1838 4777 ontuibus

257 4815 434 4870 modis
468 4815 820 4882 incumbatis,
852 4825 915 4872 ut
946 4815 1252 4871 inhabitent
1293 4815 1436 4884 apud
1480 4827 1579 4870 vos
1610 4813 1836 4869 excelsae

256 4908 487 4963 virtutes
520 4907 678 4978 hujus
709 4892 950 4979 Spiritus
1005 4908 1179 4964 sancti
1220 4906 1423 4972 afflatu,
1476 4891 1640 4976 opem*
1682 4906 1836 4961 vobis

256 4994 497 5054 ferentes
537 4998 604 5054 ad
649 4998 992 5070 operandum
1042 4996 1196 5067 juxta
1260 4996 1590 5050 voluntatem
1635 5006 1837 5052 sanctie

265 5088 565 5159 trinitatis,
600 5092 800 5158 “att-ie,
835 5101 891 5148 et
920 5090 1067 5156 Filii,
1103 5102 1156 5147 et
1193 5089 1432 5161 Spiritus
1480 5089 1655 5145 sancti
1691 5105 1705 5143 ε
1746 5089 1832 5147 cui

256 5185 375 5242 huus
399 5199 616 5259 temper
651 5187 704 5241 in
736 5198 1020 5243 aetcrmtm.

824 5273 1155 5332 EPtSTOLA
1177 5275 1268 5331 tx.

252 5341 303 5402 1¹¹
303 5344 412 5400 iliis
431 5348 544 5400 suis
560 5348 834 5401 monachis
847 5361 865 5398 .·
883 5358 1057 5401 uotam
1074 5349 1148 5402 eis
1167 5348 1297 5415 facit
1314 5363 1608 5403 mensuram
1627 5347 1836 5402 uirtutis

321 5414 424 5471 Dei
446 5418 505 5472 in
535 5420 758 5473 sanctis.
777 5417 1043 5471 Hortatur
1073 5434 1160 5472 eos
1173 5429 1429 5485 proeterea
1455 5420 1523 5474 ad
1552 5420 1701 5474 illam
1720 5435 1839 5472 cou-

317 5492 660 5560 sequendam,
674 5500 728 5542 ttt
746 5489 1014 5543 obtineant
1032 5504 1245 5559 requam
1261 5493 1649 5559 sempiternum.
1668 5488 1835 5546 Dixit:

324 5577 678 5638 Dilectissimi
711 5580 766 5636 iu
793 5579 1046 5646 Domino,
1093 5579 1141 5635 si
1180 5570 1343 5637 hoino
1385 5581 1553 5639 Deum
1582 5583 1834 5641 dilexerit

330 5739 376 5768 θ’
410 5740 581 5797 Esod.
610 5754 784 5812 xxxii,
822 5738 912 5797 52.
990 5739 1036 5773 ⁸⁸
1058 5738 1200 5798 Psal.
1235 5756 1417 5809 cxxvi,
1449 5741 1503 5803 5.

1941 4540 2403 4612 cogitationibus;
2457 4553 2568 4598 tum
2611 4542 2874 4614 jejunium
2928 4542 3086 4599 offert
3144 4550 3199 4598 et
3253 4541 3525 4615 lacrymas

1942 4641 2105 4689 noctu
2140 4633 2378 4704 diuque,
2430 4651 2529 4690 nec
2563 4651 2669 4690 non
2713 4650 2879 4706 puras
2928 4649 3161 4706 preces:
3217 4648 3385 4704 quare
3412 4634 3526 4691 lar-

1940 4727 2119 4797 gietur
2150 4726 2398 4787 ei‚l)eus
2433 4729 2687 4782 virtutem
2738 4727 2918 4782 illam.
2959 4726 3182 4797 ltaque,
3224 4725 3373 4783 lilioli
3414 4727 3523 4784 mei

1944 4821 2245 4886 benedicti,
2298 4821 2441 4875 hanc
2484 4822 2735 4878 obtinere
2780 4822 3037 4876 virtutem
3082 4820 3351 4891 satagite,
3407 4834 3518 4890 qua

1943 4914 2216 4969 mediante
2235 4913 2595 4984 operabimini
2612 4915 2789 4969 omnia
2811 4928 2976 4983 opera
2996 4922 3176 4969 vestra
3195 4913 3520 4984 cumrequio

1941 5014 1998 5060 et
2040 5005 2330 5072 levamine,
2366 5021 2726 5078 magnamque
2764 5006 3153 5062 nanciscentini
3193 5021 3380 5062 coram
3414 5007 3522 5063 Do-

1945 5098 2091 5153 mino
2140 5098 2425 5168 fiduciam,
2467 5107 2521 5154 et
2576 5098 2816 5169 implebit
2856 5099 3014 5156 vobis
3064 5113 3256 5155 omnes
3310 5106 3522 5154 vestras

1942 5191 2251 5261 petitiones.
2302 5191 2568 5248 Pru-terea
2625 5194 2823 5250 scitote
2873 5194 3019 5264 quod
3077 5192 3232 5264 plura
3276 5191 3516 5247 scrihere

1944 5283 2097 5339 vobis
2130 5283 2292 5341 verba
2322 5285 2673 5340 decreveram
2702 5285 2772 5341 ob
2792 5300 2970 5341 meam
3008 5301 3138 5358 erga
3173 5301 3270 5342 vos
3286 5285 3523 5341 charita

1946 5391 2076 5450 tem,
2111 5398 2299 5439 rerum
2332 5386 2484 5442 brevi
2509 5390 2607 5441 bac
2637 5387 2872 5457 epitome
2893 5397 3179 5446 contentus
3203 5388 3301 5446 lui.
3332 5387 3518 5444 Domi-

1944 5499 2070 5538 num
2123 5491 2303 5542 autem
2354 5486 2615 5556 deprecor
2654 5483 2840 5544 «lesum
2901 5487 3227 5556 Christum,
3275 5497 3336 5544 ut
3383 5500 3514 5544 eam

1943 5584 2239 5646 constituat
2261 5587 2331 5662 ‘in
2368 5599 2601 5649 vestram
2647 5591 2877 5649 salutem
2918 5600 2972 5649 et
3015 5591 3294 5664 gandium.
3343 5590 3516 5660 Quem
