3725 6125
555 328 846 383 tuctu!
878 324 1162 381 vomet
1197 323 1444 381 CAPUA
1486 322 1834 382 macrim
1874 324 1967 380 At)
2007 324 2432 383 ANATOLtUtt.

2996 326 3145 387 1222

191 463 289 502 ισοι
335 443 437 510 τὰς
464 442 694 515 ἀρετὰς,
728 443 815 496 ἀεὶ
841 441 1000 509 δόξας
1028 440 1129 504 τάς
1163 440 1317 512 παρά
1348 440 1456 495 τῶν
1488 445 1530 503 Α
1561 442 1660 498 bus
1694 450 1878 511 captat
1902 481 1919 508 ,
1959 440 2230 512 iidemque
2274 413 2517 512 cxpeiiit.
2558 459 2578 494 ι
2628 442 2913 511 Quomodo
2948 460 2968 497 ο
3003 444 3148 501 enim

216 536 550 609 θηρεύουσα,
583 534 679 587 καὶ
711 533 809 605 τὴν
842 531 1026 587 πίστιν
1063 529 1462 585 ἀποδιώκουσα.

191 629 275 702 ’ἀρ
307 648 329 681 ι
357 624 615 689 δύνασθε,
647 643 668 676 ι
705 624 862 696 φησι,
894 642 919 675 ι
969 620 1281 687 πιστεῦσαι,
1311 620 1468 690 δόξαν

191 713 353 784 ιηλων
417 707 790 780 λαμόάνοντες
809 746 825 772 ,
875 707 970 760 καὶ
1015 704 1114 778 τὴν
1155 704 1318 770 δόξαν
1368 703 1467 776 τὴν

198 804 368 876 μόνου
396 800 536 856 Θεοῦ
574 801 637 854 οὐ
683 798 1007 869 ζητοῦντες;
1047 816 1067 851 t
1114 800 1209 851 Δεῖ
1255 796 1365 869 γάρ
1405 796 1469 851 τὸ

213 895 282 949 δι’
312 894 526 965 ἕτερον,
555 890 689 946 ἀλλὰ
716 889 785 944 δι’
813 890 945 946 αὐτὸ
977 889 1178 961 μᾶλλον
1212 884 1350 942 εἶναι
1382 890 1469 942 αί-

191 987 290 1059 γὰρ
323 988 400 1058 μὴ
431 983 594 1038 τοῦτο
622 982 824 1055 δοθείη,
858 984 1163 1055 φανήσεται
1195 980 1258 1035 τὸ
1283 979 1467 1035 κινοῦν

207 1077 312 1150 τὴν
345 1073 624 1157 ἐργασίαν,
644 1072 739 1127 τοῦ
775 1071 963 1138 καλοῦ,
998 1070 1180 1142 πολλῷ
1208 1069 1467 1142 τιμιώτε-

192 1187 256 1240 ον
294 1166 394 1222 τοῦ
431 1163 719 1237 γινομένου
740 1181 755 1196 ·
782 1163 920 1235 ὅπερ
950 1162 1060 1216 τῶν
1102 1162 1467 1234 ἀτοπωτάτων

196 1258 261 1313 οῦ
295 1276 349 1312 τι
379 1258 617 1330 κρεῖττον
642 1256 846 1310 ἐννοεῖν
876 1271 938 1308 τε
969 1254 1066 1308 καὶ
1094 1254 1294 1323 λέγειν.
1332 1254 1390 1307 Ὀ
1409 1254 1468 1308 δὲ

199 1349 367 1405 πάλιν
408 1350 439 1403 ὁ
482 1347 848 1421 σταυροειδῶς
909 1349 1026 1409 τοῖς
1065 1344 1244 1416 ὤμοις
1288 1344 1470 1398 αὐτῶν

192 1458 366 1515 μενος.
400 1439 674 1512 σύμδολον
720 1438 824 1510 τῆς
848 1438 931 1502 είς
955 1438 1190 1510 Χριστόν
1226 1437 1346 1491 ἐστι
1380 1437 1473 1490 πί-

191 1534 576 1607 λαμδανούσης
613 1533 744 1596 τοὺς
781 1533 1010 1603 πραεῖς,
1047 1530 1142 1583 καὶ
1175 1528 1468 1602 περιστελ-

191 1629 304 1688 ὶτά
332 1627 635 1692 κωλύοντα,
678 1626 774 1680 καὶ
799 1621 900 1697 τὴν
932 1622 1195 1697 ἐργασίαν
1221 1622 1471 1695 ἀνεμπό-

191 1726 264 1789 οἶς
289 1719 661 1795 παρεχούσης.
701 1720 766 1773 Ἤ
784 1718 844 1782 δὲ
859 1717 1007 1789 ζώνη
1030 1714 1471 1789 περισφίγγουσα

1576 550 1595 584 ι
1633 532 1879 601 potcstiS,
1916 549 1936 583 ι
1969 532 2164 601 iuquit,
2200 549 2219 582 t
2258 530 2506 596 credere,
2532 531 2623 601 qui
2659 531 2889 602 gloriam
2922 533 2990 587 ab
3009 532 3153 590 invi·-

1571 638 1691 680 cem
1742 623 2014 694 accipitis,
2052 630 2108 678 et
2134 621 2359 695 gloriam
2401 636 2523 692 quae
2558 638 2586 675 a
2615 622 2733 678 solo
2770 622 2880 679 Deo
2915 633 3001 680 est
3034 641 3151 682 aton

1569 716 1812 788 quaeritis
1839 716 1903 774 ¹2
1935 733 1958 768 ι
1998 714 2224 771 Scilicet
2254 724 2472 785 oportet
2508 716 2732 779 bonum,
2781 732 2887 771 non
2930 730 3157 787 propter

1568 809 1715 865 aliud
1747 809 1899 879 quid,
1928 809 2023 864 sed
2060 816 2284 879 propter
2320 822 2379 864 se
2417 809 2590 879 magis
2612 807 2759 880 eligi.
2788 805 2929 863 Nam
2969 810 3019 864 si
3049 812 3157 865 boc

1569 913 1680 955 non
1717 898 2071 964 concedatur,
2112 898 2161 952 id
2190 889 2336 970 quod
2371 913 2470 953 nos
2512 897 2579 952 ad
2622 899 2994 969 operationem
3024 900 3152 956 bont

1569 999 1770 1057 mmet,
1805 991 2033 1047 muitum
2080 991 2197 1060 ipso
2227 991 2373 1046 sacto
2393 991 2759 1061 'praestautius
2792 1004 2912 1046 esse
2943 992 3154 1046 videbi-

1568 1090 1692 1150 tur;
1731 1082 1875 1152 quod
1899 1082 2353 1138 absurdissimum
2378 1080 2563 1146 suerit.
2592 1082 2636 1137 si
2666 1082 2867 1153 aliquid
2897 1082 3006 1136 Deo
3030 1098 3148 1138 me·

1573 1175 1684 1230 lius
1724 1175 2199 1245 pra-stabiliusque
2245 1185 2495 1245 putemus
2528 1189 2593 1228 at:
2630 1174 2897 1229 dicamus.
2940 1174 3150 1231 Rursus

1571 1281 1708 1320 vero
1744 1265 2009 1322 analabus
2050 1280 2146 1321 seu
2187 1265 2469 1336 scapulare
2510 1264 2771 1319 humeros
2806 1279 2996 1321 eorum
3035 1268 3148 1321 rir-

1568 1358 1939 1428 cmnpiectens
1978 1355 2294 1426 habensque
2324 1356 2551 1427 figuram
2594 1356 2796 1420 crucis,
2842 1356 3145 1429 symbolum

1569 1458 1655 1505 est
1691 1449 1815 1503 fidei
1855 1462 1983 1520 erga
2013 1447 2322 1512 Christum,
2372 1462 2493 1519 quae
2525 1448 2683 1503 mites
2715 1448 2962 1518 suscipit,
3003 1462 3152 1504 sem·

1572 1555 1781 1611 perque
1822 1540 2011 1596 obices
2049 1549 2286 1606 coercet,
2328 1554 2394 1595 ac
2435 1540 2810 1609 operationem
2843 1542 2908 1598 iis
2942 1545 3153 1613 praebet

1571 1629 1721 1686 omini
1751 1630 2137 1704 impedimento
2165 1630 2410 1684 liberam.
2434 1629 2503 1682 Αι
2532 1645 2670 1685 zona
2699 1631 2814 1687 sive
2846 1632 3148 1704 cingulum,

1575 1737 1735 1777 renes
1764 1722 2007 1793 ipsorum
2048 1722 2455 1789 constringens,
2491 1736 2707 1776 οιιιιιεηι
2737 1723 2948 1793 repellit
2980 1726 3155 1796 impu-

191 1815 284 1879 οὓς
315 1812 518 1877 αὐτῶν,
541 1810 849 1867 ἀπωθεῖται
892 1810 1075 1863 πᾶσαν
1105 1806 1470 1879 ἁκαθαρτίαν,
1503 1806 1547 1862 Β
1576 1813 1816 1878 ritatem,
1864 1812 2077 1883 hocque
2118 1811 2406 1867 denuntiat
2444 1829 2459 1866 t
2498 1832 2516 1865 ι
2565 1812 2773 1869 Bonum
2818 1824 2903 1871 est
2947 1816 3151 1872 bomini

197 1904 596 1979 παραγγέλλει)
638 1923 658 1955 ι
692 1902 876 1957 Καλὸν
904 1898 1178 1972 ἀνθρώπῳ
1210 1898 1467 1969 γυναικὸς

192 2015 276 2054 ἀι.
320 2016 338 2049 ι
371 1997 485 2070 Τὴν
507 1996 564 2050 δὲ
596 1994 855 2067 μηλωτὴν
879 1992 1116 2065 ἔχουσιν,
1151 1992 1201 2045 oi
1237 1992 1466 2045 πάντοτε

191 2107 267 2145 τιν
291 2088 388 2144 τοῦ
424 2086 601 2159 Ἰησοῦ
620 2088 678 2140 ἐν
702 2086 780 2159 τῷ
805 2084 1022 2157 σώματι
1053 2084 1464 2157 περιφέροντες,

192 2198 318 2247 ντες
367 2180 467 2253 μὲν
516 2180 696 2234 πάντα
742 2179 811 2233 τά
853 2175 944 2232 τοῦ
993 2176 1247 2249 σώματος
1295 2174 1466 2246 ἄλογα

208 2273 277 2328 δὲ’
302 2273 409 2345 τῆς
435 2272 616 2343 ψυχῆς
648 2270 849 2334 κακίας
875 2268 1138 2342 μετουσίᾳ
1173 2267 1265 2322 τοῦ
1299 2267 1466 2323 καλοῦ

191 2384 331 2431 ντες,
371 2366 466 2420 καὶ
509 2364 703 2419 πενίαν
733 2364 832 2435 μὲν
861 2361 1207 2432 ἀγαπῶντες,
1245 2361 1468 2417 πλεονε-

191 2457 423 2527 ;ύγοντες
470 2455 546 2520 ὡς
573 2454 994 2527 εἰδωλολατρίας
1031 2454 1263 2527 μητέρα.
1310 2454 1376 2506 Ἠ
1407 2452 1466 2506 δὲ

191 2551 280 2605 λον
313 2550 461 2621 ζωῆς
489 2551 626 2613 ἐστι,
658 2548 794 2602 πᾶσι
819 2550 934 2612 ταῖς
962 2548 1346 2619 ἀντεχομένοις
1371 2546 1468 2600 αὐ·

191 2639 253 2706 »k
293 2639 734 2714 ὲπερειδομένοις
776 2639 865 2693 ἐπ’
897 2639 1088 2712 αὐτὴν,
1117 2639 1194 2705 ὡς
1228 2639 1320 2693 ἐπὶ
1354 2638 1467 2693 Κύ-

191 2733 327 2807 ιλής.
356 2733 468 2787 Καὶ
490 2732 699 2786 τούτων
725 2730 826 2803 μὲν
862 2730 1131 2803 σύμὸολον
1161 2732 1239 2797 ὡς
1258 2734 1316 2785 ὲν
1344 2732 1466 2786 ἑπι-

191 2824 526 2898 πραγμάτων
555 2824 615 2878 τὸ
639 2823 829 2895 σχῆμα
845 2840 859 2854 ·
883 2822 954 2877 τὰ
974 2823 1031 2877 δὲ
1056 2826 1122 2895 pr,
1131 2842 1276 2895 ματα
1295 2823 1469 2878 ταῦτά

191 2918 300 2991 πρὸς
343 2917 542 2980 αὐτοὺς
571 2917 658 2971 ἀεὶ
696 2915 946 2985 λέγουσιν
975 2915 1316 2988 οίΠατέρες·
1357 2915 1468 2989 Τὴν

223 3011 408 3076 τέκνα,
446 3009 656 3082 βεόαιοί
695 3008 724 3061 ὁ
760 3005 924 3078 φόδος
970 3007 1000 3061 ὁ
1041 3005 1136 3061 τοῦ
1171 3006 1328 3075 Θεοῦ,
1372 3008 1468 3063 καὶ

1575 1905 1859 1958 mulierem
1903 1917 2010 1957 uon
2046 1910 2271 1973 tangere
2298 1902 2342 1959 ⁸.
2378 1921 2396 1954 ι
2433 1900 2605 1960 Porro
2641 1905 2890 1961 melotem
2916 1922 3012 1963 seu
3039 1910 3155 1979 pei-

1575 1996 1678 2051 iem
1703 1996 1917 2051 ovinam
1944 2004 2162 2065 gerunt.
2190 1994 2281 2065 qui
2297 2010 2514 2066 semper
2536 1997 3004 2055 uun-tiiicationcm
3027 1998 3154 2058 Jesu

1574 2089 1629 2143 in
1665 2102 1893 2158 corpore
1924 2102 2024 2143 suo
2052 2085 2446 2143 circumferunt
2471 2089 2497 2121 ⁸
2525 2106 2539 2143 :
2567 2100 2621 2143 ct
2657 2100 2885 2147 cunctos
2909 2094 3152 2165 eorporis

1576 2176 1802 2234 affectus
1831 2177 2033 2234 rationi
2069 2177 2329 2233 adversos
2346 2176 2614 2250 obligant,
2645 2182 2840 2236 animae
2872 2189 3052 2237 antem
3081 2188 3158 2238 vi-

1575 2270 1648 2324 tia
1682 2269 2100 2339 participatione
2126 2269 2254 2323 boni
2298 2279 2578 2337 resecaut;
2612 2280 2727 2326 tum
2774 2283 3153 2343 paupertatem

1575 2363 1821 2434 diligunt,
1868 2361 2149 2417 avaritiam
2171 2361 2401 2431 fugiunt,
2427 2371 2682 2433 tauquam
2709 2363 3028 2421 idololatria·
3052 2383 3157 2421 ma-

1548 2465 1742 2509 -ιτειιι,
1781 2451 1948 2523 Virga
1979 2453 2232 2523 denique,
2264 2469 2356 2509 seu
2386 2454 2630 2521 baculus,
2660 2466 2744 2513 est
2774 2457 2977 2530 iignum
3006 2461 3153 2524 vitm,

1577 2546 1786 2603 cunctis
1821 2560 1944 2601 eum
1975 2546 2308 2615 tenentibus,
2341 2558 2394 2602 et
2421 2547 2494 2603 illi
2520 2548 2664 2604 velut
2695 2548 3153 2618 Christoiunixis,

1587 2638 1780 2696 firmus
1801 2653 1866 2694 ac
1897 2648 2065 2695 tutus.
2096 2626 2277 2695 Habes
2308 2639 2496 2710 paucis
2524 2654 2755 2710 qum-um
2792 2657 2971 2697 rerum
3004 2657 3156 2715 sym·

1588 2733 1768 2790 bolum
1797 2733 1870 2789 sit
1907 2731 2155 2799 babitus;
2184 2733 2345 2787 verba
2379 2747 2509 2789 vero
2530 2734 2644 2789 itaec
2666 2740 2796 2789 suut
2820 2749 2937 2804 quae
2962 2734 3030 2791 ad
3062 2748 3158 2790 eos

1575 2843 1793 2900 semper
1830 2826 2114 2897 proferunt
2142 2824 2331 2882 Patres
2367 2844 2381 2881 z
2416 2826 2627 2894 Fidem,
2661 2841 2696 2883 o
2724 2827 2841 2895 mii,
2875 2830 3161 2884 continuat

1578 2921 1744 2976 timor
1777 2919 1896 2985 Dei,
1933 2920 2182 2990 huncque
2231 2934 2421 2975 rursus
2448 2907 2804 2985 continentia,
2840 2935 3004 2990 quam
3053 2922 3158 2976 im-

1578 3024 1779 3073 motam
1804 3012 2037 3071 reddunt
2062 3012 2343 3069 tolerantia
2362 3023 2420 3069 et
2440 3027 2586 3084 spes,
2605 3027 2671 3068 ex
2698 3012 2892 3082 quibus
2915 3012 3156 3085 gignitur

191 3106 261 3157 λιν
289 3102 610 3176 ἐγκράτεια,
654 3098 864 3173 ταύτην
891 3099 950 3154 δὲ
993 3099 1189 3172 ἀκλινῆ
1224 3099 1467 3157 ποιοῦσιν
1579 3105 2009 3179 impassibilitas,
2058 3103 2213 3175 cujus
2247 3103 2462 3162 soboies
2504 3102 2771 3171 ebaritas;
2815 3113 2873 3159 at
2915 3104 3155 3161 charitas

191 3197 264 3248 ῑαὶ
310 3193 486 3259 ἐλπὶς,
536 3193 632 3263 ἀφ’
675 3185 751 3245 ὧν
804 3191 1051 3246 τίκτεται
1096 3189 1354 3258 ἅπάθεῑα.
1405 3185 1475 3264 ἧς
1502 3169 1544 3228 C
1582 3203 1780 3256 ostium
1814 3207 1900 3254 est
1935 3199 2203 3253 naturalis
2234 3198 2589 3269 cvgnitioles.
2618 3197 2706 3254 cui
2737 3197 2977 3255 succedit
3004 3195 3157 3253 theo-

196 3287 407 3359 ἀγάπη,
450 3286 642 3358 ἀγάπη
675 3283 731 3338 δὲ
759 3283 901 3356 θύρα
931 3282 1188 3353 γνώσεως
1211 3283 1471 3356 φυσικῆς,

191 3393 304 3431 εται
342 3374 598 3444 θεολογία
651 3375 748 3428 καὶ
782 3376 818 3446 ἡ
854 3372 1059 3447 ἐσχάτη
1105 3373 1472 3447 μακαριότης.

191 3469 288 3537 μὲν
315 3466 411 3519 τοῦ
442 3468 716 3537 σχήματος
753 3463 852 3519 τοῦ
903 3462 1052 3539 ἱεροῦ
1080 3464 1178 3520 καὶ
1210 3467 1310 3538 τῆς
1332 3466 1480 3521 διδα·

192 3556 271 3609 ῶν
299 3557 598 3629 γερόντων,
637 3557 880 3612 τοσαῦτα
911 3560 1043 3630 ἡμῖν
1080 3557 1175 3612 ἐπὶ
1212 3556 1309 3612 τοῦ
1337 3577 1478 3634 παρ-

191 3646 338 3720 ’]σθω.
373 3648 506 3720 Περὶ
553 3648 608 3704 δὲ
640 3649 733 3704 τοῦ
766 3650 881 3721 βίου
929 3650 1025 3704 τοῦ
1070 3668 1131 3705 τε
1171 3648 1475 3722 πρακτικοῦ

192 3740 452 3795 νωστικοῦ
485 3743 604 3795 νυνι
630 3741 990 3813 διηγούμεθα,
1026 3743 1126 3815 οὐχ
1164 3744 1264 3797 ὅσα
1296 3742 1478 3816 ἑωρά-

191 3832 511 3905 ῆκούσαμεν,
546 3832 663 3888 ἀλλ’
698 3835 802 3888 ὅσα
844 3851 926 3888 τοι
962 3836 1056 3890 καὶ
1088 3834 1269 3900 ἀλλοις
1300 3836 1475 3889 εἰπεῖν

191 3944 231 3979 ιν
263 3925 684 3998 μεμαθήκαμεν,
719 3927 914 3981 ἑκατὸν
939 3927 1039 3998 μὲν
1061 3927 1377 3996 κεφαλαίοις
1406 3926 1476 3981 τά

191 4057 206 4082 ,
241 4020 581 4091 πεντήκοντα
619 4020 675 4073 δὲ
722 4020 861 4092 πρὸς
901 4023 1015 4085 τοῖς
1061 4020 1365 4089 ἑξακοσίοις
1405 4020 1476 4076 τά

198 4113 651 4185 συντετμημένως
679 4112 945 4177 διελόντες
964 4131 979 4145 ·
1008 4114 1103 4168 καὶ
1129 4114 1198 4169 τὰ
1225 4115 1322 4185 μὲν
1354 4116 1472 4168 ἐπι-

191 4219 216 4267 ,·,
261 4202 329 4254 τά
368 4202 425 4255 δὲ
465 4200 885 4266 συσκιάσαντες,
929 4202 1016 4258 ἵνα
1065 4203 1140 4276 μὴ
1178 4203 1358 4276 δῶμεν
1399 4203 1471 4258 τὰ

227 4294 390 4357 κυσὶ,
449 4294 585 4365 μηδὲ
630 4293 916 4366 βάλλωμεν
957 4297 1085 4359 τοὺς
1129 4294 1473 4369 μαργαρίτας

191 4385 323 4439 ’τῶν
354 4386 575 4460 χοίρων.
609 4387 804 4443 Ἔσται
826 4388 882 4443 δὲ
912 4386 1085 4443 ταῦτα
1112 4388 1332 4461 ἐμφανῆ
1362 4390 1474 4455 τοῖς

191 4477 216 4532 b
246 4479 392 4550 ἴχνος
420 4479 604 4543 αὐτοῖς
639 4479 992 4553 ὲμὸεδηκόσι.

191 4569 499 4640 πιανισμός
531 4571 651 4623 ἐστι
683 4570 863 4643 δόγμα
907 4570 1000 4625 τοῦ
1032 4570 1284 4642 Σωτῆρος
1315 4569 1472 4644 ἡμῶν

192 4659 364 4725 ιστοῦ,
393 4663 459 4715 ὲκ
487 4663 801 4736 πρακτικῆς
828 4665 924 4718 καὶ
963 4664 1201 4733 φυσικῆς
1224 4664 1319 4716 καὶ
1356 4664 1474 4719 θεο-

192 4750 431 4816 υνεστώς
465 4752 565 4824 (5).

191 4843 329 4898 ιλεία
363 4845 612 4917 οὐρανῶν
646 4846 796 4898 ἐστὶν
847 4842 1087 4899 ἀπάθεια
1114 4844 1292 4916 ψυχῆς
1326 4844 1472 4915 μετὰ

191 4934 286 4990 τῶν
309 4935 482 4990 ὄντων
512 4935 771 5009 ἀληθοῦς.

191 5023 331 5078 ιλεία
364 5024 501 5081 Θεοῦ
527 5028 644 5080 ἐστι
698 5024 899 5095 γνῶσις
925 5025 1024 5097 τῆς
1054 5023 1217 5093 ἁγίας
1243 5022 1472 5093 Τριάδος

191 5119 471 5191 τεινομένη
500 5121 567 5191 τῇ
593 5119 854 5173 συστάσει
873 5115 970 5171 τοῦ
1001 5115 1144 5182 νοὸς,
1177 5116 1274 5170 καὶ
1301 5115 1473 5188 ὑπερ-

192 5210 291 5281 τὴν
324 5209 643 5281 ἀφθαρσίαν
680 5207 872 5264 αὑτοῦ.

191 5303 298 5366 ινός
338 5319 423 5366 τις
472 5303 596 5375 ὲρᾷ,
627 5301 821 5356 τούτου
846 5298 941 5356 καὶ
985 5297 1200 5370 ἐφίεται
1230 5297 1470 5363 πάντως,

191 5391 340 5457 ἵεται,
387 5392 580 5447 τούτου
619 5391 714 5446 καὶ
754 5394 937 5464 τυχεῖν
965 5389 1326 5460 ἀγωνίζεται·
1377 5388 1473 5441 καὶ

191 5504 215 5538 ν
243 5485 438 5558 ἡδονῆς
471 5486 741 5557 ἐπιθυμία
777 5485 1058 5556 κατάρχει,
1087 5482 1380 5554 ἐπιθυμίαν
1415 5479 1472 5536 δὲ

1580 3291 1720 3362 logia
1749 3300 1805 3345 et
1830 3302 2084 3357 suprema
2119 3286 2421 3345 beatitudo.
2463 3288 2640 3359 Atque
2670 3289 2737 3344 de
2773 3287 2957 3344 babitu
2999 3302 3157 3342 sacro

1578 3384 1752 3452 deque
1777 3392 1967 3437 sentum
1995 3380 2270 3446 doctrina,
2293 3381 2412 3437 baec
2428 3393 2460 3435 a
2488 3378 2649 3435 nobis
2675 3393 2823 3435 nttne
2848 3377 2992 3432 dicta
3023 3384 3156 3435 sint.

1578 3466 1656 3524 De
1684 3466 1791 3522 vita
1821 3474 2003 3521 autem
2034 3475 2147 3520 tum
2169 3465 2431 3537 practica,
2462 3475 2574 3519 tum
2605 3464 2871 3534 gnostica.
2916 3464 3021 3524 boc
3041 3476 3149 3531 est,

1577 3567 1698 3626 quat
1722 3553 1936 3609 actione
1954 3552 2042 3610 vei
2065 3553 2376 3626 cognitione
2405 3560 2640 3618 constat,
2659 3553 2771 3623 iam
2796 3553 3154 3620 disseramus,

1579 3663 1684 3703 non
1717 3655 1982 3717 quantum
2012 3646 2243 3701 vidimus
2286 3643 2371 3700 vel
2398 3644 2723 3713 audivimtm
2753 3645 2857 3709 sed
2889 3656 3154 3716 quantum

1575 3741 1645 3795 ab
1666 3740 1736 3794 iis
1762 3738 2049 3796 didicimus
2076 3737 2199 3795 aliis
2223 3751 2342 3793 esse
2360 3736 2590 3794 dicenda
2612 3753 2628 3803 ;
2655 3737 2708 3792 in
2739 3747 2955 3792 centum
2976 3740 3155 3810 capita

1578 3844 1666 3885 res
1693 3829 1760 3884 ad
1804 3829 2075 3886 actionem
2108 3828 2467 3901 pertinentes,
2518 3832 2571 3884 iu
2611 3837 2867 3884 sexcenta
2901 3838 2956 3887 et
2992 3830 3154 3899 quin-

1575 3924 1836 3995 quaginta
1878 3938 1967 3979 res
2006 3923 2077 3979 ad
2110 3921 2471 3994 coguitionem
2511 3930 2847 3993 spectantes,
2895 3934 3147 3993 compen·

1577 4016 1727 4072 diose
1754 4015 1976 4086 partiti;
2007 4024 2061 4071 et
2089 4016 2199 4072 alia
2226 4000 2444 4085 quidem
2486 4013 2850 4079 occultantes,
2882 4013 2987 4070 aiia
3010 4028 3156 4090 ycro

1575 4105 1861 4164 obscurius
1896 4115 2192 4177 ponentes;
2229 4121 2300 4162 ne
2330 4107 2522 4162 demus
2554 4115 2745 4161 sancta
2778 4105 3022 4171 canibus,
3059 4119 3157 4159 ue-

1576 4213 1682 4271 que
1714 4199 1993 4254 mittamus
2021 4198 2345 4270 margaritas
2368 4209 2496 4254 ante
2523 4211 2721 4268 porcos
2743 4197 2789 4262 ’ς
2820 4212 2940 4266 quae
2972 4204 3152 4251 tamen

1577 4292 1647 4354 iis
1675 4303 1839 4348 eruut
1869 4302 2058 4364 aperta
2084 4293 2175 4362 qui
2206 4306 2392 4349 eorum
2424 4289 2705 4350 bontiuum
2734 4287 2975 4362 vestigiis
2994 4287 3155 4345 insti-

1577 4387 1760 4443 terint.

1651 4562 1691 4618 Ι.
1733 4559 2184 4617 christianismus
2232 4568 2317 4617 est
2354 4559 2551 4630 dogma
2608 4557 2918 4614 Servatoris
2981 4556 3154 4612 nostri

1570 4655 1696 4712 Jesu
1727 4652 1953 4720 Christi,
1977 4668 2045 4709 ex
2072 4640 2335 4722 practica,
2358 4651 2584 4724 physica
2635 4659 2690 4706 et
2721 4647 3023 4719 theologica
3050 4657 3155 4704 tra-

1573 4747 1808 4804 ctatione
1837 4754 2112 4801 constans.

1641 4838 1707 4895 tl.
1744 4838 1990 4911 Regnum
2026 4840 2288 4893 coelorum
2318 4843 2403 4890 est
2454 4833 2654 4889 auimae
2696 4828 3148 4901 imperturbabili·

1576 4938 1679 4996 tas,
1714 4945 1852 4986 cum⁴
1869 4942 1995 4983 vera
2023 4941 2205 4983 rerum
2233 4925 2559 4999 cognitione.

1658 5018 1746 5077 ΙΙΙ.
1787 5019 2034 5092 Regnum
2063 5015 2158 5074 Dei
2195 5024 2282 5073 est
2333 5014 2568 5087 cognitio
2606 5022 2809 5070 sancta
2844 5009 3149 5076 Trinitatis.

1591 5123 1881 5170 coextensa
1916 5111 2117 5168 mentis
2152 5106 2550 5173 constitutioni,
2586 5105 2860 5179 ipsiusque
2899 5101 3151 5159 incorru-

1569 5206 1807 5277 ptionem
1839 5217 2194 5275 exsuperans.

1554 5302 1560 5309 '
1643 5294 1733 5350 tv.
1799 5294 1957 5364 Quod
2012 5295 2137 5365 quis
2183 5301 2352 5360 amat,
2397 5293 2505 5350 hoe
2545 5297 2602 5346 et
2654 5285 2858 5359 appetit
2904 5297 3151 5354 prorsus,

1572 5387 1822 5457 quodque
1857 5386 2083 5458 appetit,
2135 5386 2238 5441 hoc
2274 5394 2333 5440 et
2365 5379 2590 5452 adipisci
2622 5375 2924 5434 contendit.
2975 5373 3152 5442 Atque

1581 5495 1799 5537 omuem
1839 5481 2168 5550 volupe-tem
2212 5477 2370 5546 praett
2413 5472 2781 5538 desiderius,
2827 5463 3151 5526 desiderium

222 5657 275 5707 v,
301 5641 391 5696 tt.
473 5640 536 5694 ’t
576 5641 701 5698 Cor.
737 5658 831 5706 ιιι,
873 5641 925 5696 i.
993 5640 1016 5672 ⁸
1054 5639 1094 5695 11
1131 5640 1257 5696 Cor.
1284 5654 1358 5704 tv,
1386 5635 1467 5692 10.
1552 5635 1576 5669 ⁸
1608 5634 1801 5693 Manus.
1841 5650 1935 5704 vn,
1962 5635 2019 5693 6.

212 5816 333 5851 συνε
344 5799 486 5861 στός.
