3725 6125
232 239 375 292 tota

1333 235 1608 295 Puluis
1641 228 1937 296 AEGYPTtt
1977 239 2250 299 sAEctJLt
2292 242 2377 299 W.

231 347 458 413 cecidit,
484 347 735 416 superbia
770 347 1024 404 videlicet
1059 356 1112 404 et
1141 348 1318 405 inanis
1356 350 1541 421 gloriae
1596 365 1803 407 amore.
1835 355 1883 412 Α
1910 354 2000 421 qui
2027 368 2219 423 spemn
2265 354 2439 423 factus
2474 362 2551 409 ese
2596 362 2838 425 propter
2877 366 2994 409 nos
3041 368 3167 408 cam
3198 354 3267 409 sit
3288 356 3349 410 dit

306 440 402 496 llis
434 443 617 512 itaque
655 456 752 497 nos
797 451 1109 513 oppugnant
1151 443 1434 510 daemones,
1478 457 1578 499 nos
1615 457 1646 498 a
1695 444 1807 499 Deo
1907 442 2023 511 ejus
2054 453 2283 513 eyestote
2320 444 2654 512 ditemus-“3
2701 445 2965 517 ejusque
3018 444 3325 500 niniam-r

236 535 323 590 liis
357 535 587 605 aliisque
618 548 877 603 separare
925 543 1198 605 putantes.
1236 536 1426 590 Sciunt
1457 536 1627 600 enim,
1663 535 1806 603 quod

235 624 546 695 quicunque
590 624 765 695 diligit
822 622 1046 680 fratrem
1094 639 1275 689 suum,
1319 623 1497 692 diligit
1524 631 1582 679 et
1613 623 1803 679 Deum.

231 700 417 780 'Quare
459 712 705 784 injiciunt
748 715 802 769 in
842 715 1009 771 corda
1061 723 1242 772 nostra
1267 715 1359 785 (ob
1395 727 1584 770 eorum
1621 713 1806 770 stulti·

237 806 368 859 tiam
407 813 463 860 et
506 804 873 872 inimicitiam,
910 822 1017 876 qua
1058 807 1315 864 virtutem
1353 804 1805 878 prosequuntur.)

239 897 420 952 odium
449 909 580 967 erga
612 896 886 954 invicem:
911 898 986 953 ita
1017 898 1263 969 quidem,
1297 908 1356 954 ut
1385 913 1559 969 neque
1585 897 1807 952 fratrem

236 989 421 1047 videre
458 992 746 1061 quisquam
791 1000 1036 1048 nostrum
1081 992 1346 1047 sustineat
1390 1003 1570 1053 suum,
1594 996 1691 1045 aut
1728 988 1810 1045 di·

234 1095 358 1137 cere
381 1082 434 1138 ei
461 1082 708 1139 verbum.
750 1080 1136 1150 Quamobrem,
1169 1080 1323 1137 lilioli
1349 1080 1478 1148 mei,
1505 1088 1690 1136 notum
1715 1092 1811 1135 vo-

237 1172 318 1229 his
365 1172 528 1239 facio,
563 1173 706 1245 quod
753 1173 906 1229 multi
950 1187 1079 1230 vere
1124 1186 1398 1229 summum
1433 1170 1812 1242 impenderunt

237 1265 475 1321 taborem
506 1266 562 1321 in
604 1266 851 1333 virtute;
888 1263 959 1321 ob
1004 1279 1159 1322 suam
1205 1277 1339 1320 vero
1391 1260 1810 1332 imprudentiam

237 1365 409 1411 semet
437 1357 582 1427 ipsos
612 1355 1023 1411 interemerunt.
1061 1353 1129 1410 Et
1152 1367 1283 1410 sane
1313 1351 1449 1418 scio,
1483 1351 1587 1407 boc
1617 1350 1811 1405 mirum

238 1463 347 1503 non
376 1461 519 1512 esse,
545 1462 669 1502 curn
701 1461 798 1504 vos
833 1444 1085 1503 taeduerit
1116 1443 1450 1515 operationis
1494 1442 1815 1498 existiman·

242 1550 322 1594 tes
350 1538 630 1609 possidere
665 1538 717 1594 in
741 1537 1015 1595 vobismet
1051 1537 1183 1608 ipsis
1215 1536 1481 1590 virtutes:
1511 1533 1639 1589 hinc
1668 1532 1812 1587 ccci·-

237 1630 394 1686 distis
419 1629 472 1686 in
505 1630 648 1685 bunc
671 1628 995 1686 diabolicum
1024 1629 1292 1696 morbum,
1330 1626 1423 1697 qui
1451 1635 1536 1682 est
1573 1625 1812 1696 pruden-

240 1725 326 1779 tiae
351 1722 605 1794 privatio,
639 1729 890 1792 putantes
912 1720 1245 1792 propinquos
1270 1734 1368 1776 vos
1396 1734 1518 1776 esse
1542 1718 1653 1776 Deo
1674 1728 1727 1773 et
1755 1718 1808 1773 in
1840 1703 1886 1758 Β

239 1813 442 1869 lumine
469 1826 594 1869 esse
624 1812 972 1877 constitutos,
1005 1826 1129 1867 cum
1157 1827 1216 1869 re
1243 1825 1369 1868 vera
1394 1810 1714 1868 intenebris
1735 1813 1811 1866 si·

239 1906 330 1958 tis.
367 1901 545 1959 Filioll
594 1903 724 1970 mei,
750 1902 902 1975 quid,
948 1903 1199 1969 obsecro,
1243 1902 1531 1958 Dominum
1563 1911 1811 1958 nostrum

237 1993 425 2050 lesum
455 1995 732 2052 Christum
779 1994 848 2050 ad
903 1994 1264 2063 accingendos
1293 1993 1510 2050 lumbos
1542 2009 1672 2050 suos
1697 1993 1812 2049 sin·

241 2086 402 2155 done,
429 2097 484 2143 et
509 2088 821 2159 deponenda
847 2086 1193 2155 vestimenta,
1223 2095 1278 2143 et
1313 2100 1509 2157 aquam
1540 2087 1593 2142 in
1616 2085 1812 2157 pelvim

241 2178 593 2248 fundendam,
616 2189 670 2237 et
697 2180 861 2251 pedes
879 2194 938 2236 se
969 2179 1288 2239 inferiorum
1306 2179 1568 2235 lavandos
1593 2178 1642 2212 ⁸⁸
1663 2193 1815 2235 com·

242 2274 415 2345 pulit,
445 2273 550 2330 nisi
584 2283 641 2329 ut
670 2271 1033 2334 bumilitatem
1082 2287 1185 2330 nos
1243 2272 1497 2329 doceret?
1526 2271 1697 2339 Quam
1721 2285 1817 2327 no-

241 2364 327 2423 bis
349 2366 451 2422 boc
479 2364 728 2438 exemplo
747 2364 892 2436 quod
914 2371 1172 2436 operatus
1198 2373 1308 2431 est,
1349 2363 1535 2419 retulit
1560 2381 1576 2421 ε
1606 2372 1661 2419 ει
1685 2378 1818 2419 sane

243 2473 436 2515 omnes
467 2458 564 2531 qui
592 2457 661 2513 ad
690 2456 982 2529 pristinum
1010 2456 1256 2513 ordinem
1286 2455 1621 2527 postliminio
1649 2454 1818 2527 recipi

243 2551 489 2623 cupiunt,
522 2550 577 2607 id
607 2550 822 2622 assequi
855 2548 1078 2606 minime
1106 2548 1307 2615 valent,
1332 2548 1435 2604 nisi
1468 2546 1772 2604 bumilitate
1798 2564 1815 2602 a

239 2644 443 2701 etenim
473 2642 632 2698 initio
656 2650 839 2700 motus
863 2640 1131 2713 superbiae
1160 2638 1286 2705 suit,
1318 2653 1439 2710 quai
1471 2637 1582 2711 (18)
1620 2652 1652 2695 ε
1677 2637 1818 2695 coelo

245 2736 572 2791 deturbavit.
613 2732 730 2789 Nisi
772 2748 902 2805 ergo
952 2733 1144 2806 iugens
1190 2731 1246 2787 iu
1284 2731 1505 2788 bomine
1548 2729 1821 2785 exstiterit

249 2826 531 2884 humilitas
557 2824 624 2881 de
651 2834 773 2882 toto
794 2826 954 2881 corde
982 2825 1131 2881 etde
1160 2831 1270 2880 tota
1308 2832 1490 2880 mente
1523 2831 1581 2879 et
1612 2823 1679 2878 de
1707 2830 1820 2878 toto

249 2917 443 2991 spiritu
484 2927 542 2978 et
585 2918 652 2975 de
694 2924 806 2971 tota
839 2916 1017 2972 anima
1067 2925 1123 2973 et
1169 2916 1237 2972 de
1289 2923 1403 2972 toto
1435 2928 1684 2984 corpore,
1711 2927 1817 2967 non

1911 534 2088 599 litate,
2117 544 2173 591 et
2203 536 2476 604 sapientes
2501 535 2826 593 efficiamur
2848 537 2914 592 in
2945 534 3349 602 stultioribuse

1910 623 2057 681 illius
2086 635 2262 684 morte
2286 640 2663 697 resurgamus,
2701 634 2765 683 et
2794 625 3139 683 clamemus
3168 642 3290 683 cum
3316 629 3349 682 A

1911 715 1962 771 lo
1986 716 2230 774 dicentes
2265 733 2281 772 ε
2314 716 2381 772 Et
2410 719 2456 772 si
2486 718 2884 787 cognoscimus
2915 716 3089 773 illuns
3116 717 3184 772 iis
3226 732 3348 773 earn

1909 807 1978 862 do
2015 823 2120 861 non
2153 810 2512 879 cognoscimus
2540 809 2699 863 illuns
2729 810 2816 864 sic
2841 808 2923 863 δ’.
2961 807 3194 865 Revera
3238 820 3349 865 sate

1910 898 2217 965 lectissimi,
2260 900 2381 955 dico
2432 900 2606 967 vobis,
2630 901 2819 958 verba
2887 902 3023 957 baee
3062 903 3292 959 subtilia
3331 921 3349 963 t

1914 1004 2015 1046 suo
2043 1004 2230 1057 sensu,
2261 991 2537 1061 multaque
2570 993 2759 1050 babeo
2787 996 2869 1052 de
2897 994 3025 1050 illis
3061 994 3331 1052 dicenda:

1916 1081 2020 1136 hoc
2056 1089 2270 1152 tempus
2292 1097 2398 1138 non
2438 1092 2526 1139 est
2547 1084 2887 1155 exponendi
2933 1099 3051 1150 ea;
3095 1087 3203 1142 sed
3232 1087 3349 1146 at'ne

1912 1173 2094 1229 dicere
2142 1174 2299 1230 vobis
2338 1174 2565 1232 salutern
2614 1176 2673 1231 in
2733 1177 3029 1246 Domino,
3065 1177 3349 1238 lilioli-'i

1914 1264 2064 1328 dicti,
2095 1275 2392 1337 notumque
2416 1266 2575 1325 vobis
2622 1268 2857 1336 tacere,
2883 1270 3054 1341 quod
3089 1271 3349 1346 nobisque

1913 1353 2045 1410 dere
2089 1355 2339 1414 volumus
2375 1360 2441 1413 ad
2468 1358 2813 1418 Creatorem
2855 1373 3171 1430 nostrum,
3202 1377 3349 1422 neoni

1917 1455 1976 1499 ut
2005 1454 2280 1505 certemus
2309 1463 2406 1519 pro
2434 1447 2774 1508 liberatione
2799 1451 3154 1509 animarum
3184 1462 3349 1510 nostrat

1915 1538 2258 1608 passionibus
2284 1540 2581 1598 secundum
2611 1542 3101 1600 intellectualem
3134 1543 3349 1617 legem(

1916 1643 1984 1684 ex
2017 1629 2403 1701 adimpletione
2423 1632 2679 1688 fraudum
2714 1646 2785 1689 et
2814 1635 3221 1692 delectatione
3247 1641 3348 1708 pass

1915 1728 1972 1776 et
2026 1721 2418 1779 diabolicarum
2467 1723 2861 1780 tentationum
2914 1724 3279 1782 multitudine
3305 1728 3348 1783 ia

1915 1823 2028 1870 tum
2061 1823 2147 1871 est
2172 1815 2429 1873 sensibile
2456 1826 2738 1882 nostrum,
2773 1825 2841 1873 et
2869 1816 3176 1874 demortui
3223 1828 3333 1874 sust

1914 1905 2217 1963 animarum
2250 1916 2555 1965 nostrarum
2582 1924 2597 1961 ε
2629 1908 2894 1978 ideoque
2929 1924 3059 1965 non
3090 1910 3349 1967 valemnsi

1917 1997 2296 2055 intellectualis
2328 1997 2650 2055 substantiae
2694 2011 3093 2069 cognoscere
3137 2001 3348 2070 magnita

1915 2100 2136 2163 propter
2164 2091 2439 2162 passiones
2469 2090 2524 2146 in
2558 2104 2706 2160 quas
2757 2090 3143 2161 incidimus3
3188 2106 3332 2162 neq-o

1916 2184 2060 2240 salus
2089 2192 2194 2253 est,
2235 2184 2338 2240 nisi
2378 2198 2472 2255 per
2506 2182 2818 2239 Dominum
2871 2194 3152 2239 nostrum
3192 2182 3340 2241 lm·

1917 2288 2083 2335 stum.
2120 2276 2391 2346 Scriptum
2422 2276 2564 2334 enim
2595 2285 2681 2332 est
2719 2275 2785 2331 in
2819 2278 3107 2349 apostolo
3132 2277 3344 2341 Panle“,

1918 2384 2015 2439 per
2041 2368 2272 2440 primum
2309 2366 2479 2421 Adam
2521 2366 2623 2421 l'uit
2665 2382 2861 2436 nrors,
2897 2378 2968 2425 et
3003 2386 3113 2441 per
3138 2370 3349 2427 Christo·

1919 2462 2049 2516 rita.
2094 2459 2353 2515 Dominus
2380 2458 2544 2527 igitur
2575 2458 2728 2514 Deus
2772 2470 2993 2517 noster
3024 2461 3341 2517 Christum

1919 2551 2157 2606 omnium
2194 2549 2536 2605 rationalium
2566 2549 2635 2604 ad
2678 2550 3155 2608 similitudinem
3204 2541 3349 2621 einh

1920 2642 2005 2697 nis
2021 2640 2357 2697 conditorum
2392 2655 2409 2705 ;
2445 2654 2565 2709 quae
2589 2648 2676 2695 est
2707 2654 2896 2697 verus
2924 2641 3120 2699 Patris
3155 2643 3349 2699 int&

1921 2733 2102 2804 imago
2147 2729 2324 2787 Patris
2375 2731 2825 2790 inconvertibilis
2871 2744 2941 2788 et
2990 2729 3349 2792 immutabili-¹

1922 2839 2050 2880 vero
2075 2823 2250 2895 imago
2279 2837 2545 2893 apparens
2569 2824 2871 2881 exsistens
2920 2828 2983 2882 in
3011 2828 3264 2884 creaturis
3290 2839 3349 2880 cot

1925 2915 2089 2972 tibilis
2109 2924 2193 2972 est
2223 2934 2238 2971 τ
2266 2914 2468 2972 idcirco
2496 2914 2551 2970 in
2579 2930 2642 2970 ea
2678 2914 2839 2971 facta
2870 2930 2976 2973 est
3010 2933 3146 2975 mors
3169 2927 3332 2973 nostra

250 3009 591 3071 haereditabit
620 3023 844 3081 regnum
884 3008 1010 3075 Dei„
1035 3008 1334 3065 seeundum
1365 3006 1510 3079 quod
1554 3003 1816 3077 scriptum
1844 3039 1891 3097 ‘-
1925 3016 2007 3064 tra
2042 3020 2168 3063 vero
2195 3014 2278 3063 est
2308 3013 2500 3061 natura
2534 3004 3023 3083 intellectualis),
3044 3018 3245 3067 etexea
3267 3007 3349 3061 int

249 3113 355 3162 est.
389 3102 678 3172 Equidem,
704 3098 854 3158 lilioli
890 3098 1232 3159 dilectissimi
1261 3097 1314 3154 in
1348 3098 1599 3165 Domino,
1626 3097 1821 3165 deprc-
1924 3103 2035 3157 nati
2069 3114 2273 3167 sumus,
2323 3109 2378 3156 et
2421 3100 2547 3156 sacti
2588 3115 2796 3158 sumus
2848 3106 3068 3162 domus
3094 3107 3235 3178 plena
3268 3117 3348 3159 cer

249 3211 346 3254 cor
378 3194 695 3252 Creatorem
732 3206 911 3249 meum
941 3192 994 3247 in
1027 3190 1180 3262 cujus
1205 3191 1457 3249 manibus
1492 3197 1573 3263 est
1598 3188 1824 3260 spiritus

251 3305 425 3356 meus,
458 3296 625 3345 noctu
657 3282 965 3358 diuque,ttt
996 3280 1269 3343 illuminet
1292 3284 1483 3340 oculos
1521 3282 1700 3339 cordis
1729 3295 1825 3338 re-

253 3382 376 3447 stri,
412 3387 472 3437 ut
493 3378 804 3452 agnoscatis
833 3376 1066 3446 primum
1103 3390 1277 3431 meam
1303 3388 1430 3446 erga
1465 3387 1559 3430 vos
1583 3371 1821 3429 charita-

252 3487 395 3541 teni;
425 3483 536 3529 tum
575 3469 920 3544 prospiciatis
956 3480 1121 3539 atque
1165 3465 1513 3539 cognoscatis
1540 3464 1822 3520 confusio-

249 3581 370 3622 ueiu
412 3573 682 3630 restran13
729 3577 853 3618 natu
901 3561 993 3630 qui
1033 3574 1188 3616 snam
1230 3557 1507 3626 cognoscit
1547 3555 1831 3612 conlusio:

253 3673 399 3723 nem,
430 3657 476 3711 is
501 3656 730 3728 gloriam
757 3655 987 3710 electam
1016 3668 1201 3708 veram
1237 3651 1435 3721 quaerit
1464 3669 1479 3705 ε
1505 3649 1704 3720 quippe
1729 3647 1825 3719 qni

249 3764 400 3804 suam
419 3748 565 3803 novit
583 3745 980 3812 mortalitatem,
1002 3747 1048 3801 is
1063 3746 1174 3814 jam
1195 3743 1338 3799 novit
1364 3741 1524 3796 vitam
1541 3751 1821 3796 aeternam.

251 3839 441 3895 Timeo
471 3853 624 3904 sanc,
651 3838 803 3897 lilioli
834 3836 960 3902 mei,
989 3851 1056 3893 ne
1079 3834 1502 3906 comprehendat
1535 3846 1628 3885 vos
1648 3829 1825 3885 chari-

253 3944 336 3984 tas
380 3938 431 3984 et
478 3938 766 3998 paupertas
801 3928 853 3983 in
896 3927 978 3981 via
1013 3928 1345 3998 perducente
1379 3923 1447 3979 ad
1494 3921 1691 3987 locum,
1712 3935 1822 3993 quo

252 4023 466 4091 assequi
498 4019 685 4076 valetis
713 4021 948 4076 divitias·
981 4019 1152 4092 Cupio
1180 4029 1361 4074 autem
1390 4016 1574 4073 videre
1609 4028 1704 4072 vos
1735 4013 1823 4068 hic

251 4113 305 4170 in
345 4126 573 4183 corpore
598 4130 614 4180 ;
642 4123 879 4169 attamen
912 4122 1167 4182 exspecto
1191 4108 1445 4165 saeculum
1474 4107 1602 4168 illud
1631 4108 1685 4163 in
1714 4121 1821 4178 quo

252 4205 395 4263 nulla
441 4207 585 4262 inest
622 4205 876 4263 moestitia
906 4219 1082 4275 neque
1118 4215 1322 4259 moeror
1358 4215 1531 4271 neque
1563 4201 1816 4272 gemitus,

249 4300 342 4356 sed
373 4298 557 4354 laetitia
592 4307 647 4354 et
670 4297 924 4369 gaudium
959 4294 1211 4352 omnibus
1237 4306 1363 4347 vere
1397 4292 1527 4348 illud
1559 4293 1818 4347 merenti-

1924 3194 2028 3249 uis.
2059 3191 2172 3263 Ego
2218 3202 2398 3248 autem
2452 3190 2727 3248 testificor
2761 3197 2947 3254 vobis
2990 3209 3050 3255 et
3077 3199 3215 3265 dieo,
3236 3195 3349 3268 quod

1917 3281 2029 3352 jam
2067 3283 2443 3341 amisissemus
2478 3297 2675 3341 omnes
2722 3284 3021 3357 virtutes,
3055 3290 3347 3357 vidissetque

1924 3375 2086 3435 Pater
2128 3383 2370 3434 nostram
2411 3373 2833 3446 infirmitatem,
2864 3389 2931 3437 et
2963 3383 3121 3453 qnod
3160 3380 3349 3438 sustinet

1927 3469 2070 3524 nime
2094 3468 2334 3523 valemus
2363 3465 2481 3536 ejus
2513 3466 2567 3522 in
2587 3467 2757 3524 nobis
2788 3472 3304 3530 manifestatione·
3326 3485 3349 3523 s

1924 3560 2050 3615 dum
2084 3559 2352 3629 propriam
2380 3557 2609 3613 toi-mam
2651 3572 2846 3626 penes
2876 3577 3087 3619 veram
3118 3564 3236 3633 ejus
3256 3561 3349 3617 nti·

1925 3651 2071 3706 misit
2101 3649 2290 3705 Filium
2324 3663 2482 3704 suum
2525 3648 2929 3720 unigenitum,
2969 3657 3070 3726 qui
3117 3652 3348 3724 assumpsl

1924 3759 2045 3799 nem
2099 3750 2361 3809 nostram,
2400 3750 2454 3796 et
2488 3754 2645 3796 suam
2697 3741 2917 3800 invisit
2966 3753 3349 3804 creaturam!

1924 3834 2199 3890 ministros
2243 3843 2300 3889 et
2338 3842 2555 3890 sanctos
2580 3832 2703 3887 suis
2742 3832 2955 3893 donis.
3002 3839 3222 3910 ltaque,
3255 3830 3349 3893 Β·

1925 3927 2059 3982 milti
2097 3924 2459 3991 dilectissimi,
2502 3924 2740 3980 obsecro
2801 3943 2919 3986 vos
2959 3946 3068 4000 per
3095 3935 3347 3994 meana!

1921 4016 2284 4083 dilectionem,
2322 4024 2381 4073 ut
2418 4013 2695 4070 accedatis
2719 4017 2799 4072 ad
2840 4019 3161 4077 omninum
3189 4024 3248 4077 de
3268 4029 3348 4074 nu*

1921 4111 1989 4166 de
2017 4119 2215 4176 vestro,
2240 4110 2575 4180 exploratum
2617 4106 2944 4177 babentes,
2989 4118 3145 4187 quod
3178 4112 3349 4172 ousiis·

1924 4212 2109 4259 nostra
2137 4216 2259 4272 quae
2295 4199 2521 4256 Domino
2566 4196 2911 4270 offerimus,
2963 4209 3151 4278 „vatia
3190 4213 3349 4276 quani

1923 4295 2181 4364 elargitus
2208 4301 2293 4350 est
2328 4292 2616 4358 mediante,
2648 4290 2777 4360 eius
2827 4309 2948 4365 pro
3003 4300 3169 4355 nobis
3189 4291 3349 4353 lin-fl

250 4387 383 4456 bus;
422 4404 487 4444 ac
534 4398 594 4443 ut
630 4388 1015 4446 conveniamus
1056 4384 1128 4441 ibi
1172 4397 1332 4454 quam
1361 4383 1469 4439 cito
1505 4392 1562 4439 et
1605 4384 1816 4438 videam
1850 4385 1896 4439 D
1922 4386 2335 4455 haudquaquam
2383 4383 2492 4439 sint
2545 4389 2984 4452 comparanda.
3048 4390 3204 4446 Nobis
3233 4382 3329 4439 enh

251 4494 365 4534 vos.
410 4479 632 4535 Demum
677 4479 848 4534 multa
884 4475 1062 4534 adbuc
1097 4483 1306 4531 restaut
1350 4474 1481 4530 mihi
1522 4475 1684 4532 verba
1733 4491 1821 4530 vo·

251 4575 332 4631 bis
355 4574 616 4630 dicenda:
655 4589 838 4630 verum
875 4581 1084 4643 tempus
1113 4570 1253 4637 haud
1289 4579 1647 4641 opportunum
1676 4584 1820 4625 nunc

247 4677 363 4734 est;
395 4666 489 4722 sed
526 4674 738 4736 tempus
774 4674 892 4726 est,
923 4670 982 4717 ut
1030 4661 1190 4718 vobis.
1229 4661 1550 4718 nominatim
1588 4660 1816 4716 salutem

249 4761 448 4822 dicam,
487 4758 634 4815 lilioli
686 4757 791 4812 mei
830 4752 1187 4811 dilectissimi.
1223 4755 1302 4809 Ac
1358 4751 1586 4810 Domino
1634 4759 1820 4806 nostro

249 4847 372 4906 lesu
399 4848 615 4905 Christo
647 4849 720 4903 sit
743 4844 910 4918 glorio
940 4843 1203 4898 insaecula
1234 4843 1578 4900 saeculorum.
1613 4845 1813 4899 Amen.

791 4976 1130 5038 EPts‘rOLA
1169 4977 1281 5033 vlt.

254 5097 405 5153 Filiis
438 5100 547 5154 suis
569 5097 859 5159 monachis,
882 5095 935 5148 in
951 5109 1054 5164 qun
1077 5093 1182 5148 illis
1199 5094 1545 5159 demonstrat,
1583 5102 1818 5147 nostram

314 5168 538 5223 salutem
599 5182 762 5234 neque
800 5180 893 5231 per·
944 5163 1183 5230 o'nqeluns
1238 5178 1403 5232 neque
1433 5177 1527 5229 per
1558 5163 1823 5216 hominene

318 5238 513 5305 factam
550 5252 682 5300 esse,
719 5236 808 5289 sed
838 5248 933 5302 per
985 5231 1149 5287 Deum
1183 5231 1409 5288 Verbum
1459 5231 1814 5287 incarnatum.

321 5306 543 5374 Insuper
566 5322 654 5361 eos
684 5305 868 5358 incitat
898 5301 967 5357 od
999 5302 1372 5358 decertandum
1412 5317 1613 5358 summo
1639 5315 1816 5358 certa·

316 5375 472 5438 mine,
505 5387 559 5430 nt
596 5373 816 5428 salutem
844 5383 1247 5442 cousequantur.
1282 5371 1429 5428 Dixit
1464 5388 1484 5428 .·

319 5486 579 5561 Equidem
611 5486 728 5541 novi
750 5486 977 5558 qratiam
1014 5483 1223 5544 Domini
1252 5485 1418 5540 nostri
1435 5482 1563 5540 Jesu
1588 5483 1812 5549 Christi,

317 5602 363 5634 δ’
390 5600 544 5657 Joan.
576 5617 696 5662 xm.
724 5601 756 5656 l
781 5615 901 5674 sqq.

306 5695 424 5771 (18)
451 5694 601 5766 Qua».
642 5694 735 5757 vet
761 5696 871 5773 qui.

993 5598 1041 5633 ⁸⁸
1069 5596 1108 5653 ll
1133 5597 1257 5654 Cor.
1291 5612 1411 5666 vin,
1443 5596 1498 5652 9.
1575 5598 1619 5630 ⁸¹
1646 5597 1687 5653 ll
1720 5596 1846 5652 Cor.
1881 5611 1933 5664 v,
1964 5597 2045 5653 16.

1922 4478 2145 4546 indiget,
2180 4490 2355 4545 neque
2380 4475 2446 4528 ad
2477 4489 2574 4529 nos
2600 4475 2760 4528 venit
2800 4492 3067 4550 propter
3096 4487 3280 4537 nostra·
3302 4469 3348 4523 1·

1921 4569 2147 4632 litatem,
2179 4581 2363 4621 verum
2386 4565 2454 4621 ob
2480 4565 2760 4636 ingentem
2800 4569 2945 4638 ejus
2970 4560 3349 4630 bonnm-eth

1922 4659 2124 4714 litatem
2155 4657 2588 4725 charitatemque
2625 4654 3248 4730 incomprehensible&
3275 4643 3349 4701 ΒΝ

1920 4755 2030 4824 egit
2082 4752 2362 4807 nobiscum
2395 4750 2547 4818 juxta
2595 4762 2844 4820 peccata
2915 4743 3349 4823 nostmwl‘m'w

1925 4845 2064 4900 lnnae
2106 4853 2164 4902 et
2211 4844 2381 4899 stellis
2438 4843 2703 4898 inservire
2746 4843 2971 4906 domui
3036 4853 3167 4909 huie
3199 4841 3349 4900 tenebr·

1922 4951 2046 5009 quae
2074 4945 2156 4991 est
2190 4935 2450 4999 muudus,
2467 4934 2533 4989 ad
2566 4937 2835 5003 corporis
2867 4939 3309 4999 subsistentiam.

1996 5027 2291 5088 Cor-stituit
2323 5035 2584 5097 praeterea
2634 5027 2744 5080 alia
2790 5033 3103 5100 permulta
3156 5028 3339 5089 occulta

1927 5120 2297 5184 inservientia,
2338 5133 2455 5189 quoe
2488 5117 2777 5186 corporeis
2838 5127 3078 5182 nostris
3118 5122 3278 5181 oculis
3313 5131 3349 5170 m

1920 5211 2220 5267 cernimus.
2252 5209 2363 5265 Nos
2386 5224 2514 5264 vero
2542 5207 2611 5262 ob
2645 5218 2999 5271 nostrorum
3033 5222 3349 5289 peccator-un

1923 5300 2233 5367 titudinem,
2263 5314 2454 5356 eorum
2491 5312 2617 5369 erga
2670 5312 2784 5355 nos
2832 5306 3187 5366 servitutem
3220 5300 3349 5357 irriti

1918 5394 2118 5449 cimus.
2144 5392 2215 5447 At
2255 5391 2413 5462 quid,
2445 5392 2630 5457 sodes,
2674 5391 2939 5453 Domino.
2981 5405 3187 5459 nostro
3220 5391 3301 5447 die
3333 5386 3349 5456 j

1920 5486 2204 5544 dicemus?
2235 5485 2369 5542 Nam
2415 5485 2541 5556 qnid
2598 5484 2893 5546 bonorum
2951 5490 3253 5549 nobiscum
3304 5482 3348 5553 ip

2182 5599 2266 5654 ‘⁰¹1
2299 5599 2419 5655 Cot·r
2462 5614 2550 5664 xv,
2576 5595 2671 5651 (ἐξ.
