3725 6125
225 287 350 342 983

1296 287 1354 344 S.
1389 289 1671 349 ANTONtt
1712 295 1778 349 tt.
1822 293 2121 351 Atmssts
2162 295 2527 352 tzptsTnLAE

3429 307 3537 366 986

239 408 325 463 cn
363 410 589 476 psopter
621 397 902 471 egregium
930 406 1140 456 motum
1165 415 1342 459 snum.
1375 403 1639 461 Universa
1667 418 1843 461 autem
1878 413 1921 468 A
1951 419 2006 465 et
2043 414 2324 466 tenebrosa
2365 413 2548 466 dotum.
2570 411 2743 478 Quam
2775 427 2918 465 emm
2950 416 3020 469 ob
3047 388 3265 472 eausam
3298 420 3531 478 dissere.-

237 502 367 555 tia-c
397 494 626 550 noiiiina‘
660 491 869 546 adscita
911 503 1040 546 sunt
1080 492 1184 558 eis,
1207 495 1323 550 sive
1350 500 1596 563 masculi,
1625 479 1845 555 sive‘l’e·

240 577 438 654 unitim,
474 588 547 643 ob
588 583 936 641 diversitates
978 588 1314 656 operationis
1343 606 1559 656 eorum,
1601 604 1657 650 et
1690 593 1843 663 juxta

244 685 627 756 principatum
648 678 916 749 ipsorum,
948 681 1071 749 quia
1103 696 1169 737 ex
1188 698 1310 750 ,uuo
1330 694 1458 738 sunt
1479 701 1692 742 omnes.
1717 687 1848 742 Pro-

249 788 451 849 pterea
493 788 624 845 ergo
671 772 984 842 quicunque
1046 774 1100 827 iu
1154 776 1456 845 proximum
1517 782 1845 847 peccaverit,

252 868 325 924 iu·
354 866 697 934 semetipsum
756 865 1054 936 delinquit;
1092 876 1146 922 et
1178 871 1269 937 qui
1310 870 1452 925 male
1490 872 1682 927 lecerit
1714 890 1844 943 pro·

259 967 444 1027 ximo,
494 962 844 1031 semetipsum
895 962 1062 1019 eflicit
1112 967 1333 1019 malum.
1367 966 1555 1022 ltidem
1588 970 1679 1040 qui
1711 971 1847 1024 bene

258 1058 444 1113 fecerit
493 1056 765 1126 proximo,
804 1056 1027 1111 sibimet
1076 1057 1178 1112 boc
1232 1057 1398 1124 f.·eit;
1433 1061 1516 1115 siu
1562 1075 1694 1116 vero
1725 1065 1847 1131 quis

252 1153 359 1205 erit
403 1150 493 1219 qui
538 1149 833 1218 aliquando
873 1164 1105 1217 peccare
1145 1152 1385 1219 potnerit
1428 1152 1482 1206 in
1528 1153 1720 1216 Deum,
1765 1157 1846 1208 vel

248 1244 376 1314 qitis
399 1253 485 1298 est
515 1242 608 1312 qni
641 1257 765 1297 eum
805 1257 1044 1311 unquam
1079 1243 1305 1299 relicere
1331 1243 1528 1315 queat?
1556 1245 1690 1313 Quis
1720 1262 1848 1301 vero

246 1345 372 1390 erat
400 1336 493 1405 qni
523 1336 572 1390 ei
603 1334 996 1389 ministraverit
1043 1334 1360 1404 aliquando,
1396 1346 1490 1391 aut
1522 1337 1647 1407 quis
1677 1338 1843 1392 bene-

248 1430 400 1484 dicat
442 1443 570 1481 eum
618 1441 882 1496 unquam,
931 1435 990 1480 ut
1041 1440 1179 1496 opus
1227 1427 1427 1484 babeat
1467 1429 1848 1487 benedictione

251 1518 418 1587 ejus?
449 1518 585 1584 Quis
620 1516 766 1571 enim
798 1516 974 1586 potuit
1006 1517 1282 1573 honorare
1310 1518 1487 1583 illum,
1517 1530 1575 1573 ut
1605 1520 1722 1589 ipse
1752 1522 1849 1577 lio·

250 1610 537 1664 tiorandus
581 1606 835 1663 exsistit?
864 1606 945 1662 vel
981 1610 1106 1677 quis
1135 1617 1221 1663 est
1267 1609 1358 1679 qui
1389 1610 1850 1668 valeatexaltare

248 1717 376 1757 eum
412 1700 562 1755 sient
597 1698 850 1755 excelsus
897 1698 1166 1754 babetur?
1196 1700 1565 1768 Quamobrem
1593 1703 1721 1757 dum
1759 1720 1857 1757 su·

1956 518 2068 556 rem
2116 504 2286 567 vobis,
2343 503 2445 558 nisi
2484 512 2541 558 ut
2595 505 2833 574 requiem
2887 506 3251 564 exhiberem?
3295 509 3448 569 Unde
3480 526 3535 572 et

1950 597 2203 658 obsecro,
2226 606 2282 649 ut
2305 597 2428 666 qnia
2454 612 2645 652 onmes
2677 598 2847 652 creati
2880 614 3069 655 sumus
3093 600 3253 656 unius
3278 604 3534 661 snbstan-

1955 690 2043 742 tite
2094 689 2383 744 invisibilis
2420 698 2475 744 et
2500 688 2724 743 initium
2769 691 3020 748 habentis
3055 693 3176 748 sine
3216 694 3342 759 line,
3378 700 3537 755 unice

1954 781 2250 849 diligamus
2281 784 2644 850 alterutt·unt;
2678 792 2946 854 quotquot
2990 787 3137 841 enim
3175 793 3536 860 cognoverint

1950 875 2292 940 seutetipSOS,
2349 887 2677 947 cognoscent
2710 881 2852 948 quod
2890 880 3051 934 unius
3078 879 3398 937 substantiae
3434 885 3536 939 ini·

1953 967 2198 1021 mortalis
2227 970 2513 1024 exsistant.

2022 1055 2112 1111 lx.
2157 1059 2309 1114 Scire
2338 1075 2561 1130 quoqne
2609 1077 2705 1117 vos
2733 1062 2877 1127 volo,
2914 1064 3059 1133 quod
3096 1063 3253 1121 lesus
3286 1064 3540 1122 Christus

1951 1146 2208 1201 Dmninus
2240 1163 2425 1204 noster
2456 1168 2566 1219 ipse
2588 1149 2769 1206 Patris
2797 1169 2958 1208 verus
2992 1164 3079 1208 est
3106 1169 3317 1219 sensus,
3346 1159 3398 1209 in
3432 1173 3539 1226 quo

1948 1239 2127 1291 omnis
2177 1240 2455 1307 plenitudo
2494 1243 2659 1295 totins
2705 1252 2913 1299 uaturae
2966 1247 3308 1302 rationabiles
3342 1247 3532 1318 effecta

1950 1340 2056 1393 est,
2092 1346 2281 1384 eornm
2336 1333 2574 1389 maxime
2603 1336 2694 1404 qui
2744 1346 2874 1392 sunt
2921 1338 3143 1409 imagini
3173 1339 3293 1408 ejus
3327 1342 3541 1397 contor-

1953 1433 2069 1474 tnes
2105 1418 2306 1484 effecti,
2347 1433 2507 1489 caput
2540 1425 2706 1478 totius
2735 1436 2999 1483 creaturae
3031 1438 3087 1482 et
3120 1445 3320 1500 corpus
3348 1430 3531 1489 Eccle-

1952 1509 2066 1564 siae.
2111 1507 2246 1562 Nam
2293 1521 2349 1564 et
2401 1511 2606 1567 idcirco
2650 1529 2752 1569 nos
2783 1529 2972 1571 omnes
2999 1518 3232 1572 membra
3278 1536 3459 1576 sumus
3488 1524 3543 1575 iu

1952 1598 2264 1653 alterutrum
2299 1612 2347 1655 et
2398 1618 2587 1671 corpus
2638 1603 2837 1659 Christi
2852 1606 2945 1658 ¹⁸:
2994 1607 3106 1661 Nec
3158 1618 3326 1679 potest
3373 1612 3544 1665 dicere

1953 1700 2109 1759 caput
2144 1693 2396 1761 pedibus:
2418 1692 2539 1749 Nou
2570 1695 2713 1750 vobis
2744 1698 2909 1753 liabeo
2936 1715 3096 1770 opitu
3134 1704 3226 1756 sed
3254 1703 3304 1757 si
3340 1706 3544 1773 patitur

249 1805 376 1850 mus
405 1791 588 1847 vestiti
623 1791 950 1864 gravissimo
992 1806 1220 1861 corpore
1260 1793 1387 1859 isto,
1438 1795 1622 1848 alieno
1657 1795 1854 1849 invita·-
1888 1783 1929 1838 Β
1957 1799 2121 1837 ‘mum
2167 1785 2480 1852 membrum,
2526 1798 2695 1841 totum
2741 1807 2932 1859 corpus
2974 1803 3214 1848 movetur
3243 1812 3364 1850 cum
3402 1813 3463 1852 eo
3495 1809 3543 1852 et

252 1895 440 1940 mento
477 1885 807 1940 suscitemus
855 1883 1022 1938 Deum
1067 1884 1121 1939 iu
1171 1886 1352 1951 nobis,
1391 1894 1451 1941 ut
1489 1887 1591 1942 boc
1632 1896 1853 1961 agentes

254 1976 700 2033 commendemus
744 1975 891 2030 illam
941 1976 1087 2032 cirea
1126 1993 1224 2034 nos
1263 1979 1530 2035 bonorum
1582 1981 1849 2035 viscerum

250 2070 575 2127 essentiam.
602 2067 718 2123 Non
770 2079 952 2123 autent
980 2069 1151 2123 simus
1184 2072 1544 2141 nosmetipsos
1576 2083 1849 2140 anianteS,

254 2161 345 2219 siu
391 2162 593 2228 minus,
644 2159 858 2216 illorum
907 2162 1271 2218 inconstantis
1318 2164 1587 2233 portionis
1620 2165 1848 2221 erimus.

258 2254 402 2312 Nam
432 2251 524 2324 qui
564 2253 872 2324 cognoverit
926 2255 1309 2323 semetipsum,
1341 2256 1623 2311 universos
1649 2273 1853 2329 cogno-

258 2344 364 2399 vit.
402 2343 529 2399 ldeo
559 2353 616 2399 et
652 2344 910 2413 scriptum
957 2354 1042 2399 est
1069 2362 1084 2399 :
1115 2345 1219 2410 Qua·
1251 2348 1447 2400 vocavit
1479 2363 1542 2400 ex
1573 2349 1758 2413 nihilo,
1796 2360 1852 2403 ut

252 2445 432 2492 esrem
471 2436 714 2491 σκιὴ-ια’.
760 2434 871 2493 Hoc
902 2447 1088 2491 autem
1134 2437 1400 2502 dicentes,
1437 2439 1752 2508 significant
1789 2445 1853 2497 de

248 2528 500 2584 sensuali
531 2537 745 2592 natura,
793 2543 916 2597 quae
947 2528 1161 2583 occulta
1190 2537 1274 2583 est
1302 2528 1355 2583 in
1385 2529 1487 2586 lioc
1511 2534 1852 2603 corruptibili

246 2633 510 2690 corpore,
544 2626 795 2674 exstante
842 2619 896 2672 in
948 2617 1239 2687 principio,
1277 2617 1609 2691 increpanda
1651 2626 1719 2677 ab
1763 2640 1849 2680 eo.

250 2712 367 2767 Aut
391 2713 484 2783 qui
519 2711 761 2781 potuerit
789 2710 1013 2782 diligere
1046 2712 1403 2783 semetipsum
1425 2752 1441 2779 ,
1491 2714 1849 2772 nibilominus

258 2802 457 2874 diliget
479 2819 687 2859 ornnes.
948 2795 959 2803 ’

346 2894 486 2950 vttt.
513 2894 836 2952 charissimi
867 2894 1013 2954 lilioli
1040 2898 1171 2967 mei,
1200 2912 1386 2970 quaeso
1416 2914 1515 2955 vos
1544 2910 1606 2956 ut
1640 2917 1746 2958 non
1779 2902 1857 2957 la·

264 2988 495 3055 boi-etis,
529 3003 704 3058 neque
742 2986 1042 3059 fatigemini
1086 2988 1320 3045 invicem
1365 2989 1694 3059 diligentes;
1757 2998 1853 3050 sed

266 3083 445 3138 tollite
470 3098 669 3154 corpus
701 3097 811 3154 quo
833 3084 968 3140 estis
998 3083 1198 3150 induti,
1227 3092 1285 3139 et
1311 3082 1477 3140 l’aeite
1505 3085 1635 3141 illud
1661 3087 1852 3152 altare,

264 3186 532 3247 ponentes
568 3177 801 3247 desuper
834 3190 1055 3233 omnem
1099 3175 1553 3232 deliberationem
1587 3189 1854 3246 vestram,

168 3342 171 3349 Ι
262 3284 594 3341 ontitemque
622 3270 926 3340 malignum
957 3267 1285 3324 instructum
1314 3267 1607 3339 relinquite
1643 3271 1697 3325 in
1724 3287 1858 3327 eon·

168 3412 265 3453 bf*-

252 3373 446 3461 spectu
495 3362 732 3419 Domini.
780 3359 1047 3417 Extollite
1092 3373 1287 3429 manus
1331 3361 1516 3417 cordis
1567 3364 1736 3417 vestri
1788 3362 1855 3419 ad

168 3501 201 3541 Ι
246 3471 387 3515 eum
415 3458 497 3522 ¹⁸;
547 3455 603 3509 id
647 3461 736 3510 est
785 3462 986 3505 sensus
1034 3450 1361 3518 agendorum
1394 3462 1497 3508 :et
1550 3457 1853 3525 precamini

168 3597 189 3633 ἱ
252 3550 436 3604 Deum
459 3555 522 3597 ut
544 3546 708 3599 donet
735 3539 897 3598 vobis
937 3539 1097 3619 illum·
1124 3542 1448 3604 invisibilem
1498 3556 1555 3602 et
1602 3563 1855 3620 magnum

168 3692 193 3727 ι
265 3642 479 3707 ignem,
516 3635 610 3703 qui
653 3633 990 3691 descendens
1013 3635 1226 3699 coeiitus
1255 3643 1508 3698 comedat
1540 3644 1713 3698 altare
1732 3645 1775 3676 ¹¹
1803 3652 1859 3699 et

272 3727 463 3780 oninia
508 3742 629 3797 quae
674 3726 733 3781 iu
776 3741 871 3795 eo;
916 3728 1259 3801 universique
1285 3735 1600 3793 sacerdotes
1625 3721 1855 3803 Baalim,

168 3880 191 3921 ἰ
273 3818 612 3888 quiquidem
650 3820 925 3876 exsistunt
952 3821 1294 3893 operationes
1334 3827 1598 3895 adversae,
1633 3831 1858 3885 timeant

276 3911 550 3982 rugientes
590 3927 620 3967 a
670 3912 813 3971 facie
852 3924 1056 3983 vestra,
1083 3919 1538 3986 quemadmodum
1575 3922 1705 3977 Etiae
1733 3939 1860 3992 pro-

274 4001 474 4073 pbetae.
504 4003 652 4061 Tunc
677 4005 892 4060 demum
919 4004 1172 4062 videbitis
1199 4009 1488 4081 vestigium
1533 4014 1769 4069 bominis
1806 4017 1858 4069 in

168 4074 183 4115 ⁵
272 4096 413 4150 mari
460 4096 736 4153 adducens
773 4096 1063 4169 specialem
1110 4097 1363 4167 imbrem,
1398 4105 1540 4172 quod
1572 4117 1657 4160 est
1694 4104 1862 4161 Para-

268 4189 398 4244 ‘ten
445 4188 684 4260 Spiritus
723 4195 1046 4252 connotatio.
1095 4197 1445 4254 Dilectissimi
1488 4198 1592 4253 met
1647 4199 1759 4253 nan
1805 4200 1858 4254 tn

168 4288 173 4299 '
269 4281 523 4349 Domino,
574 4282 669 4338 lilii
702 4276 970 4343 'israelitae
1015 4290 1374 4357 sanctissimi,
1423 4305 1531 4346 non
1586 4305 1727 4360 opus
1775 4301 1860 4347 est

168 4370 173 4375 ’
265 4374 571 4431 beatillcari
605 4389 892 4446 corporum
937 4388 1246 4436 nostrorum
1295 4382 1558 4437 vocabula
1598 4383 1860 4438 transitu-

263 4482 368 4530 ης
413 4481 511 4521 „00
545 4467 689 4523 enim
736 4469 996 4540 sgnumst,
1039 4474 1364 4528 charnaim„
1401 4489 1563 4544 mmm
1604 4475 1777 4530 habeo
1809 4475 1861 4528 3„
1898 4507 1943 4563 D
1975 4475 2155 4518 vestra
2190 4473 2246 4518 et
2292 4461 2653 4533 cogitationes
2704 4461 2755 4514 in
2792 4459 3032 4515 Christo.
3069 4455 3205 4513 Nam
3233 4472 3381 4524 vere,
3413 4472 3448 4513 o
3488 4458 3551 4511 n-

191 4628 197 4633 .
259 4558 446 4624 vobis,
473 4560 599 4629 quia
627 4576 732 4615 non
756 4571 838 4617 est
859 4564 1102 4618 charitas
1131 4565 1457 4633 corporalis,
1485 4568 1581 4622 sed
1604 4567 1861 4636 spiritua·

253 4654 331 4708 ils
370 4662 644 4707 clamans
675 4653 862 4708 Deum.
900 4655 1111 4722 Dilecti,
1158 4658 1208 4711 in
1242 4658 1343 4713 boe
1383 4667 1436 4713 et
1463 4658 1676 4727 repleor
1715 4659 1856 4727 qnod

168 4746 171 4759 ¹
252 4742 551 4797 beatitudo
587 4743 741 4799 vobis
791 4743 932 4800 facta
984 4747 1055 4801 sit
1101 4748 1153 4802 in
1198 4757 1443 4818 tempore
1490 4748 1615 4802 isto.
1664 4746 1859 4802 Sermo

168 4828 175 4863 ⁵
260 4834 439 4904 igitur
465 4838 621 4894 vobis
650 4839 883 4894 exsistat
912 4842 1102 4911 iudex,
1146 4858 1209 4896 ae
1247 4859 1353 4897 non
1411 4842 1697 4898 aestimetis
1728 4858 1857 4911 per-

168 4930 174 4953 ¹
220 4922 475 4981 «oenum
517 4937 756 4983 vestrum
803 4931 1134 4987 institutum.
1180 4932 1332 4999 Quod
1389 4940 1472 4988 est
1524 4948 1656 5003 ergo
1695 4932 1860 4999 ‚obse-

262 5015 464 5086 quium
496 5017 610 5085 Dei‚
647 5031 888 5077 nostram
940 5023 994 5078 in
1035 5033 1242 5078 tantum
1297 5026 1669 5095 operationem
1715 5026 1846 5080 exsi-

168 5102 173 5133 ²
260 5107 455 5165 uere?
482 5109 589 5166 Sed
617 5121 701 5167 est
731 5113 906 5168 virtus
941 5116 1189 5183 quaedam
1219 5131 1520 5184 cooperans
1553 5114 1724 5171 vobis.
1739 5115 1861 5171 Cer·

168 5204 173 5209 “
266 5208 451 5257 santes
479 5191 793 5274 itaque‘vos
827 5206 975 5276 ipsos
1016 5209 1205 5277 offerre
1234 5209 1458 5262 'nostiam
1494 5208 1599 5263 Deo
1621 5209 1688 5276 ¹¹,
1725 5225 1860 5264 eon·

266 5293 423 5350 tinne
455 5282 690 5365 praebeto
731 5300 1048 5368 cooperanti
1093 5299 1246 5353 vobis
1298 5300 1485 5354 virtuti
1528 5310 1583 5355 et
1617 5301 1857 5367 requiem

259 5385 469 5442 Cbristi
494 5387 650 5453 lesu,
675 5391 938 5460 qnoniam
971 5391 1122 5445 unita
1157 5401 1243 5446 est
1266 5394 1522 5447 universo
1545 5401 1861 5449 sanctornm

168 5552 181 5565 .
259 5478 462 5545 choro.
496 5483 594 5538 sed
624 5491 680 5538 et
711 5482 843 5537 milti
875 5484 1170 5539 deterrimo
1203 5483 1469 5539 habitanti
1505 5484 1556 5539 in
1585 5483 1687 5540 hae
1716 5483 1864 5539 lutea

341 5674 361 5704 ⁸
393 5677 528 5748 Sip.
567 5696 606 5739 ι,
656 5681 741 5734 Η.

269 5748 309 5778 “
339 5749 482 5806 ibid.
513 5750 607 5814 21,
639 5752 732 5805 213.

858 5683 900 5712 ¹⁰
938 5680 1076 5735 l’scl.
1133 5696 1360 5743 cxxxttt,
1394 5680 1448 5734 Ξ.

814 5753 855 5783 ¹⁸
897 5753 994 5808 lsa.
1051 5766 1181 5814 ιιιι,
1236 5750 1289 5806 5.

1570 5681 1610 5712 ¹¹
1661 5679 1720 5733 ΙΙΙ
1763 5678 1897 5751 Reg.
1931 5698 2087 5749 xvttt,
2124 5683 2192 5739 58
2226 5697 2381 5754 ΜΨ]-

1396 5751 1439 5782 20
1478 5750 1621 5810 psal.
1660 5765 1855 5818 cxxxi,
1894 5752 1951 5810 4.

1953 1876 2243 1944 paratust.
2283 1878 2656 1935 Alienatorum
2700 1897 2829 1937 vero
2877 1887 3244 1942 membrorum
3293 1892 3547 1958 corporis

1955 1982 2074 2037 quae
2107 1970 2323 2039 proprio
2370 1987 2474 2025 non
2532 1984 2659 2027 snut
2702 1978 2864 2045 capiti
2901 1979 3132 2045 sociata,
3168 1983 3263 2035 sed
3313 1981 3546 2039 soeditati

1954 2060 2161 2127 dedita,
2194 2073 2416 2132 propter
2442 2067 2691 2135 proprias
2725 2067 3008 2124 libidinum
3037 2072 3359 2139 passiones;
3399 2073 3541 2130 irre·

1955 2153 2262 2211 mediabilis
2296 2172 2483 2212 eorum
2520 2159 2709 2215 effecta
2741 2171 2826 2217 est
2859 2163 3035 2233 plaga,
3059 2165 3184 2233 quia
3214 2166 3543 2222 oblivionem

1954 2260 2284 2318 acceperuut
2315 2252 2566 2321 principii
2601 2263 2767 2323 atque
2801 2255 2945 2310 linis.
2987 2254 3043 2311 ln
3077 2272 3187 2326 quo
3226 2268 3285 2315 et
3325 2270 3545 2314 ereatu-

1958 2350 2141 2389 rarum
2174 2340 2413 2406 genitor,
2452 2341 2754 2398 visceribus
2797 2353 2976 2400 motus
3015 2360 3114 2416 pro
3157 2347 3312 2418 plaga
3351 2359 3542 2404 nostra

1955 2444 2076 2495 quae
2109 2431 2292 2485 sanari
2322 2448 2430 2486 non
2477 2443 2692 2500 poterat
2720 2436 2820 2491 nisi
2857 2452 2956 2507 per
2981 2440 3155 2495 solam
3188 2441 3358 2512 ipsius
3393 2443 3548 2500 boni·

1956 2530 2145 2586 tatem„
2203 2525 2349 2579 misit
2389 2523 2738 2595 Unigenitum
2776 2531 2952 2593 uobis.
2986 2542 3043 2586 ut
3078 2548 3177 2601 per
3217 2537 3544 2591 servitutem

1958 2623 2225 2679 nostram,
2264 2616 2543 2673 servitutis
2574 2632 2876 2675 assumeret
2912 2621 3167 2688 l'ortnam,
3203 2628 3551 2698 traderetque

1956 2720 2016 2761 se
2069 2724 2166 2775 pro
2197 2710 2440 2777 peccatis
2474 2712 2695 2767 nostris.
2739 2712 2802 2766 Et
2847 2723 3067 2782 peecata
3105 2713 3328 2786 q'uidem
3361 2727 3547 2774 nostra

1959 2799 2390 2855 humiliaverunt
2418 2817 2564 2868 euni,
2586 2804 2683 2859 sed
2714 2805 2880 2860 lit-ore
2902 2810 3016 2876 ejus
3046 2826 3140 2864 nos
3170 2826 3348 2867 omnes
3370 2816 3549 2869 sanati

1958 2908 2141 2947 sumus
2167 2894 2230 2945 ¹⁸.
2268 2893 2365 2949 llic
2404 2898 2752 2967 congregavit
2778 2912 2877 2952 nos
2913 2914 2980 2953 ex
3027 2901 3283 2956 omnibus
3323 2903 3555 2972 regioni-

1962 2982 2084 3048 bus,
2125 2999 2408 3052 usquequo
2461 2972 2921 3064 resurrectionem
2956 2990 3197 3044 cordium
3233 3001 3546 3049 nostrornm

1962 3078 2028 3131 de
2075 3088 2217 3131 terra
2274 3079 2498 3143 taceret,
2552 3080 2753 3135 docens
2804 3093 3030 3137 cunctos
3073 3097 3178 3138 nos
3220 3082 3386 3138 unius
3429 3099 3552 3141 esse

1964 3169 2282 3224 substantiae
2314 3181 2366 3225 et
2400 3171 2640 3225 itetnbra
2678 3173 3022 3228 alterutrum.
3059 3173 3349 3246 Propterea
3378 3176 3543 3233 debe-

1967 3277 2089 3317 mus
2123 3263 2356 3337 diligere
2382 3262 2754 3332 veliementer,
2781 3265 2907 3332 qnia
2944 3265 3260 3338 ‹puicunqne
3303 3268 3552 3326 dilexerit
3597 3275 3603 3282 ’

1965 3355 2297 3425 proximum,
2333 3354 2520 3424 diliget
2548 3358 2782 3409 animam
2812 3361 3112 3426 propriam.

2037 3445 2105 3499 X.
2138 3446 2200 3499 Et
2232 3448 2319 3526 bie
2351 3461 2535 3501 sermo
2569 3445 2887 3501 manifestus
2919 3451 2990 3502 sit
3028 3451 3203 3516 voltis,
3238 3448 3549 3508 charissimi

1969 3540 2080 3593 nati
2118 3539 2171 3593 in
2219 3540 2467 3603 Domino,
2506 3542 2598 3592 tilii
2638 3538 2898 3596 lsi-aelitoe
2943 3543 3141 3605 sancti,
3174 3541 3265 3611 qui
3312 3546 3551 3613 parastis

1968 3632 2329 3704 vosmetipsos
2351 3664 2364 3671 -
2402 3633 2469 3685 ad
2540 3633 2704 3687 Deum
2767 3633 2847 3687 ire
2867 3675 2881 3695 ‚
2942 3631 3141 3688 offerre
3192 3635 3551 3706 vosmetipsos

1969 3727 2203 3782 hostiam
2235 3726 2343 3779 Deo
2366 3724 2419 3778 in
2451 3725 2599 3778 omni
2626 3725 2939 3789 sanctitate,
2968 3725 3224 3794 quoniam
3255 3741 3355 3782 nec
3372 3737 3543 3794 potest

1970 3820 2341 3875 haereditatem
2394 3832 2592 3885 capere
2637 3817 2907 3888 quispiam
2944 3817 3063 3872 siue
3096 3818 3409 3873 sanctitate.
3443 3820 3552 3874 Aut

1969 3912 2212 3983 nunquid
2246 3912 2530 3982 ignoratis,
2561 3910 2922 3974 dilectissimi,
2945 3911 3089 3980 quod
3116 3894 3413 3966 adv'ersarii
3440 3912 3545 3965 vir·

1971 4003 2103 4057 tutis
2162 4002 2379 4056 veritati
2426 4015 2643 4068 semper
2675 4000 3041 4054 insidiantur?
3065 4000 3130 4055 Et
3164 4002 3388 4067 idcirco,
3420 4001 3551 4057 cba-

1969 4095 2194 4160 rissimi,
2225 4096 2514 4149 observate
2539 4108 2605 4148 ne
2632 4095 2775 4146 detis
2805 4093 2980 4147 oculis
3007 4108 3280 4160 somnum,
3311 4104 3404 4147 aut
3431 4095 3551 4148 dor-

1970 4187 2311 4242 mitationem
2344 4185 2615 4257 palpebris
2649 4183 2717 4248 ¹¹.
2752 4183 3151 4253 proclamantes
3177 4182 3244 4237 ad
3268 4183 3546 4251 proprium
3587 4248 3594 4255 μ

1964 4281 2319 4336 Conditorem
2352 4279 2437 4331 die
2460 4292 2523 4332 ac
2553 4287 2738 4340 nocte,
2766 4277 2814 4333 si
2849 4276 2988 4331 sorte
3023 4275 3363 4346 regrediatur
3395 4273 3550 4329 vobis

1977 4372 2305 4441 adjutorium
2339 4372 2407 4425 ab
2443 4370 2695 4435 Excelso,
2727 4386 2835 4441 quo
2863 4376 3203 4439 protegente.
3236 4369 3345 4422 siut
3378 4368 3541 4421 corda

1970 4557 2108 4621 lioli,
2147 4559 2200 4612 iu
2248 4560 2409 4612 domo
2452 4571 2640 4611 snmus
2678 4555 2903 4609 latronis
2944 4553 3348 4618 inhabitantes,
3393 4559 3449 4606 et
3494 4552 3550 4606 in

1967 4649 2203 4706 vinculis
2251 4649 2446 4703 mortis
2494 4637 2777 4704 exstai‘nns
2823 4646 3009 4701 vincti.
3041 4645 3148 4703 Pro
3196 4656 3345 4702 certo
3386 4646 3549 4701 etiam

1969 4744 2096 4800 dico
2131 4743 2304 4806 vobis,
2334 4742 2479 4813 quod
2523 4751 2708 4796 nostra
2755 4739 3085 4809 negligentia
3123 4748 3178 4795 et
3223 4739 3549 4806 humiliatio,

1969 4848 2234 4894 extranea
2267 4837 2587 4895 commotio.
2614 4849 2717 4889 non
2750 4833 2908 4889 nobis
2930 4833 3065 4888 solis
3087 4841 3172 4887 est
3197 4832 3548 4897 detrimento,

1969 4933 2064 4987 sed
2113 4929 2321 5000 augelis
2367 4928 2521 4984 labor
2567 4927 2807 4990 exsistit,
2858 4931 2916 4979 et
2958 4924 3213 4979 omnibus
3245 4924 3449 4980 sanctis
3498 4924 3550 4976 in

1968 5024 2186 5078 Christo
2231 5021 2397 5087 lesu,
2447 5021 2571 5091 quia
2611 5018 2875 5072 nondum
2938 5030 3114 5086 usque
3169 5017 3553 5086 requieverunt

1968 5127 2190 5188 propter
2211 5130 2332 5170 nos.
2357 5111 2524 5176 Vere,
2556 5112 2669 5166 uati
2702 5111 2832 5171 mei,
2863 5111 2981 5165 ltaec
3013 5118 3197 5164 nostra
3219 5105 3550 5169 humiliatio,

1973 5208 2082 5264 illis
2108 5208 2365 5262 omnibus
2397 5205 2621 5261 tristitia
2648 5211 2752 5265 est.
2779 5202 2925 5258 sicut
2958 5201 3154 5257 iterum
3179 5198 3329 5254 salus
3355 5209 3410 5254 et
3437 5197 3547 5267 glo·

1977 5301 2141 5354 riatio
2178 5309 2389 5363 nostra,
2430 5294 2852 5351 laetilieationem
2886 5294 2969 5350 eis
3003 5309 3069 5349 ae
3098 5291 3339 5363 requiem
3369 5291 3549 5344 omni·

1972 5392 2074 5448 bus
2123 5391 2351 5461 praebet.
2384 5398 2445 5444 ut
2476 5398 2657 5444 antem
2691 5387 3038 5458 cognoscatis
3076 5385 3202 5457 quia
3233 5382 3547 5454 benignitas

1974 5482 2151 5538 Patris
2182 5496 2289 5537 non
2323 5488 2521 5546 cessat,
2551 5495 2580 5534 a
2612 5495 2719 5551 qno
2750 5479 2920 5534 motio
2948 5477 3091 5533 laeta
3119 5482 3227 5542 et,
3261 5470 3544 5539 beneflciis

2482 5682 2524 5712 ¹¹
2548 5678 2704 5735 Rom.
2740 5692 2838 5746 ιιι,
2882 5676 2934 5731 t.
3051 5675 3094 5706 ¹⁸
3129 5673 3143 5728 l
3175 5671 3283 5730 Cur
3331 5684 3431 5741 xus
3453 5672 3545 5726 27.
