3725 6125
162 381 186 406 0
292 313 401 373 iss

1565 311 1624 367 S.
1667 308 1942 367 Asnmt
1981 309 2284 368 sussum

288 435 484 506 tteipes
515 434 563 469 ⁸⁸
588 433 767 491 effecti
800 434 923 500 viri,
950 431 1101 503 plebs
1149 429 1440 498 rusticana,
1492 444 1552 486 ac
1596 436 1863 502 quotquot
1887 432 1936 491 A
1966 428 2185 500 μέτοχοι
2206 429 2427 503 ἄνδρες·
2479 431 2637 503 ὑμεῖς
2686 430 2718 485 ὂ
2745 429 2983 505 κωρικδς
3029 432 3233 508 δῆμος.
3274 435 3369 491 καὶ
3410 436 3555 495 πάν-

287 525 500 597 oppidis
527 525 754 597 egressi,
779 540 882 579 una
906 523 1263 580 consensione
1287 524 1354 577 nd
1377 523 1480 577 itoc
1506 521 1700 578 festum
1729 537 1862 577 eou-

286 617 538 674 enrristis
591 618 802 687 (amites
828 615 1028 686 quippe
1065 629 1162 669 vos
1218 629 1326 669 tmo
1353 614 1686 683 complector
1710 612 1862 667 vocis

288 708 578 779 praeconio)
604 727 618 761 ε
652 708 951 778 quisquene
973 717 1209 762 vestrum
1241 707 1422 762 auimo
1438 721 1622 761 curam
1654 703 1860 775 injecit,
1887 771 1943 788 ..-

289 799 666 870 perspexitque
696 813 760 853 ac
801 796 1067 852 intellexit
1117 810 1223 866 qua
1249 802 1316 849 de
1343 810 1510 850 causa
1545 793 1862 849 conveneri-

289 889 452 945 mus?
482 904 546 946 ac
574 904 742 959 quare
775 898 1062 959 martyres,
1104 902 1228 943 eum
1285 888 1481 943 sedium
1518 892 1715 942 ornatu
1744 884 1861 941 cul·

288 989 449 1050 tuque
496 980 801 1051 magnifico,
859 989 972 1034 tum
1022 980 1222 1033 annuis
1255 975 1587 1047 ejitscemodi
1628 976 1860 1053 coetib'us

285 1074 667 1138 honestentur,
720 1086 786 1127 ac
837 1085 945 1142 quo
980 1070 1322 1141 potissimum
1383 1068 1659 1139 proposito
1689 1080 1858 1135 scopo

283 1164 514 1234 maiores
545 1163 742 1228 nostri,
780 1163 882 1218 ista
915 1176 1036 1231 quae
1068 1160 1312 1216 videmus
1341 1157 1695 1221 instituerint,
1709 1156 1859 1226 iure·

281 1270 387 1329 que
419 1265 679 1328 perpetuo
709 1270 832 1311 eum
861 1254 1021 1309 ritum
1053 1253 1120 1307 ad
1146 1261 1396 1322 posteros
1426 1248 1860 1306 transmiserint?

279 1346 472 1403 Nonne
497 1345 582 1401 vel
632 1359 822 1415 parum
880 1342 1179 1398 intendenti
1225 1341 1466 1398 animum
1504 1355 1567 1394 uc
1625 1336 1856 1409 sapienti

280 1438 498 1506 planum
531 1437 584 1492 id
614 1445 776 1506 atque
799 1434 1168 1504 perspicuum,
1199 1432 1416 1501 pietatis
1442 1431 1560 1486 zelo
1585 1429 1700 1486 ltaec
1728 1429 1856 1484 talis

282 1529 438 1586 nobis
467 1529 763 1585 constituta
784 1542 926 1591 esse,
959 1525 1336 1595 solemnesque
1366 1532 1684 1588 conventus,
1703 1538 1856 1578 eoin-

281 1635 473 1676 munes
502 1619 764 1689 quosdam
816 1618 1121 1674 animorum
1155 1614 1378 1672 conflari
1415 1616 1589 1682 iudos,
1619 1622 1679 1669 ut
1709 1629 1856 1681 mar-

282 1702 460 1783 tyrum
490 1710 638 1766 cultu
672 1724 738 1764 ac
772 1708 1139 1775 veneratione,
1188 1722 1349 1778 quam
1403 1706 1476 1761 illi
1511 1722 1609 1776 pro
1656 1706 1856 1775 pietate

1964 535 2075 584 τες,
2130 521 2246 574 ὅσοι
2313 520 2423 574 τῶν
2485 522 2696 577 πόλεων
2751 524 3198 599 ἐκφοιτήσαντες,
3244 528 3385 601 πρὸς
3449 529 3560 603 τὴν

1965 610 2246 681 παροῦσαν
2304 609 2614 684 συμφώνως
2650 614 2845 688 ἑορτήν
2895 616 3263 689 συνιδράμετα
3308 619 3559 695 (γενικῷ

1963 700 2071 771 γάρ
2116 702 2259 773 ὑμᾶς
2310 704 2517 769 πάντας
2580 705 2974 778 περιλαμόάνω
3020 710 3404 783 κηρύγματι),
3441 706 3561 786 ἆρα

1962 792 2191 858 ἕκαστος
2230 794 2385 867 ὑμῶν
2422 796 2706 851 ἑνεδάλετο
2749 800 2815 871 τῇ
2857 798 3066 875 διανοίᾳ
3108 803 3393 874 φροντίδα,
3423 822 3557 859 συν·

1962 882 2101 936 εἶδεν
2126 880 2185 935 δὲ
2227 883 2321 936 καὶ
2367 884 2716 955 κατενόησεν,
2759 886 2901 958 ὑπὲρ
2939 888 3084 953 τίνος
3134 888 3549 963 ήθροίσθημενς

1961 971 2079 1026 ἀνθ’
2106 974 2228 1027 ὅτου
2276 973 2333 1028 δὲ
2376 975 2643 1047 τιμῶνται
2676 978 2952 1050 μάρτυρες
3018 979 3183 1034 οἴκων
3229 982 3545 1052 περιφανῶν

1961 1068 2359 1133 κατασκευαῖς,
2394 1067 2489 1121 καὶ
2513 1069 2627 1132 τοῖς
2672 1068 2965 1134 ἐνιαυσίοις
2992 1070 3205 1132 τούτοις
3233 1071 3534 1143 συλλόγοις,

1961 1152 2057 1207 καῖ
2077 1151 2213 1225 πρὸς
2233 1155 2353 1209 τίνα
2375 1155 2575 1209 σκοπὸν
2599 1155 2887 1227 βλέποντες
2914 1160 2962 1212 οί
2985 1158 3217 1231 πατέρες
3241 1160 3404 1231 ήμῶν
3431 1164 3545 1217 ὲνο-

1963 1242 2269 1315 μοθίτησαν
2288 1244 2355 1299 τὰ
2371 1243 2641 1317 δρώμενα,
2669 1248 2763 1301 καὶ
2783 1248 3000 1322 ἰσχυρὸν
3017 1250 3235 1321 ἀφῆκαν
3254 1251 3345 1305 τὸν
3377 1252 3547 1325 νόμον

1959 1333 2075 1396 τοῖς
2101 1332 2427 1402 μετέπειτας
2459 1336 2531 1390 Ἣ
2561 1338 2827 1409 πρόδηλον
2856 1338 2936 1410 τῷ
2964 1340 3059 1393 καὶ
3090 1340 3287 1412 μικρὸν
3328 1341 3556 1399 πυκνώ-

1961 1437 2116 1479 σαντι
2145 1425 2244 1498 τήν
2280 1425 2539 1493 διάνοιαν,
2580 1429 2657 1493 ὡς
2697 1429 2846 1503 ζήλῳ
2874 1433 3007 1503 ἡμῖν
3052 1433 3334 1500 εὐσεόείας
3372 1436 3549 1491 ταῦτα

1956 1513 2264 1589 διετυπώθη
2285 1557 2300 1582 ,
2347 1518 2443 1572 καὶ
2471 1519 2626 1573 κοινὰ
2667 1521 3041 1591 παιδαγωγεῖα
3091 1523 3201 1577 τῶν
3248 1525 3446 1598 ψυχῶν
3488 1528 3545 1583 αί

1959 1604 2297 1679 πανηγύρεις
2351 1608 2692 1679 συνάγονται,
2724 1611 2811 1665 ἰ’να
2840 1613 3122 1685 μάρτυρας
3156 1615 3451 1687 τιμῶντες,
3487 1616 3544 1673 τὸ

1956 1694 2069 1749 τῶν
2116 1696 2409 1770 μαρτύρων
2453 1700 2596 1771 ὑπὲρ
2642 1702 2922 1769 εὐσεδείας
2969 1706 3237 1777 καρτερὸν
3295 1707 3542 1782 μιμησώ-

279 1802 652 1858 i'nrtitudinem
691 1801 1091 1867 exhibuerunt,
1131 1800 1424 1864 imitemur,
1477 1807 1643 1867 utque
1674 1798 1859 1852 docto·
1891 1773 1933 1832 Β
1963 1784 2131 1856 μθα·
2158 1787 2248 1842 ἵνα
2271 1790 2385 1852 τοῖς
2414 1792 2803 1861 συναγομένοις
2828 1794 3143 1862 παιδευταῖς
3169 1798 3464 1866 ὑποθέντες
3486 1802 3543 1858 τὸ

280 1895 432 1952 ribus
474 1910 538 1948 ea
563 1894 856 1950 occasione
906 1892 1253 1962 congregatis
1300 1905 1486 1946 aurem
1533 1889 1858 1959 prebentes,

281 1982 622 2057 profuturum
654 1983 880 2053 aliquid,
908 1997 970 2038 ac
999 1991 1161 2038 antea
1216 1982 1591 2053 hactenusque
1634 1981 1856 2052 ignora·

284 2085 394 2130 tum
413 2075 721 2139 discamus:
751 2073 832 2129 vel
856 2073 990 2129 certi
1026 2072 1281 2127 nimirum
1308 2071 1510 2143 aliquid
1541 2073 1809 2143 dogmatis
1836 2088 1852 2139 ;

281 2164 363 2221 vel
397 2165 786 2233 expositionem
813 2164 1052 2226 obscuri,
1081 2177 1145 2217 ac
1173 2163 1409 2232 ambigui
1449 2161 1549 2219 loci
1605 2163 1845 2235 Scriptu-

282 2256 513 2324 rae3vel
564 2257 794 2325 denique
853 2254 1212 2324 curttpositum
1245 2268 1554 2311 sermonem
1613 2254 1857 2311 moribus

281 2349 663 2405 instituendis?
714 2348 820 2404 Sed
857 2350 1002 2404 enim
1038 2364 1133 2404 vos
1188 2348 1318 2402 milti
1349 2347 1623 2409 videmini,
1653 2347 1857 2403 omisso

277 2440 490 2497 virtutis
537 2441 738 2504 studio,
807 2455 1049 2509 curaque
1127 2438 1320 2492 animae
1362 2438 1693 2508 posthabita,
1757 2438 1856 2494 toti

276 2533 418 2586 circa
447 2545 771 2587 mammona!
805 2532 1018 2595 sordes,
1059 2528 1341 2597 forumque
1381 2541 1558 2581 rerum
1587 2526 1856 2582 venalium

277 2621 522 2684 versari3
553 2619 643 2673 alii
676 2619 894 2688 quidem
946 2618 1049 2688 ipsi
1080 2619 1508 2683 contrahentes:
1543 2617 1633 2671 alii
1668 2616 1857 2674 alienis

279 2711 472 2767 intenti
503 2708 904 2777 inbiantesque,
932 2721 997 2762 ac
1026 2721 1208 2763 rerum
1252 2706 1519 2761 venalium
1556 2706 1857 2763 contentio-

281 2802 452 2855 siores
479 2799 833 2855 aestimatores
855 2797 1221 2863 sciscitantes,
1247 2813 1353 2869 quo
1385 2814 1484 2854 sua
1515 2798 1742 2855 invicem
1778 2801 1857 2855 vi-

285 2892 490 2947 lescere
526 2888 726 2945 iaciant
758 2905 824 2945 ac
854 2890 1027 2961 pretio
1082 2890 1343 2946 minuant.
1386 2888 1607 2954 Verum.
1666 2892 1850 2963 agite;

283 2983 383 3038 ltoc
416 2980 548 3037 milti
569 2981 807 3037 studium
842 2981 909 3036 ad
971 2980 1268 3037 Ecclesiam
1327 2981 1632 3048 transferte,
1697 2983 1855 3039 relin-

1957 1870 2073 1941 οῦς,
2100 1878 2361 1952 μάθωμὲν
2385 1897 2439 1935 τι
2461 1883 2719 1956 χρηστὸν,
2753 1884 2782 1938 δ
2827 1891 2933 1959 πρὸ
2962 1887 3193 1960 βραχέος
3218 1891 3323 1945 ούκ
3351 1892 3543 1963 ὲγινώ·

1960 1984 2186 2040 σκομεν,
2210 1969 2244 2043 ἢ
2274 1970 2542 2043 δόγματος
2567 1976 2887 2045 ἀσφάλειαν,
2912 1979 2945 2050 ἢ
2974 1978 3127 2033 λύσιν
3152 1983 3544 2058 ἀπορουμένης

1959 2060 2184 2134 Γραφῆς
2208 2103 2224 2127 ,
2248 2063 2284 2136 ἦ
2322 2081 2443 2119 τινα
2478 2063 2635 2136 λόγον
2675 2068 2775 2139 τὴν
2801 2068 2911 2124 τῶν
2949 2070 3096 2141 ήθῶν
3139 2073 3545 2147 ὲπανορθοῦντα

1960 2153 2325 2221 κατάστασινς
2369 2154 2560 2228 Ὑμεῖς
2595 2156 2654 2212 δέ
2693 2176 2781 2231 μοι
2813 2158 3016 2215 δοκεῖτε
3040 2161 3142 2233 τῆς
3172 2164 3379 2236 ἀρετῆς
3427 2169 3545 2221 ἐπι·

1962 2242 2182 2314 μέλειαν
2220 2245 2487 2316 ἀφέντες,
2533 2249 2629 2302 καὶ
2662 2249 2761 2322 τῆς
2801 2251 2931 2324 περὶ
2972 2253 3070 2326 τήν
3097 2253 3276 2328 ψυχήν
3308 2258 3544 2330 σπουδῆς

1958 2333 2334 2405 ἐκλαθόμενοι,
2368 2336 2497 2409 ὅλην
2525 2339 2736 2396 ἑαυτῶν
2769 2344 3214 2412 μετατεθεικέναι
3256 2347 3360 2420 τὴν
3392 2349 3547 2423 μέρι·

1962 2441 2100 2495 μναν
2126 2427 2264 2497 πρὸς
2281 2427 2373 2482 τὸν
2392 2431 2658 2501 συρφετὸν
2686 2432 2780 2487 τοῦ
2807 2438 3107 2506 μαμμωνᾶ,
3134 2438 3234 2492 καὶ
3256 2439 3362 2512 τήν
3379 2442 3541 2513 ἀσχο-

1957 2517 2077 2572 λίαν
2104 2518 2210 2573 τῶν
2241 2521 2562 2593 πρατηρίων
2581 2540 2595 2553 ·
2630 2525 2681 2578 οἱ
2728 2526 2825 2597 μὲν
2866 2526 3022 2581 αὐτοὶ
3063 2529 3542 2603 συναλλάττοντες,

1956 2609 2007 2661 oi
2032 2608 2091 2663 δὲ
2124 2612 2414 2684 κεχηνότες
2439 2614 2521 2676 είς
2558 2613 2628 2668 τὰ
2662 2614 2947 2689 ἀλλότρια,
2993 2621 3089 2673 καὶ
3127 2620 3260 2687 τοὺς
3302 2625 3399 2681 ἐπὶ
3432 2628 3545 2691 τοῖς

1957 2697 2136 2765 ὠνίοις
2162 2688 2600 2771 φιλονεικοῦντας
2629 2708 2988 2782 ἱστοροῦντες,
3018 2712 3166 2777 ὅπως
3189 2713 3263 2770 τὰ
3291 2716 3546 2791 ἀλλήλων

1956 2792 2379 2859 ἐπευωνίζωσιν.
2424 2796 2585 2852 Ἀλλὰ
2617 2800 2877 2871 μετάθετε
2898 2820 2987 2875 μοι
3020 2802 3113 2859 τὸν
3135 2806 3304 2862 πόθον
3330 2810 3546 2885 setim

1969 2882 2292 2955 Ἐκκλησίαν
2308 2903 2323 2917 ·
2351 2888 2715 2960 καταλείψατε
2739 2892 2838 2964 τήν
2863 2892 3253 2969 φιλαργυρίαν,
3279 2898 3383 2971 τὴν
3413 2901 3545 2970 άγό·

1960 2988 2145 3044 ραιον,
2175 2974 2274 3049 τήν
2306 2979 2559 3048 μαινάδα.
2616 2981 3031 3057 Ἀποστράφητε
3070 2986 3247 3061 αὐτὴν
3287 2989 3369 3055 ὡς
3411 2993 3542 3047 ακο-

280 3073 429 3145 quite
450 3073 756 3136 avaritiam,
784 3072 929 3126 illam
976 3071 1500 3139 circumforaneum,
1541 3072 1684 3129 illam
1719 3089 1850 3128 mxe·
1881 3111 1926 3169 C
1960 3082 2096 3136 σμον
2126 3068 2392 3141 ἐταιρίδα,
2431 3071 2822 3144 προσγελῶσαν
2863 3075 2939 3148 τῷ
2976 3077 3194 3151 πλήθει,
3219 3084 3344 3147 ταῖς
3376 3083 3534 3138 ἀλλο·

279 3165 417 3221 nada
451 3178 466 3217 z
495 3164 826 3219 aversamini
888 3175 1140 3235 tanquam
1189 3174 1396 3235 turpem
1432 3164 1851 3232 meretriculam,

280 3253 602 3312 multitudini
633 3255 979 3321 arridentem,
1002 3256 1190 3312 alienis
1215 3266 1462 3312 ornatam
1500 3257 1849 3324 indumentis»,

279 3361 343 3401 ac
355 3343 625 3401 coloribus
653 3344 993 3418 pigmentarii
1013 3343 1266 3405 fucatam.
1280 3348 1503 3417 Contra,
1518 3348 1854 3406 antateditvi·

279 3450 403 3493 nam
434 3436 575 3491 iliam
602 3451 666 3491 ac
691 3436 912 3508 probam
938 3437 1319 3508 pudicamque,
1352 3440 1546 3493 decore
1576 3438 1847 3506 amictam,

277 3529 534 3600 vultuque
555 3529 703 3600 gravi
745 3543 807 3584 ac
835 3529 1097 3584 modesto.
1126 3528 1215 3584 Sic
1244 3531 1386 3583 euim
1416 3532 1491 3586 ait
1516 3531 1767 3587 Salomon
1794 3533 1847 3587 in

277 3622 412 3679 libro
437 3621 889 3678 Proverbiorum:
949 3620 1034 3677 Ne
1086 3623 1324 3678 dimittas
1383 3641 1521 3689 eam,
1581 3634 1726 3695 teque
1752 3623 1849 3678 illa

277 3726 458 3769 mutuo
482 3712 849 3783 complectetur
879 3729 898 3768 .·
930 3713 1090 3785 dilige
1122 3731 1257 3779 eam,
1299 3724 1348 3769 et
1395 3716 1649 3770 custodiet
1703 3725 1752 3769 te
1779 3715 1846 3768 ⁸⁸.

277 3805 394 3862 Noti
450 3821 547 3876 per
584 3815 951 3875 contemptum
1008 3808 1311 3875 praeterire,
1348 3822 1446 3861 nec
1477 3821 1596 3877 quae
1648 3805 1742 3861 tibi
1793 3806 1845 3861 in

275 3898 377 3954 hac
405 3912 587 3953 mensa
623 3896 992 3965 proponimus,
1019 3910 1085 3951 eo
1116 3898 1454 3964 aspernanda
1495 3905 1672 3966 putes,
1703 3897 1844 3965 quud

272 4006 336 4045 ca
369 3988 536 4058 gratis
586 3986 840 4053 consequi
894 3996 1064 4056 potes.
1121 3984 1224 4041 Sed
1265 4002 1329 4043 ro
1359 3990 1592 4059 gratiora
1632 3990 1742 4045 sint
1784 4005 1847 4046 ae

274 4078 444 4148 iringis
493 4079 1004 4147 expetatttur,quod
1042 4091 1145 4131 non
1195 4080 1477 4134 sedeamus
1535 4082 1841 4137 institorum

273 4184 424 4225 more
479 4184 602 4226 cum
663 4176 863 4224 statera
898 4179 954 4222 et
993 4169 1239 4223 trutina:
1294 4169 1613 4240 lucrumque
1655 4189 1839 4238 uuum,

269 4263 533 4318 auditoris
566 4276 629 4317 ac
664 4259 908 4331 discipuli
939 4261 1165 4316 salutem
1185 4276 1510 4331 quaeramus.

342 4353 501 4410 Lecta
542 4354 694 4409 nobis
715 4364 882 4410 estex
904 4353 1054 4408 Actis
1082 4355 1447 4421 apostolorum
1476 4353 1625 4410 Pauli
1647 4358 1713 4412 ad
1737 4357 1838 4413 Fe·

1954 3156 2136 3229 τρίαις
2167 3159 2322 3225 ὕλαις
2360 3161 2864 3238 καλλωπιζομένην,
2917 3168 3010 3222 καὶ
3056 3173 3172 3237 τοῖς
3215 3172 3405 3230 ἄνθεσι
3441 3177 3533 3231 τοῦ

1957 3251 2419 3329 φαρμακοπώλου.
2482 3255 2778 3329 Ἐράσθητε
2828 3259 3034 3334 ταύτης
3083 3261 3187 3336 τῆς
3239 3264 3391 3333 θείας
3432 3269 3521 3321 καὶ

1956 3332 2235 3412 σώφρονος
2259 3341 2598 3415 ἕσταλμένης
2639 3349 2883 3418 κοσμίως
2901 3391 2916 3418 ,
2946 3351 3145 3423 σεμνὸν
3170 3355 3273 3409 καὶ
3291 3355 3517 3430 &pssid-

1958 3446 2139 3502 ριστον
2171 3430 2495 3505 βλεπούσης.
2523 3432 2680 3492 Obsco
2699 3438 2809 3508 γὰρ
2865 3441 3126 3513 Σαλομὼν
3155 3445 3220 3499 ὲν
3240 3448 3310 3520 τῇ
3338 3464 3523 3520 παροι-

1956 3524 2126 3593 μιακῇ
2162 3522 2329 3596 βίὸλῳ
2357 3525 2521 3597 φησίν
2539 3543 2555 3560 ·
2586 3528 2685 3598 Μὴ
2712 3529 3158 3604 &natantum
3183 3538 3413 3608 αὐτὴν.
3436 3541 3534 3599 καὶ

1951 3611 2264 3677 ἀνθέξεταί
2279 3627 2417 3670 σου.
2458 3616 2765 3688 Ἐράσθητι
2790 3621 3002 3691 αὐτῆς,
3032 3625 3132 3679 καί
3157 3627 3416 3698 τηρήσει
3436 3649 3533 3687 σε.

1949 3699 2041 3770 Μὴ
2079 3700 2357 3775 παρέλθῃς
2382 3709 2823 3781 καταφρονήσας,
2855 3711 2991 3783 μηδὲ
3020 3714 3089 3768 τὰ
3118 3719 3247 3791 παρ’
3278 3720 3418 3792 ἡμῖν
3442 3724 3532 3777 ἐπὶ

1947 3791 2047 3863 τῆς
2095 3794 2374 3866 τραπέζης
2415 3797 2618 3870 ταύτης
2648 3802 3011 3873 προκείμενα,
3054 3806 3144 3862 διά
3183 3810 3344 3865 τοῦτο
3386 3814 3528 3867 αὐτὰ

1949 3880 2176 3955 νομίσῃς
2195 3881 2387 3954 ἄτιμα,
2412 3886 2598 3959 ἐπειδὴ
2629 3891 2829 3960 προῖκά
2857 3909 2940 3966 σοι
2961 3893 3169 3960 ἔξεστιν
3192 3896 3290 3970 τὴν
3314 3901 3513 3969 κτῆσιν

1949 3975 2435 4045 περιποιήσασθαι·
2485 3977 2622 4032 ἀλλὰ
2670 3982 2763 4036 καὶ
2797 3983 2998 4054 μᾶλλον
3043 3986 3386 4062 excesu-mv,
3418 3989 3503 4042 ὅτι

1945 4065 2007 4118 οὐ
2037 4065 2324 4136 καθήμεθα
2362 4068 2618 4141 κάπηλοι,
2654 4071 2817 4143 ζυγὸν
2855 4076 2888 4147 ἢ
2931 4079 3205 4153 τρυτάνην
3233 4078 3498 4155 φέροντες·

1945 4154 2002 4206 ἓν
2029 4155 2085 4210 δὲ
2115 4157 2301 4230 κέρδος
2336 4158 2628 4233 ζητοῦμεν,
2662 4165 2762 4238 τὴν
2783 4168 2878 4221 τοῦ
2908 4170 3154 4243 μαθητοῦ
3183 4173 3473 4248 σωτηρίαν.

2024 4348 2359 4423 Ἀνεγνώσθη
2398 4351 2527 4423 ήμίν
2568 4354 2631 4408 ὲκ
2667 4355 2774 4412 τῶν
2804 4358 3063 4431 Πράξεων
3111 4361 3330 4419 Παύλου
3360 4365 3519 4437 λόγος

270 4456 410 4501 stum
468 4460 533 4500 ac
572 4444 857 4514 Agrippam
894 4444 1067 4500 oratio
1090 4444 1136 4476 ⁸⁸
1166 4460 1180 4497 e
1206 4442 1377 4510 Pauli,
1411 4446 1659 4516 inquam,
1693 4446 1839 4503 illius
1875 4450 1918 4504 t)
1942 4443 2079 4516 πρὸς
2101 4444 2307 4517 Φῆστον
2330 4446 2423 4501 καὶ
2458 4449 2783 4522 Ἀγρίππαν,
2812 4454 3024 4509 Παύλου
3047 4456 3142 4511 τοῦ
3166 4456 3362 4513 πιστοῦ
3391 4460 3523 4514 ἁπο-

271 4548 323 4591 et
348 4533 517 4589 ildelis
544 4532 769 4603 apostoli
785 4543 840 4587 et
864 4531 1142 4602 prudentis
1166 4531 1419 4588 oratoris.
1447 4530 1635 4587 Vidisti
1657 4531 1835 4603 plane,

269 4626 502 4692 auditur,
527 4623 789 4693 siquidem
825 4622 1060 4677 aninmm
1085 4621 1383 4687 advertisti,
1423 4631 1482 4678 ut.
1507 4637 1606 4677 nec
1633 4622 1723 4678 ilie
1748 4640 1840 4679 ve-

271 4719 480 4773 ritatem
511 4731 576 4772 cx
607 4724 752 4769 metu
779 4714 1000 4786 prodat;
1041 4729 1106 4770 ac
1138 4713 1452 4784 obsequium
1482 4728 1609 4785 erga
1645 4715 1837 4785 Agrip-

270 4827 388 4880 pam
402 4807 666 4864 sermonis
679 4806 922 4861 libertate
936 4815 1255 4875 temperans.
1277 4806 1466 4860 durum
1481 4796 1707 4862 tribunal
1721 4808 1833 4879 (20)

269 4900 619 4970 «muinitiget,
671 4914 735 4952 ac
767 4897 832 4952 ad
885 4896 1157 4952 lenitatem
1206 4896 1487 4952 innectat:
1532 4914 1634 4952 non
1683 4898 1837 4954 aliter

268 5007 428 5061 quam
481 4991 525 5044 si
566 4990 770 5047 belluas
826 4988 1051 5060 aliquas,
1094 4988 1374 5056 orationis,
1413 4998 1471 5044 ut
1526 4989 1596 5045 ita
1637 4991 1831 5055 dicam,

269 5081 693 5138 contrectatione
722 5082 1050 5138 incantares.
1095 5076 1202 5135 Sed
1230 5090 1283 5135 et
1331 5079 1619 5137 Zacharias
1675 5084 1834 5139 bodie

268 5173 607 5240 prophetavit
651 5173 786 5245 (21),
812 5185 1126 5242 magnorum
1172 5171 1325 5228 nobis
1356 5170 1622 5244 Unigeniti
1652 5188 1835 5229 sacra-

371 5305 418 5337 ⁸⁸
451 5303 612 5361 liebr.
645 5321 727 5372 ut,
751 5307 802 5360 i.

334 5440 444 5513 (20)
487 5442 685 5496 Durum
719 5439 970 5508 tribunat,
1015 5439 1203 5512 τραχὺ
1245 5440 1570 5512 κριτήριον.
1589 5439 1679 5498 Sic
1704 5440 1830 5515 legit

267 5512 552 5580 interpres».
601 5527 722 5566 cum
781 5512 951 5566 reddit
999 5514 1159 5566 duros
1212 5517 1434 5567 animos.
1495 5511 1623 5566 Erat
1679 5526 1828 5568 certe

1946 4537 2151 4605 στόλου,
2205 4540 2297 4594 καὶ
2353 4540 2518 4612 σοφοῦ
2572 4543 2905 4620 δημηγόρου.
2963 4545 3117 4615 Εἶδες
3171 4551 3415 4617 πάντως,
3474 4545 3523 4606 ὧ

1942 4630 2234 4704 ἀκροατὴς,
2261 4634 2309 4685 εί
2334 4632 2424 4688 τὸν
2452 4633 2577 4689 νοῦν
2604 4637 2929 4710 ἐπέστησας,
2957 4642 3106 4706 ὅπως
3139 4642 3233 4697 καὶ
3256 4642 3356 4717 τὴν
3380 4643 3521 4716 ἀλή-

1944 4721 2093 4776 θειαν
2119 4723 2179 4777 οὐ
2208 4724 2528 4797 προδίδωσιν
2560 4729 2625 4784 ὲκ
2646 4729 2865 4798 δειλίας,
2896 4732 2990 4787 καὶ
3007 4734 3107 4806 τὴν
3128 4734 3267 4808 πρὸς
3300 4736 3523 4810 Ἀγρίπ-

1944 4828 2054 4865 παν
2082 4811 2383 4882 θεραπείαν
2426 4817 2493 4887 τῇ
2545 4819 2829 4891 παρρησίᾳ
2886 4822 3147 4893 κεράσας,
3179 4823 3241 4876 τὸ
3277 4823 3519 4896 βραχὺ”

1943 4904 2223 4975 κριτήριον
2260 4905 2593 4976 ὲκμαλάσσει
2624 4909 2760 4981 πρὸς
2782 4911 3108 4986 ἀγαθότητα,
3134 4913 3325 4987 ὥσπερ
3350 4915 3519 4988 θηρία

1941 4991 2063 5046 τινὰ
2089 4993 2407 5066 κατεπᾴδων
2436 4998 2554 5060 ταῖς
2574 4995 2668 5050 τοῦ
2691 4998 2850 5066 λόγου
2876 5002 3341 5073 μεταχειρήσεσιν.
3373 5002 3519 5074 Προ-

1941 5082 2239 5153 εφήτευσεν
2264 5084 2360 5137 καὶ
2384 5084 2624 5158 σήμερον
2647 5087 2939 5161 Ζαχαρίας,
2967 5088 3075 5143 τῶν
3100 5089 3353 5160 μεγάλων
3382 5092 3517 5164 ημῖν

1944 5173 2257 5243 μυστηρίων
2308 5173 2404 5228 τοῦ
2447 5176 2786 5246 Μονογενοῦς
2835 5180 3140 5249 ὑπανοίγων
3185 5181 3282 5253 τήν
3317 5181 3511 5252 θύραν,

895 5305 939 5337 ⁸⁸
967 5304 1123 5361 Prov.
1151 5320 1225 5370 tv.
1261 5303 1313 5360 6.
1388 5305 1574 5361 ⁸‘Act.
1607 5321 1732 5370 xxv,
1769 5307 1803 5361 8
1825 5324 1974 5379 sqq.;
1996 5322 2143 5368 xxvi.
2174 5307 2353 5378 2sqq.
2430 5311 2474 5344 ⁸’
2509 5311 2635 5385 Leg.
2670 5331 2865 5385 τραχυ.

1939 5442 2112 5510 tisset,
2145 5452 2202 5497 ut
2230 5447 2352 5500 Act.
2383 5462 2506 5502 xxv.

2005 5511 2117 5581 (zt)
2157 5509 2445 5570 Zacharias
2483 5518 2634 5572 hodie
2679 5521 3028 5589 prophetavit.
3071 5517 3161 5577 uu
3196 5521 3396 5589 Latini.
3431 5529 3510 5584 sic

268 5581 455 5639 Festus
486 5581 652 5636 Paulo
679 5582 846 5635 durus
872 5582 1056 5650 iudex,
1091 5583 1180 5651 qui
1214 5582 1400 5637 volens
1432 5582 1662 5654 gratiam
1696 5597 1830 5651 prae·
1932 5591 1987 5635 et
2033 5579 2206 5638 Graeci
2250 5587 2533 5656 praecipuis
2585 5591 2885 5658 quibusque
2943 5591 3326 5648 festivitatibus
3376 5614 3509 5652 suas

267 5661 408 5707 stare
433 5651 650 5718 Jmtaeis,
685 5651 886 5706 eisdem
934 5649 1152 5706 Panium
1186 5652 1479 5707 traditurus
1528 5661 1667 5718 erat,
1722 5652 1825 5706 nisi
1935 5652 2193 5707 lectiones
2227 5654 2444 5720 babent,
2513 5671 2576 5712 ac
2631 5658 3034 5731 ἀναγνώσματα
3083 5673 3147 5716 ex
3197 5661 3520 5734 sosipatre,-

268 5724 378 5792 ipse
417 5721 732 5793 appellando
769 5720 1057 5786 Caesarem,
1104 5721 1342 5791 iniquum
1370 5732 1624 5778 conatum
1673 5736 1829 5778 aver·

1928 5720 2079 5789 juxta
2133 5724 2274 5794 quod
2330 5724 2450 5780 sesti
2506 5728 2641 5783 ratio
2681 5733 2889 5785 videtur
2934 5731 3171 5802 exigere,
3233 5733 3505 5807 praecipue
