3725 6125
1288 297 1567 358 PATnEs
1605 297 1913 356 AEGYPTU
1955 297 2228 358 sAEcht
2269 297 2356 355 tv,

238 422 423 477 ritate.
466 416 559 478 sin
606 416 811 478 frater,
863 425 916 470 et
956 423 1175 484 propter
1219 414 1387 470 Deum
1427 418 1624 494 quaerit
1666 416 1809 488 apud
1837 420 1886 476 A
1914 415 2096 472 cibum
2124 424 2404 502 capturus,
2434 412 2707 482 intelligis
2749 411 2977 467 ibidem
3017 411 3302 468 mulierem
3332 416 3389 471 ad

235 521 290 589 ιε
316 509 603 581 hospitari,
626 523 694 563 ne
717 518 934 562 avertas
960 505 1155 561 faciem
1181 517 1327 561 tuam
1353 510 1421 563 ab
1447 526 1536 574 eo,
1558 510 1653 565 sed
1682 525 1806 565 cum

235 604 427 661 laetitia
459 603 608 658 illum
642 600 878 669 suscipe,
915 610 969 655 et
998 615 1120 655 cum
1165 600 1415 657 iideiibns
1447 604 1538 673 qui
1574 604 1717 673 apud
1759 612 1809 658 te

233 695 590 757 diverterunt,
623 691 870 747 admitte.
902 689 961 746 Si
1002 692 1285 748 mendicus
1309 702 1412 759 est,
1458 710 1686 749 vacuum
1714 695 1810 750 abs

233 801 285 846 te
325 803 393 844 ne
422 787 717 852 dimiseris,
750 787 846 842 sed
882 785 1320 843 benedictionem
1348 803 1510 858 quarn
1542 788 1634 845 tibi
1670 787 1810 843 Dens

235 880 381 936 dedit
417 878 620 949 aliquid
656 878 958 948 impertire,
996 886 1053 932 ut
1080 878 1327 935 ‹ieciares
1367 893 1431 934 ea
1476 893 1596 948 qna:
1619 880 1809 945 habes,

232 988 336 1027 nnn
377 985 500 1027 esse
542 980 656 1037 tua,
700 971 795 1026 sed
831 972 972 1025 dona
1007 969 1123 1025 Dei.
1158 970 1216 1026 Si
1250 971 1419 1027 irater
1443 972 1585 1042 apud
1631 980 1681 1026 tc
1713 971 1814 1026 ali·

231 1063 362 1133 qnid
395 1062 731 1135 deposuerit,
778 1061 905 1117 iliud
951 1077 1020 1118 ne
1059 1063 1300 1133 aperias,
1341 1064 1442 1119 nisi
1492 1065 1606 1135 ipse
1644 1063 1809 1120 adsit.

233 1154 291 1209 Si
324 1155 622 1224 pretiosum
652 1153 855 1223 aliquid
889 1153 1052 1221 inest,
1089 1154 1172 1209 dic
1218 1153 1267 1210 ei
1301 1166 1359 1210 ut
1397 1156 1449 1210 id
1495 1164 1723 1227 reponat
1758 1156 1811 1211 in

234 1261 395 1301 mann
429 1255 540 1300 tua.

305 1336 392 1390 tv.
436 1337 493 1392 Si
543 1351 767 1408 peregre
797 1336 1160 1406 'proficiscens
1197 1338 1483 1396 diverteris
1525 1342 1662 1411 apud
1712 1342 1812 1396 ali-

232 1441 429 1495 quent,
461 1435 516 1480 et
561 1425 650 1480 iiie
694 1426 854 1482 domo
886 1426 1218 1497 egrediatur,
1270 1437 1325 1485 et
1370 1439 1420 1484 te
1449 1429 1621 1486 solutn
1652 1432 1812 1486 relin-

234 1526 396 1585 quat,
439 1517 624 1572 oculos
671 1524 790 1572 tuos
831 1532 901 1572 ne
943 1519 1247 1584 sustuleris,
1281 1530 1373 1587 ut,
1408 1537 1530 1592 quae
1558 1522 1632 1576 ibi
1661 1533 1817 1587 sunt,

236 1624 362 1665 vasa
406 1619 461 1665 et
500 1608 886 1680 supellectilem
939 1601 1194 1682 aspicias.
1251 1612 1564 1669 fenestram
1599 1625 1692 1672 aut
1731 1632 1821 1671 ar·

235 1717 354 1758 cam
395 1713 490 1760 aut
521 1704 716 1760 librum
764 1704 1022 1773 aperias„
1053 1721 1205 1763 cave.
1251 1707 1402 1763 illum
1439 1719 1616 1770 autem
1662 1726 1820 1782 cgrc-

235 1794 470 1850 dientem
502 1809 597 1849 ora
619 1833 635 1857 ,
661 1804 717 1849 et
739 1794 785 1850 si
817 1794 1019 1865 aliquid
1052 1796 1145 1853 tibi
1175 1800 1355 1865 operis
1384 1803 1736 1868 commiserit,
1770 1804 1821 1860 id

227 1885 403 1940 'incito
437 1883 743 1955 diligenter.
784 1882 1058 1956 incognita
1093 1902 1160 1943 ne
1193 1886 1453 1945 laudaris.
1485 1890 1615 1957 Quae
1662 1894 1820 1950 autli-

240 1976 409 2042 νει-ξε,
435 1989 498 2030 ea
523 1990 797 2045 nunquam
821 1987 966 2031 certa
990 1987 1155 2050 atque
1184 1992 1469 2052 perspecta
1496 1998 1563 2038 ne
1590 1982 1823 2049 ailirma·

242 2068 406 2123 veris.
445 2065 726 2133 Neminem
761 2079 981 2139 propter
1013 2071 1258 2128 habitum
1291 2082 1596 2136 contemne.
1632 2076 1690 2131 Si
1739 2078 1822 2138 vel

241 2173 436 2229 aquam
467 2159 678 2226 hauris,
708 2161 793 2217 vel
818 2162 964 2218 aliud
991 2164 1268 2235 quidpiam
1304 2167 1424 2223 usui
1452 2168 1821 2224 necessarium

241 2252 379 2324 agis,
415 2266 482 2307 ne
513 2253 589 2308 sis
605 2247 922 2324 negligens,
956 2255 1050 2311 sed
1075 2271 1105 2310 a
1139 2255 1248 2312 Deo
1284 2266 1335 2313 te
1366 2255 1822 2330 co'nspicirccor·

230 2344 389 2398 dare.
421 2342 554 2398 Si-in
582 2342 714 2399 cella
743 2351 832 2399 tua
868 2359 1028 2400 vacas
1050 2338 1387 2415 precationi,
1410 2363 1542 2405 cave
1570 2348 1622 2405 id
1651 2349 1823 2404 iacias

241 2436 592 2508 negligenter,-
625 2451 714 2505 ne,
750 2437 878 2492 dum
911 2438 996 2493 vis
1033 2438 1199 2494 Deum
1245 2438 1518 2497 bonorare
1541 2482 1557 2506 ,
1592 2455 1715 2497 eum
1756 2444 1822 2497 ad

240 2528 578 2583 iracundiam
610 2542 909 2597 provoces3
948 2528 1043 2585 sed
1077 2536 1160 2584 sta
1190 2530 1243 2584 in
1280 2531 1475 2591 timore
1504 2532 1599 2594 Dei
1624 2552 1638 2589 ε
1668 2550 1735 2590 ne
1773 2545 1825 2594 te

240 2619 413 2687 ipsum
459 2618 523 2672 ad
573 2618 834 2688 parietem
868 2618 1128 2686 inclines;
1184 2633 1252 2676 ne
1297 2620 1370 2675 ita
1418 2629 1627 2678 statuas
1662 2624 1825 2694 pedes

246 2718 404 2775 ιιιᾳε,
456 2717 524 2764 ut·
560 2709 613 2763 in
652 2725 758 2765 uno
789 2719 935 2777 stes,
971 2721 1029 2768 et
1071 2711 1302 2774 aiterum
1338 2712 1529 2779 tollas,
1570 2723 1629 2768 ut
1672 2713 1823 2768 stulti

248 2799 470 2855 faciunt.
510 2800 617 2856 Cor
646 2811 792 2857 tuum
833 2803 905 2858 ita
937 2802 1240 2871 confirma,
1269 2818 1339 2861 ne
1364 2804 1608 2860 ambula-s
1647 2805 1699 2859 in
1733 2821 1824 2861 vo-

248 2894 453 2950 l‘nntate
484 2901 596 2960 tua,
632 2903 690 2956 ut
714 2895 1041 2956 sacrificium
1067 2903 1216 2951 tuum
1251 2897 1362 2952 Deo
1387 2897 1456 2953 sit
1485 2907 1737 2968 gratum.
1763 2897 1821 2954 Si

246 2981 477 3052 psallitis
528 2984 671 3039 iuter
700 3000 796 3041 vos
818 3025 832 3050 ,
877 3000 1068 3055 preces
1095 2987 1325 3055 quisque
1362 3002 1490 3042 suas
1527 2986 1820 3057 persolvat.

1917 523 2069 573 ram,
2107 522 2175 562 ne
2214 507 2499 563 considens
2524 506 2644 560 ullo
2689 505 2903 562 modo.
2941 502 3146 560 Satius
3174 506 3312 559 enim
3347 522 3393 562 es

1913 615 2038 655 eum
2070 600 2162 669 qui
2197 608 2251 656 te
2275 597 2553 666 invitavit,
2587 598 2904 662 offendas,
2934 613 3116 667 quam
3146 609 3207 653 ut
3233 600 3392 656 occult·

1917 698 2073 744 tuum
2105 688 2412 746 committat
2441 689 2833 754 adulterium.
2865 686 2961 745 Ne
2994 694 3187 744 veste·
3213 689 3393 760 quidm

1918 781 2114 836 iicrum
2139 824 2155 848 ,
2189 782 2235 838 si
2265 781 2379 837 fleri
2416 789 2600 852 potest
2622 820 2639 847 ,
2695 780 3004 851 aspicias.
3049 779 3118 835 Si
3164 789 3221 837 te
3249 781 3393 838 matie·

1921 872 2209 929 facientem
2261 873 2628 939 salutaverit,
2681 871 3007 943 responde
3056 869 3141 925 illi
3174 869 3229 925 itt
3261 871 3384 926 eorde

1917 964 2013 1019 sed
2042 963 2229 1021 oculos
2263 966 2409 1020 humi
2441 965 2661 1022 defixos
2722 973 2889 1020 tene.
2941 962 3014 1022 Si
3072 978 3204 1019 cum
3238 964 3389 1019 miore

1919 1053 2077 1119 facis,
2107 1056 2400 1122 sarcinam,
2434 1056 2481 1112 si
2520 1072 2647 1126 quae
2685 1055 2953 1112 serenda
2989 1065 3126 1121 est,
3163 1056 3392 1111 ucciandi

1916 1148 2140 1204 omnino
2196 1157 2428 1218 gestare.
2481 1149 2586 1204 Sin
2621 1132 2897 1217 :equales
2935 1148 3101 1212 estis
3125 1187 3141 1212 ,
3173 1150 3393 1204 enm*

1918 1240 2100 1295 cissim
2130 1249 2339 1312 gestate
2362 1281 2377 1307 ‚
2412 1242 2485 1298 ita
2522 1251 2721 1305 tamen
2747 1285 2766 1311 ‚
2809 1253 2881 1298 ut
2923 1257 3168 1313 semper
3193 1250 3393 1311 cmm

1918 1332 2093 1390 cedat.

2522 1421 2823 1479 onATto
2868 1423 2972 1479 lv.

2274 1515 2409 1579 Quid
2450 1516 2510 1567 in
2551 1516 2766 1570 itinere
2807 1518 3239 1570 observandum.

1994 1608 2034 1660 l.
2079 1607 2159 1673 Si,
2201 1624 2323 1663 cunt
2357 1608 2461 1662 iter
2499 1605 2698 1661 facitis
2722 1650 2740 1673 ,
2791 1616 2894 1663 est
2932 1607 3144 1688 aliquis
3173 1609 3296 1663 inter
3324 1624 3393 1662 tc:

1928 1701 2187 1767 beciliior,
2233 1700 2396 1754 sinite
2444 1698 2601 1755 illum
2660 1700 2956 1768 praeire,
2981 1712 3044 1755 ut
3097 1701 3143 1755 si
3183 1704 3342 1755 sedere
3370 1719 3392 1753 r.

1927 1792 2113 1861 possit.
2165 1790 2259 1848 Sin
2306 1787 2504 1845 iterum
2553 1789 2916 1861 contingit,
2965 1806 3098 1847 cum
3143 1792 3392 1861 juniorets'

1928 1880 2081 1939 vobis
2118 1882 2353 1953 primum
2395 1882 2461 1935 ad
2506 1895 2784 1937 mensam
2843 1882 3301 1941 discumbendum
3328 1885 3389 1942 sit.

1927 1991 2119 2040 manus
2148 1976 2213 2031 ad
2246 1974 2486 2046 patinam
2531 1974 2928 2033 admovenda
2949 2018 2969 2045 ,
3000 1978 3173 2034 semel
3198 1977 3245 2033 id
3266 1979 3393 2044 fade,

1925 2067 1970 2125 εἰ
2016 2077 2143 2124 ante
2186 2068 2375 2124 boram
2411 2069 2792 2125 accesseritis
2816 2112 2837 2137 ,
2894 2072 3301 2141 perturbemini.
3339 2070 3393 2126 ve

1927 2160 1972 2216 si
2013 2160 2134 2229 quis
2168 2174 2308 2213 nunc
2353 2157 2563 2226 primus
2599 2158 2989 2230 ingreditur,
3037 2161 3178 2217 alius
3199 2162 3306 2217 astas
3330 2161 3393 2230 pri

1930 2246 2277 2324 ingrediatur.
2317 2248 2375 2305 St
2413 2250 2480 2305 de
2523 2250 3018 2321 cogitationibus
3059 2253 3393 2310 tuissent-in

1927 2359 2108 2414 rogas,
2139 2352 2194 2400 et
2234 2358 2355 2399 eum
2388 2342 2454 2398 ad
2482 2357 2545 2398 ea
2593 2358 2736 2415 quae
2795 2345 3038 2403 dixeris
3071 2344 3393 2403 custodiam

1930 2437 2031 2491 iem
2061 2450 2180 2491 esse
2224 2435 2584 2507 cognoveris,
2630 2420 2924 2494 animum
2975 2439 3064 2498 ilii
3112 2450 3241 2494 tuum
3260 2438 3393 2505 lilim}

1932 2524 2166 2580 teracito.
2204 2524 2259 2580 Si
2302 2523 2486 2580 fratris
2528 2525 2615 2580 tui
2665 2536 3007 2594 peccatum
3054 2531 3306 2592 audireris,
3337 2526 3393 2580 iit

1925 2616 2059 2672 mini
2109 2616 2567 2681 cotnmunicaris;
2631 2628 2733 2674 est
2794 2621 2972 2677 enim
3033 2638 3176 2679 mors
3212 2630 3287 2674 tua.
3327 2615 3374 2670 Si

1928 2708 2345 2779 cogitationibus
2374 2707 2581 2779 quibus
2611 2714 3031 2784 oppugnaris,
3065 2714 3213 2785 aliqui
3233 2710 3392 2780 colhem

1930 2810 2037 2866 tur,
2065 2816 2158 2857 eos
2194 2816 2260 2857 ne
2290 2815 2447 2856 cures
2473 2800 2684 2858 audire
2709 2842 2731 2871 ,
2776 2821 2864 2862 ne
2908 2808 3018 2864 tibi
3062 2808 3238 2864 bellurn
3261 2804 3393 2860 uniet

1928 2892 2171 2949 Orationi
2205 2892 2515 2962 frequenter
2552 2892 2906 2965 incumbe3
2960 2915 3083 2954 nam
3106 2900 3274 2953 anime
3306 2907 3384 2949 tua

1927 2994 2013 3041 est
2034 2984 2226 3040 oratio.
2261 2983 2513 3052 Quotidie
2541 2974 2680 3055 'quoe
2712 2993 3101 3060 peccaveris,
3132 2990 3310 3063 augur,
3332 2999 3392 3043 ete

246 3077 299 3134 Si
345 3078 664 3147 peregrinus
702 3079 898 3147 aliquis
921 3079 1096 3144 adest,
1127 3089 1312 3150 rogate
1335 3081 1484 3136 illum
1525 3096 1647 3136 cum
1688 3082 1820 3136 cita·
1852 3097 1894 3154 (3
1928 3077 1974 3135 si
2005 3090 2103 3146 pro
2143 3076 2378 3145 peccatis
2419 3076 2523 3131 tuis
2555 3079 3031 3150 deprecaberis,
3065 3083 3195 3140 Dens
3216 3098 3267 3138 ea
3292 3081 3393 3136 tibit

246 3171 426 3234 ritate,
458 3175 519 3221 ut
546 3181 611 3221 eo
642 3167 758 3238 ipse
784 3183 1006 3225 munere
1025 3167 1300 3241 fungatur,
1327 3172 1489 3242 idque
1528 3171 1601 3230 illi
1631 3172 1820 3228 iterum

245 3276 310 3316 ac
346 3260 506 3315 tertio
538 3258 703 3316 dicite
744 3259 865 3318 sine
892 3262 1255 3321 contentione.
1288 3258 1349 3319 lu
1376 3263 1515 3319 bora
1563 3262 1824 3321 sacrificii

247 3355 436 3411 tesiste
466 3351 914 3421 cogitationibus,
960 3362 1018 3410 ut
1060 3369 1251 3412 sensus
1297 3365 1419 3413 tuos
1447 3356 1730 3425 cpntinens
1769 3356 1825 3415 in

242 3463 429 3509 amore
461 3447 574 3514 Dei,
621 3447 891 3527 mysteriis
929 3448 1124 3527 dignus
1152 3447 1406 3507 efficiaris
1427 3489 1443 3515 ,
1483 3457 1538 3503 ct
1568 3449 1823 3506 Dominus

244 3553 363 3597 tnas
394 3551 549 3598 curet
580 3540 948 3612 aegritudines.
995 3538 1166 3606 Cave,
1210 3554 1278 3595 ne
1326 3556 1524 3618 corpus
1575 3551 1721 3596 tuum
1768 3546 1821 3597 in

242 3632 798 3701 sordibus·at›jectum
834 3631 1146 3702 relinquens
1177 3632 1245 3688 ab
1272 3632 1419 3687 inani
1464 3631 1632 3704 gloria
1664 3634 1824 3690 sedu-

244 3725 407 3780 caris.
448 3723 549 3791 Qui
587 3723 773 3793 junior
802 3731 914 3790 est,
949 3737 1146 3793 corpus
1180 3724 1234 3778 in
1269 3724 1418 3780 omni
1465 3725 1699 3796 negligat
1729 3724 1824 3782 de-

244 3816 553 3882 sortnitate3
585 3816 637 3870 id
660 3816 802 3871 enim
830 3815 906 3870 illi
940 3817 1177 3890 prodest.
1206 3816 1305 3885 Qui
1327 3815 1513 3885 junior
1541 3826 1643 3883 est,
1680 3832 1819 3870 nun-

244 3921 403 3979 qnam
435 3907 720 3975 pulchrum
762 3907 951 3963 induat
985 3908 1390 3972 vestimentum,
1437 3906 1726 3990 nisi‚prius
1754 3909 1821 3968 ad

243 3995 453 4050 virilem
488 4005 698 4050 aetatem
723 3996 1033 4066 pervenerit
1066 4014 1081 4051 ε
1124 3998 1225 4052 bac
1254 3997 1397 4050 enim
1432 4005 1555 4067 eget
1589 3995 1676 4051 ille
1706 4010 1822 4051 me-

244 4087 443 4141 dicina.
477 4086 557 4141 Ad
590 4089 804 4143 tertium
831 4105 1001 4160 usque
1029 4089 1317 4161 cyathum,
1338 4088 1381 4141 si
1414 4088 1466 4142 id
1500 4089 1822 4144 valetudinis

246 4180 382 4235 ratio
405 4179 659 4250 postulat,
689 4180 871 4234 vinnm
897 4181 1068 4235 bibat.
1104 4178 1301 4233 Dentes
1330 4178 1381 4232 in
1408 4178 1518 4234 risu
1546 4194 1818 4255 nunqnam

245 4273 477 4342 aperiat.
524 4271 738 4326 Facient
790 4270 944 4327 humi
1000 4284 1112 4345 prae
1158 4267 1483 4324 verecundia
1528 4254 1818 4324 demissam

247 4371 443 4417 teneat.
474 4363 649 4417 iturus
675 4360 916 4417 cubitum
959 4376 1093 4416 zona
1131 4376 1226 4416 sua
1255 4361 1579 4433 praecinctus
1608 4361 1699 4416 sit.
1731 4360 1822 4416 Sic

1933 3169 2174 3227 donabit.
2210 3166 2266 3224 Si
2296 3168 2419 3239 quis
2454 3182 2650 3224 curam
2680 3179 2748 3228 te
2775 3173 3053 3245 loquitur
3074 3178 3299 3232 adversus
3315 3173 3393 3227 tritt

1931 3276 2087 3318 suum
2109 3303 2135 3329 „
2160 3276 2290 3319 cave
2323 3270 2504 3333 taceas
2537 3275 2659 3333 prae
2697 3267 2972 3336 pudore,
3012 3279 3110 3325 aut
3139 3269 3207 3325 illi
3228 3268 3393 3323 amun

1934 3369 1999 3408 ne
2030 3367 2223 3423 pecces
2251 3352 2512 3408 adversus
2555 3352 2750 3411 Deum
2793 3376 2811 3414 ε
2850 3363 2966 3417 sed
3003 3378 3131 3418 cum
3148 3360 3393 3418 bumilitate«

1932 3446 2154 3518 Ignosce
2191 3445 2354 3513 milti,
2391 3443 2587 3512 irater,
2643 3446 2874 3508 infelix
2910 3466 3028 3526 ego
3055 3452 3392 3520 semathei

1932 3540 2170 3608 loqueris
2199 3553 2317 3593 mea
2344 3546 2490 3598 sunt,
2534 3547 2590 3593 et
2624 3555 2703 3595 ea
2751 3543 2924 3601 set-re
2957 3564 3073 3604 non
3105 3539 3392 3618 possead&

1935 3640 2015 3686 tcr
2053 3642 2105 3686 te
2139 3629 2355 3697 laeserit,
2382 3638 2437 3685 et
2464 3628 2676 3698 aliquis
2716 3634 2800 3690 de
2833 3637 2939 3694 illo
2970 3656 3163 3694 coram
3189 3631 3393 3695 temni&

1935 3722 2024 3785 rit.
2057 3737 2153 3779 cor
2183 3731 2332 3777 tuum
2370 3722 2607 3786 custodi,
2646 3740 2731 3781 ne
2785 3731 3023 3786 malitia
3056 3733 3115 3788 in
3144 3748 3207 3788 eo
3242 3728 3367 3784 μα’

1931 3826 1983 3873 ει
2009 3826 2352 3885 peccatorum
2377 3821 2595 3869 tuorum
2625 3816 2691 3871 in
2722 3819 2832 3877 Dei
2860 3836 3180 3896 conspectu
3203 3817 3362 3880 Μ

1934 3916 1992 3961 ut
2030 3906 2277 3977 ignoscat
2309 3905 2425 3960 tibi.
2476 3903 2560 3959 Ne
2594 3909 2827 3967 malum
2880 3932 2995 3985 pro
3031 3916 3174 3973 mato
3206 3911 3382 3994 irim?

1934 3998 2079 4052 ximo
2110 4007 2202 4051 tuo
2225 3998 2291 4050 ¹¹.
2318 3995 2375 4051 Si
2405 4011 2526 4051 cum
2572 3994 2879 4060 fratribus
2927 4007 3141 4076 ignotis
3167 3998 3392 4076 tequea-⁵⁵¹1·-

1932 4088 2033 4146 bus
2061 4089 2164 4143 itct·
2205 4086 2362 4152 faciS,
2395 4103 2487 4144 eos
2526 4097 2588 4143 ut
2620 4091 2904 4162 majores
2942 4100 3175 4158 honora,
3210 4084 3392 4165 Quodsi&

1932 4182 2168 4236 amicum
2207 4189 2357 4235 tuum
2385 4178 2713 4249 diverteriS,
2751 4203 2866 4245 eos
2897 4193 3010 4249 tibi
3045 4174 3392 4248 omnibusnretx

1930 4281 2218 4343 antepone,
2246 4283 2305 4328 ut
2333 4281 2388 4328 et
2419 4273 2471 4327 in
2500 4288 2707 4331 mensa
2737 4281 2920 4349 prius
2947 4286 3264 4345 discumbant,
3282 4268 3393 4340 &9¹³³

1933 4364 2069 4420 cibis
2129 4379 2324 4420 manus
2370 4367 2712 4425 admoveant
2738 4413 2758 4438 ,
2818 4391 2905 4432 ne
2961 4390 3170 4450 propter
3207 4385 3245 4429 te
3273 4374 3392 4427 sust*

246 4463 525 4509 assuescat
557 4468 750 4509 manus
774 4495 790 4519 ,
845 4469 914 4518 ne
956 4455 1100 4510 intro
1149 4453 1411 4509 serantur.
1462 4451 1624 4509 Multa
1674 4453 1817 4509 enim
1856 4456 1896 4510 D
1926 4454 2091 4510 fnisse
2122 4455 2432 4522 videantur,
2464 4455 2559 4512 sed
2588 4470 2809 4519 contra
2866 4471 3099 4538 potius,
3134 4482 3201 4524 ens
3226 4462 3393 4516 mm&

173 4542 182 4551 “
247 4543 410 4599 babet
436 4558 630 4614 corpus
661 4545 823 4610 vitia,
873 4558 994 4613 quae
1026 4542 1234 4613 perlicit
1272 4545 1505 4600 animus.
1539 4543 1593 4598 ln
1629 4542 1823 4600 itinere

250 4643 480 4696 tantum,
513 4650 618 4691 non
653 4646 834 4692 autem
889 4635 942 4688 in
980 4632 1115 4688 cella
1152 4635 1454 4691 sandalium
1493 4635 1653 4692 serat.
1688 4636 1823 4696 Cum

246 4725 508 4790 ambulat,
543 4740 737 4780 manns
763 4728 830 4780 ad
857 4740 1049 4786 zonam
1072 4724 1214 4780 inter
1248 4741 1307 4782 se
1335 4727 1654 4796 conjunctas
1683 4743 1827 4784 cont-

247 4825 432 4882 ponat,
460 4832 634 4886 neque
663 4816 781 4872 ilias
813 4815 1114 4883 concutiat,
1146 4825 1204 4870 ut
1240 4818 1417 4881 solent
1461 4820 1711 4877 bomine-s
1742 4836 1826 4877 so·

246 4907 488 4963 tutiores.
525 4907 581 4964 Si
625 4924 745 4963 cum
795 4908 1090 4978 tnajoribus
1121 4908 1227 4964 iter
1264 4909 1418 4974 facit,
1452 4926 1519 4966 ne
1554 4912 1825 4982 praecedat

241 4999 481 5055 omnino.
511 5000 565 5054 Si
596 5001 642 5056 is
665 5000 753 5070 qui
783 4999 957 5070 maior
979 5010 1084 5065 est,
1113 5000 1378 5068 consistit,
1411 5011 1463 5056 ει
1490 5018 1613 5059 cum
1637 5003 1819 5072 aliquo

244 5095 501 5164 loquitur,
541 5103 594 5148 tu
630 5110 698 5150 ne
727 5102 1051 5159 contemne,
1089 5104 1186 5149 aut
1216 5095 1474 5163 conside,
1502 5097 1599 5151 sed
1636 5096 1821 5151 tandin

241 5195 347 5249 sta,
383 5186 559 5255 quoad
592 5183 681 5239 ille
713 5185 840 5255 quid
873 5185 969 5242 tibi
1013 5186 1278 5257 agendum
1319 5186 1427 5254 sit,
1462 5186 1628 5243 dicat.
1677 5186 1731 5244 Si
1766 5190 1821 5245 in

244 5277 520 5332 civitatem
551 5286 643 5332 aut
668 5275 849 5331 vicum
881 5277 1270 5347 proficisceris,
1297 5278 1437 5336 oculi
1467 5280 1543 5335 tui
1568 5279 1845 5339 deorsum·

244 5367 550 5437 aspiciant,
580 5384 646 5424 nc
678 5368 996 5426 ltostes.tibi
1036 5373 1088 5427 in
1136 5371 1270 5427 cella
1300 5373 1554 5429 suscites.
1589 5371 1822 5445 Peregre

242 5460 597 5533 proficiscens
640 5478 707 5517 ne
740 5464 978 5520 dormias
1022 5464 1074 5519 in
1123 5463 1447 5536 cujusquam
1481 5468 1677 5533 domo,
1728 5465 1818 5519 ubi

243 5570 338 5608 cor
365 5553 570 5622 pcccati
611 5555 910 5624 pericnlum
945 5554 1278 5614 reformidet.
1315 5557 1372 5613 Si
1401 5556 1586 5626 aliquo
1619 5557 1672 5611 in
1702 5556 1820 5613 loco

308 5709 349 5743 ¹¹
395 5709 555 5771 Rom.
599 5712 771 5782 xtt‚'i.

1930 4549 2158 4605 ostende
2197 4558 2248 4603 te
2286 4556 2507 4619 propter
2554 4547 2690 4606 illos
2750 4560 3178 4618 misericordias
3208 4543 3393 4609 affl

1931 4638 1987 4695 Si
2012 4638 2326 4695 cumfratre
2354 4647 2409 4694 te
2437 4639 2491 4692 in
2513 4638 2667 4694 viam
2701 4646 2995 4717 dederis,
3022 4632 3306 4708 aankustibi
3325 4629 3393 4681 ine

1931 4735 2000 4787 rit
2029 4731 2378 4795 invisendus,
2426 4744 2660 4784 causatu
2717 4743 2905 4805 aperi
2949 4738 3270 4799 s1-2331m,et
3290 4721 3392 4781 dxci

1932 4825 2197 4893 tantisper
2224 4831 2283 4877 ut
2310 4821 2518 4877 sedeat.
2552 4821 2722 4889 Quod
2751 4829 2806 4884 εἰ
2853 4841 2919 4889 te
2948 4836 3234 4896 amicus,ut
3249 4817 3393 4878 contet!

1928 4916 2201 4989 coegerit,
2228 4929 2359 4971 cave
2388 4929 2455 4969 ne
2486 4915 2620 5000 quid
2671 4933 2742 4973 os
2792 4930 2977 4982 tunm
3010 4923 3305 4998 ingrediatur
3345 4928 3392 4980 pr

1928 5026 2087 5081 quam
2118 5009 2349 5063 advoces
2379 5004 2602 5061 fratrem
2658 5019 2870 5078 tuum,
2924 5027 2992 5072 nt
3037 5012 3193 5072 simui
3219 5009 3387 5081 quiesra

1928 5111 2225 5158 recreetur.

1996 5191 2060 5248 ll.
2104 5192 2160 5246 Si
2184 5206 2305 5247 cunt
2334 5189 2577 5268 pluribus
2600 5189 2903 5257 fratribus
2933 5201 3049 5255 iter
3064 5201 3319 5271 ingressus
3343 5186 3392 5241 itt-¹

1926 5294 1980 5339 et
2015 5285 2222 5354 pudore
2256 5279 2549 5337 detinearis
2575 5319 2591 5347 ‚
2629 5295 2753 5352 quo
2789 5289 3002 5346 minus
3028 5305 3128 5347 eos
3177 5297 3333 5341 tetum
3361 5277 3393 5330 dt

1926 5377 1992 5430 ad
2023 5373 2259 5429 amicum
2288 5382 2481 5437 tuum,
2535 5373 2669 5441 qnia
2711 5378 2895 5437 multi
2943 5383 3096 5450 sint,
3138 5386 3393 5441 cavesssss‘

1928 5476 2139 5521 temnas
2170 5480 2294 5533 εοε,
2316 5470 2372 5520 et
2387 5461 2526 5519 clam
2547 5464 2768 5522 relictis
2814 5469 2943 5529 illis
2990 5473 3242 5528 discedas
3276 5472 3393 5520 autc

1926 5559 2056 5616 edas
2097 5578 2108 5614 :
2157 5559 2252 5615 sed
2292 5572 2404 5624 cos,
2437 5550 2703 5627 qttid‘tibi
2754 5567 3059 5632 agendum
3091 5552 3393 5632 sit,eonsuk
