3725 6125
164 366 259 422 snt

992 343 1278 406 tlemus
1315 338 1451 402 xttt.
1487 331 1932 403 ammarum
1969 341 2061 398 An
2096 339 2618 398 POENtTENTtAttt.

3334 343 3443 401 5⁶2

170 473 461 538 „mog-‚232
491 465 785 542 ιμαλησοῇ
835 464 933 519 τοῦ
989 464 1261 536 σώματος.
1308 464 1382 537 μὴ
1416 460 1630 533 ἀναίρει
1677 460 1770 514 τὸν
1799 461 1844 521 Α
1874 458 2268 517 affectionibus.
2291 458 2524 515 Proinde
2554 458 2665 514 noli
2701 458 3127 516 misericordiam
3152 461 3441 535 denegare,

172 573 356 632 uem,
411 566 509 621 ἶνα
558 561 631 635 μὴ
671 557 985 633 ἀμοιρήσῃς
1046 556 1394 629 συγγνώμης,
1440 556 1568 610 ὅταν
1591 553 1766 625 αὐτῆς

178 658 418 729 ὶπιδεὴς
441 652 719 722 κωπῆς.
764 646 969 719 Ἱερεύς
994 646 1078 711 τίς
1110 648 1247 712 ἐστι,
1282 647 1376 700 καὶ
1411 643 1766 717 ἡγεμονεύειν

184 751 391 821 uqa
414 739 675 800 τσῦλαῶ·
730 736 1032 811 συμπαθῶν
1064 731 1246 811 ὁράτω
1282 737 1392 791 τῶν
1416 736 1671 808 ὑπηκόων
1697 736 1767 790 τὰ

194 839 480 913 πώματα,
508 832 683 897 εἰδὼς,
703 831 792 886 ὅτι
819 829 923 884 κᾶν
941 832 975 901 ἡ
1007 828 1162 896 τάξις
1214 828 1307 883 τοῦ
1337 828 1453 900 βίου
1504 826 1768 900 διαφορὰν

195 933 292 1004 ἔχῃ
321 931 452 1002 πρὸς
493 924 623 990 τοὺς
654 922 912 986 πολλοὺς,
943 918 1080 973 ἀλλά
1111 922 1179 991 τῇ
1223 918 1384 989 φύσει
1408 919 1516 974 τῶν
1543 935 1768 989 ποιμαι-

191 1019 419 1089 νομένων
447 1012 602 1068 οὐδὲν
633 1011 968 1082 διενήνοχεψ
1003 1007 1274 1062 κοινωνῶν
1316 1007 1376 1061 δὲ
1410 1008 1603 1077 αὐτῆς,
1636 1007 1767 1073 ἴσως

185 1108 305 1163 ποτε
339 1104 668 1177 κοινωνήσει
694 1102 789 1157 καὶ
812 1098 1107 1171 πλημμελή
1115 1115 1304 1170 ματος.

237 1198 431 1254 Ταῦτα
443 1196 545 1251 καὶ
563 1193 809 1264 Μωῦσῆς
829 1189 955 1245 ίδὼν
980 1188 1286 1262 (ἅνθρωπος
1312 1189 1420 1262 γὰρ
1443 1190 1529 1263 ἦν,
1557 1191 1652 1247 καὶ
1669 1190 1769 1263 τὴν

170 1290 332 1361 φύσιν
344 1284 697 1359 ἐγνώριζεν),
706 1284 801 1339 τὸν
819 1282 1017 1355 μόσχον
1030 1282 1170 1356 ὑπὲρ
1181 1281 1276 1337 τοῦ
1294 1282 1488 1355 ἱερέως
1508 1284 1805 1355 ίερουργεί·

169 1382 297 1437 σθαι
328 1379 609 1448 διέταξεν,
645 1378 1032 1450 ἡμαρτηκότος
1063 1375 1284 1439 πάντως
1318 1374 1412 1429 καὶ
1456 1373 1768 1448 καθαρσίων

168 1473 461 1543 δεομένω,
508 1471 610 1525 καὶ
642 1469 923 1525 πλειόνων.
950 1469 1128 1541 Ὅπερ
1173 1468 1230 1522 δὲ
1257 1464 1326 1539 ἦν
1355 1468 1476 1521 τότε
1518 1469 1548 1520 ό
1577 1466 1770 1539 ἔνσαρ-

171 1584 268 1632 ιως
301 1565 535 1638 μόσχος,
581 1562 743 1617 τοῦτο
788 1560 883 1616 νῦν
928 1563 1076 1615 ἐστιν
1116 1562 1150 1631 ὴ
1181 1559 1472 1631 ἀσώματος
1527 1558 1771 1631 μεταμέ-

172 1657 319 1721 λεια,
346 1656 450 1710 καὶ
474 1656 514 1726 ἡ
543 1653 884 1726 ἀναίμακτος
906 1652 1092 1724 δέησις
1112 1668 1126 1682 ·
1175 1646 1245 1723 ἦς
1282 1649 1768 1724 ὑψηλολογούμενοι

174 1747 275 1802 καὶ
323 1744 819 1819 μεγαλαυχοῦντες,
861 1744 961 1816 τὴν
1013 1743 1334 1816 εὐεργεσίαν
1369 1744 1444 1815 μὴ
1495 1742 1768 1814 λύσωμεν,

179 1840 408 1903 είδότες,
436 1839 525 1893 ὅτι
548 1837 645 1905 καὶ
675 1834 885 1909 ’Δαρὼν
909 1838 939 1889 ό
962 1835 1329 1907 δοκιμώτατος
1352 1835 1529 1906 ἱερεὺς
1553 1834 1631 1905 τῷ
1656 1831 1773 1904 λαῷ

179 1930 441 2003 ζητοῦντι
492 1929 650 1993 θεοὺς
715 1926 1055 1999 συναπήχθη,
1086 1927 1180 1980 καὶ
1212 1924 1352 1997 μετὰ
1392 1926 1492 1996 τῆς
1532 1924 1771 1995 ἀδελφῆς

179 2023 284 2092 τῆς
316 2021 538 2094 Μαρίας
559 2019 704 2075 ἑάλω
733 2020 813 2091 τῷ
849 2018 1148 2090 γογγυσμῷ
1167 2032 1185 2049 ·
1213 2017 1309 2071 καὶ
1328 2018 1377 2070 εί
1410 2017 1484 2090 μὴ
1514 2019 1544 2069 ὁ
1569 2033 1775 2085 γογγυι

192 2113 347 2178 «θεὶς
388 2113 678 2178 ἱκέτευσεν,
731 2112 833 2165 οὐκ
889 2110 955 2165 ἂν
987 2111 1084 2181 τὴν
1141 2109 1416 2181 τιμωρίαν
1465 2108 1769 2177 διέφευγεν.

202 2204 398 2270 Ἄλλος
423 2203 587 2268 ἐστὶν,
641 2203 741 2274 οὐχ
771 2202 971 2273 ἱερεὺς,
994 2201 1130 2254 ἀλλὰ
1170 2195 1250 2264 εἷς
1277 2199 1384 2254 τῶν
1409 2198 1640 2262 πολλῶν,
1675 2215 1772 2268 φο-

192 2298 407 2353 &tuom
433 2296 596 2368 βαρὺν
627 2292 932 2374 ἐπιτιθέναι
961 2291 1140 2362 ζυγόν.
1182 2292 1247 2344 Et
1289 2291 1398 2363 γὰρ
1426 2292 1455 2344 ὁ
1488 2289 1775 2361 καθαίρειν

194 2392 290 2445 τὸν
314 2388 445 2444 λαὸν
468 2386 796 2461 sepem-qest<
826 2385 1018 2458 χρῄζει
1046 2385 1358 2456 καθαρσίων
1408 2382 1601 2451 ἐνίοτε,
1629 2382 1684 2437 τί
1708 2381 1776 2437 ἂν

192 2481 356 2538 πάθοι
384 2482 418 2534 ό
447 2479 586 2551 pq&
608 2479 711 2550 τῆς
739 2478 1077 2550 χειροτονίας
1104 2476 1242 2548 ἔχων
1275 2476 1372 2548 τὴν
1400 2476 1669 2547 δύναμεις

260 2746 660 2821 Μιμησώμεθα
685 2744 785 2816 τὴν
823 2744 1184 2814 ποιμαντικὴν
1224 2741 1320 2796 τοῦ
1352 2743 1622 2797 Δεσπότου
1644 2759 1658 2773 ·
1693 2745 1780 2814 ἔγ·-

1870 565 1939 607 ne
1970 551 2184 607 veniam
2208 550 2322 622 ipse
2346 565 2450 606 non
2485 549 2755 616 invenias,
2794 549 3010 618 quando
3039 550 3209 620 ipsam
3236 552 3449 610 deside·

1872 642 2033 698 rabiS.
2088 641 2355 697 Sacerdos
2382 648 2468 697 est
2508 638 2726 710 aliquis,
2757 638 3048 710 populique
3072 643 3293 711 regendi
3330 659 3453 700 mu·

1869 750 1973 792 nus
2001 735 2223 791 sortitus
2253 743 2338 791 est
2362 750 2379 786 ε
2412 734 2739 804 privatorum
2771 746 2934 789 casus
2956 733 3407 791 commisereatur
3430 776 3447 804 ,

1871 827 2292 897 memineritque
2333 840 2415 894 se,
2468 825 2717 895 quamvis
2766 824 3029 896 dignitate
3084 836 3305 896 praestet
3346 827 3445 894 iis,

1869 933 2009 991 qnos
2040 918 2308 989 gubernat
2353 933 2419 974 ac
2463 918 2637 990 regit,
2673 926 2921 973 naturam
2979 925 3163 974 tamen
3202 920 3450 978 eamdem

1870 1011 2094 1078 habere,
2125 1011 2357 1083 ideoque
2385 1024 2547 1083 posse
2566 1009 2857 1081 aliquando
2879 1009 3115 1068 tortasse
3139 1012 3193 1068 in
3225 1012 3448 1070 eosdem

1868 1116 2086 1159 errores
2114 1102 2371 1160 incidere.

1941 1195 2075 1264 Quae
2107 1211 2230 1251 cum
2265 1195 2478 1266 Moyses
2510 1210 2620 1251 non
2640 1194 3168 1267 ignoraret(quippe
3191 1205 3248 1251 et
3285 1198 3450 1254 bomo

1868 1296 1991 1343 erat
2039 1295 2095 1341 et
2134 1286 2372 1345 bominis
2415 1295 2668 1341 naturam
2707 1293 3052 1356 perspectam
3095 1294 3152 1341 et
3177 1287 3450 1358 cognitam

1870 1380 2151 1452 habebat),
2186 1378 2489 1443 constituit,
2512 1387 2576 1434 ut
2594 1392 2692 1448 pro
2718 1378 3005 1437 sacerdote
3031 1378 3231 1437 vitulus
3253 1382 3450 1437 immo—

1871 1469 2097 1535 laretur,
2120 1480 2380 1540 peccante
2403 1469 2660 1526 nimirum
2696 1478 2752 1525 et
2776 1470 2894 1541 ipso
2913 1471 3310 1540 expiationibus
3333 1472 3451 1543 plu·

1874 1561 2025 1618 ribus
2065 1562 2361 1633 indigente.
2399 1562 2555 1631 Quod
2581 1571 2761 1619 antem
2790 1572 2920 1619 tunc
2941 1572 3063 1619 erat
3093 1564 3147 1619 in
3178 1578 3345 1620 carne
3372 1565 3453 1620 vi-

1875 1652 2041 1721 tulus,
2093 1653 2235 1709 idem
2292 1670 2440 1711 nunc
2490 1663 2576 1711 est
2623 1655 2943 1723 incorporea
3000 1656 3339 1726 poenitentia,
3371 1656 3453 1711 in·

1878 1756 2215 1820 cruentaque
2238 1748 2584 1817 deprecatio:
2618 1764 2723 1820 qua
2758 1748 2974 1820 quidem
3018 1750 3317 1804 cavendum
3341 1758 3450 1814 est,

1882 1852 1950 1894 ne
1980 1838 2133 1907 elati,
2163 1838 2568 1911 gloriantesque
2611 1839 3022 1908 humanitatem,
3053 1848 3108 1897 ct
3142 1839 3451 1897 beneficen-

1881 1928 2007 1982 tiam
2037 1929 2405 1997 repudiemus,
2436 1944 2561 1985 cum
2599 1930 2837 1987 sciamus
2881 1929 3064 1987 Aaron
3113 1932 3453 1987 sacerdotem

1876 2015 2023 2072 illum
2053 2017 2522 2088 probatissimum,
2555 2020 2756 2090 populo
2800 2021 2931 2079 deos
2975 2020 3244 2093 flagitanti
3272 2020 3455 2077 indul-

1876 2110 2033 2172 sisse,
2061 2119 2116 2165 et
2165 2120 2368 2165 temere
2394 2109 2683 2167 admodum
2735 2127 3018 2169 murmure
3047 2123 3264 2183 captum
3310 2128 3455 2170 esse.

1875 2197 2027 2264 Quod
2061 2199 2109 2255 si
2165 2199 2235 2266 is,
2273 2199 2366 2270 qui
2413 2211 2868 2267 murmuraverat,
2922 2216 3028 2257 non
3069 2202 3454 2274 supplicasset,

1875 2288 2193 2358 supplicium
2228 2303 2333 2344 nen
2365 2290 2652 2346 evasisset.
2672 2289 2826 2347 Alius
2853 2300 3034 2347 autem
3064 2302 3168 2358 est,
3216 2310 3322 2348 non
3361 2311 3452 2350 sa-

1876 2380 2087 2446 cerdos,
2118 2383 2214 2437 sed
2267 2396 2407 2436 unus
2439 2395 2473 2436 e
2509 2380 2727 2452 populo,
2761 2390 2952 2439 caveat
2977 2398 3048 2440 ne
3068 2386 3288 2453 gravius
3304 2385 3456 2457 jndi-

1878 2472 2051 2528 cando
2078 2471 2267 2543 jugum
2308 2472 2519 2528 subeat.
2560 2470 2697 2527 Nam
2722 2474 2771 2529 sl
2815 2472 2865 2529 is
2905 2474 2996 2542 qui
3029 2475 3096 2529 sd
3125 2464 3451 2546 expiandum

1878 2559 2131 2633 populum
2153 2560 2393 2618 delectus
2421 2572 2526 2631 est,
2563 2561 2765 2636 indiget
2794 2563 2910 2635 ipse
2951 2565 3279 2635 expiatione,
3324 2567 3453 2637 quid

1881 2654 1977 2712 ilet
2004 2655 2101 2723 illi,
2132 2655 2227 2726 qui
2257 2654 2521 2727 ejusmodi
2545 2671 2739 2712 munus
2761 2671 2866 2713 non
2897 2657 3162 2713 sustinet?

1951 2747 2234 2803 imitemur
2257 2763 2377 2803 earn
2416 2747 2673 2817 pascendi
2705 2748 3001 2816 rationem,
3055 2765 3162 2821 qna
3199 2750 3459 2808 Dominus

189 2842 459 2914 ιιιηωμεν
504 2841 619 2905 τοῖς
645 2837 1018 2907 Εὑαγγελίοις,
1076 2835 1171 2889 καὶ
1201 2834 1389 2907 ὥσπερ
1442 2836 1501 2889 ὲν
1529 2836 1779 2909 ἐσόπτρῳ
1878 2853 2011 2895 usus
2038 2848 2155 2905 est;
2189 2838 2480 2909 Evangelia
2508 2839 2971 2910 contemplemur3
2996 2840 3176 2911 ibique
3197 2852 3456 2914 tanquam
3563 2833 3572 2842 ”

192 2936 295 3007 τὴν
322 2934 465 2988 ἰδέαν
489 2928 896 3002 καταμάθωμεν
947 2927 1049 2997 τῆς
1076 2926 1391 2996 ἐπιμελείας
1416 2944 1475 2980 τε
1513 2927 1611 2982 καὶ
1642 2942 1781 3000 χρη·
1882 2930 1935 2983 in
1961 2928 2201 2999 speculo,
2244 2929 2536 3001 diligentiae
2564 2938 2619 2986 et
2661 2931 3011 3001 benignitatis
3046 2934 3349 3004 exemplum
3376 2937 3458 2990 in·

190 3028 475 3103 πόςητος.
529 3023 725 3079 Βλέπω
748 3020 858 3092 γὰρ
915 3020 1033 3073 ἐκεῖ
1064 3018 1120 3071 ὲν
1177 3016 1509 3089 παραθολαὶς
1537 3019 1632 3072 καὶ
1669 3021 1782 3084 τοῖς
1882 3028 2119 3088 tnentes,
2149 3033 2246 3076 eas
2289 3021 2684 3094 perdiscamus.
2740 3021 2856 3079 illic
2900 3024 3044 3080 enim
3098 3025 3153 3081 in
3186 3026 3456 3097 parabolis

188 3117 654 3190 επεσκιασμένοις
701 3112 808 3167 τῶν
865 3111 1036 3180 λόγων
1096 3110 1264 3182 ἄνδρα
1307 3111 1538 3182 ποιμένα
1584 3111 1778 3165 ἑκατὸν
1803 3133 1848 3193 c
1890 3114 2328 3186 adumbratisque
2348 3116 2691 3173 sermonibus
2714 3117 2874 3174 video
2899 3129 3114 3176 centum
3145 3122 3326 3179 ovium
3356 3124 3456 3178 ho·

192 3214 519 3287 προσάςων·
554 3209 618 3274 ὃς
673 3206 793 3270 ὲνδς
849 3204 1162 3277 θρέμματος
1212 3204 1629 3274 ἁποσχισθὲντος
1676 3205 1776 3275 τῆς
1882 3207 2083 3262 minem
2114 3215 2386 3278 pastorem
2437 3207 2459 3238 ⁸
2483 3208 2630 3278 ,qui
2678 3224 2802 3265 cum
2831 3210 3046 3269 illarum
3075 3227 3187 3269 una
3218 3228 3247 3268 a
3295 3228 3458 3285 grege

187 3307 392 3377 ἀγέλης
423 3302 525 3357 καὶ
551 3297 925 3368 naamam-a,
961 3297 1022 3348 οὐ
1060 3299 1172 3359 τοῖς
1204 3298 1261 3348 ὲν
1292 3294 1443 3391 vdes-t
1474 3295 1570 3349 καὶ
1597 3294 1779 3350 &82⁸—
1875 3300 2244 3367 discessisset,
2277 3307 2334 3358 et
2373 3300 2685 3359 errabunda
2733 3314 3055 3374 vagaretur,
3112 3320 3220 3360 non
3257 3308 3456 3363 mansit

188 3392 645 3466 νῶςνεμομὲνοις
680 3389 1044 3463 παρέμεινεν·
1081 3387 1195 3442 ἀλλ
1241 3368 1496 3459 ὁρμήσας
1539 3387 1630 3440 ἐπὶ
1680 3387 1778 3456 τὴν
1880 3405 2003 3445 cnm
2042 3390 2170 3460 illis,
2203 3406 2324 3460 quae
2355 3401 2634 3448 servantes
2666 3393 2907 3449 ordinem
2948 3391 3337 3464 pascebantur;
3361 3396 3454 3450 sed

194 3488 451 3561 ζήτησιν,
486 3480 689 3547 πολλὰς
718 3478 822 3552 μὲν
847 3478 1098 3533 διώδευσε
1129 3477 1442 3548 κοιλότητάς
1462 3495 1519 3531 τε
1559 3479 1652 3531 καὶ
1685 3478 1781 3546 φά·

201 3592 439 3650 ραγγας,
475 3572 723 3645 μεγάλων
744 3572 805 3626 δὲ
839 3571 932 3624 καὶ
959 3569 1179 3640 ὑψηλῶν
1207 3568 1549 3639 ὑπερηνέχθη
1584 3570 1780 3624 σκοπέ-

200 3671 335 3734 λων,
374 3667 476 3721 καὶ
524 3667 643 3727 ταῖς
672 3663 924 3738 ὶρημίαις

202 4029 394 4099 νόμοις
419 4027 882 4098 ἀπεκατέστησεν,
919 4027 1122 4097 χαίρων
1174 4027 1262 4079 ἐπ’
1282 4026 1475 4096 ἐκείνῳ
1513 4024 1695 4092 πλέον,
1745 4026 1778 4096 ἢ

201 4119 282 4191 τῷ
307 4118 503 4190 πλήθει
541 4117 651 4172 τῶν
675 4117 870 4173 ἄλλων.
929 4119 1227 4190 Νοήσωμεν
1255 4117 1433 4171 τοίνυν
1464 4117 1524 4171 τὸ
1553 4119 1782 4189 πρᾶγμα

202 4213 269 4266 τὸ
292 4215 407 4278 τοῖς
435 4215 753 4287 αἰνίγμασιν
781 4215 1221 4286 ὲγκρυπτόμενον
1237 4231 1250 4244 ·
1287 4214 1351 4267 τὸ
1376 4215 1486 4285 γὰρ
1511 4213 1783 4287 πρόδατον

975 3661 1255 3733 καρτερῶς
1307 3660 1657 3732 ὲνεμόχθησε,
1683 3661 1781 3733 μέ-

210 3776 338 3831 χρις
398 3757 469 3810 ἃν
493 3748 669 3828 ηὗρεν.
702 3755 888 3831 Εύρὼν
911 3754 967 3808 δὲ
1009 3755 1108 3809 οὐκ
1136 3752 1383 3823 ἔπληξεν,
1418 3755 1479 3807 οὐ
1521 3753 1627 3826 μὴν
1661 3753 1781 3808 οὐδὲ

216 3848 428 3918 ἠλασεν
455 3833 680 3918 σφοδρῶς
699 3845 935 3914 ἐπείγων
960 3842 1095 3917 πρὸς
1126 3844 1225 3915 τὴν
1255 3841 1456 3913 ἀγέλην
1476 3863 1488 3877 ·
1525 3843 1640 3898 ἀλλ’
1669 3845 1783 3898 ὲπι-

220 3936 336 4001 θεὶς
359 3935 439 4005 τῷ
469 3934 649 4007 αὐχένι
685 3937 780 3990 καὶ
820 3936 1054 4006 κομίσας
1088 3935 1224 4006 μετὰ
1251 3934 1486 4003 φειδοῦς,
1510 3936 1622 3998 τοῖς
1664 3950 1784 3988 συν-

1881 3483 1949 3536 ad
1998 3497 2116 3538 eam
2159 3484 2539 3552 requirendam
2590 3482 2882 3553 profectus,
2915 3483 3115 3540 multas
3154 3483 3321 3538 valles
3347 3485 3455 3539 sal·

1884 3584 2075 3644 tnsque
2120 3575 2435 3642 superavit,
2491 3588 2717 3643 magnos
2776 3582 2939 3643 atque
2985 3574 3184 3630 arduos
3243 3585 3455 3632 montes

1884 3665 2235 3728 transcendit,
2267 3664 2322 3719 ln
2357 3662 2735 3721 solitudinibus
2760 3664 3106 3734 peragrando
3142 3666 3307 3721 multo
3330 3682 3452 3721 cnm

1885 3755 2069 3812 labore
2106 3754 2291 3811 tandiu
2345 3753 2751 3824 pervestigavit,
2794 3752 2966 3808 donec
2990 3766 3261 3810 errantem
3303 3758 3455 3814 inve·

1889 3848 1992 3903 nit.
2020 3846 2302 3903 Inventam
2333 3854 2514 3902 autem
2560 3860 2668 3902 non
2713 3845 3038 3914 verberavit,
3070 3861 3169 3903 nec
3212 3853 3454 3917 urgendo

1884 3938 2256 3994 vehementius
2278 3937 2345 3991 ad
2385 3953 2599 4010 gregem
2631 3939 2910 4009 compulit,
2952 3939 3047 3994 sed
3077 3939 3318 3995 humeris
3342 3941 3454 3996 suis

1885 4029 2211 4099 impositam,
2241 4036 2297 4083 et
2325 4027 2517 4083 leniter
2544 4036 2834 4085 tractatam
2865 4029 2930 4085 ad
2951 4043 3165 4100 gregem
3199 4031 3451 4101 gestavit,

1884 4122 2146 4194 majorem
2182 4135 2247 4177 ex
2278 4136 2383 4177 una
2416 4120 2506 4176 illa
2561 4121 2795 4188 inventa,
2830 4136 2993 4192 quam
3032 4137 3097 4178 ex
3128 4122 3451 4193 reliquarum

1885 4212 2252 4277 multitudine,
2303 4212 2545 4269 laetitiam
2595 4212 2918 4283 percipiens.
2960 4211 3096 4268 Rem
3124 4213 3455 4269 obscuritate

198 4305 305 4358 οὐκ
338 4305 512 4370 ὅντως
557 4305 830 4377 πρόδατον
852 4322 866 4336 ·
905 4306 998 4359 καὶ
1030 4308 1058 4359 ὁ
1089 4305 1290 4376 ποιμὴν
1316 4305 1375 4359 δὲ
1412 4305 1628 4369 πάντως
1654 4304 1784 4359 ἀλλο
1882 4305 2251 4372 similitudinis
2270 4302 2606 4369 obvolutam,
2649 4313 2814 4374 atqtte
2847 4304 3178 4360 reconditam
3207 4304 3455 4360 conside-

201 4412 280 4459 τι,
304 4395 367 4449 oc
407 4395 519 4468 μὴν
554 4398 585 4450 ὀ
627 4395 738 4451 τῶν
770 4396 978 4465 ἀλόγων
1003 4395 1230 4465 νομεύς·
1263 4395 1378 4450 ἀλλ’
1404 4395 1550 4450 ἔστιν
1582 4394 1782 4449 ὑποδεί·

1887 4412 2086 4454 remus.
2113 4395 2244 4453 Ovis
2284 4398 2402 4452 ltaec
2431 4412 2538 4451 non
2568 4411 2724 4452 ovem
2753 4396 2994 4460 omnino,
3021 4411 3121 4452 nec
3153 4405 3339 4465 pastor
3364 4396 3454 4451 ille

200 4500 392 4556 γματα
415 4484 592 4539 ταῦτα
630 4489 740 4539 τῶν
797 4487 983 4557 ἱερέων
1020 4487 1338 4540 παιδευτικά
1359 4503 1375 4518 ·
1421 4487 1506 4540 ἵνα
1533 4485 1642 4540 τῶν
1693 4486 1782 4540 ἀν-
1809 4473 1854 4532 D
1886 4487 2044 4555 plane
2072 4495 2364 4558 pastorem,
2407 4487 2503 4542 sed
2550 4486 2696 4541 aliud
2729 4485 2985 4556 quiddam
3014 4486 3307 4557 significat.
3360 4487 3455 4541 llis

200 4567 441 4644 θ’ρώων
468 4574 606 4645 μήτε
645 4574 947 4646 προχείρως
975 4573 1378 4645 ἀπελπίζωμεν,
1407 4576 1541 4646 μήτε
1575 4578 1779 4648 καταρ-

204 4662 541 4735 ρᾳθυμῶμεν
566 4664 997 4718 κινδυνευόντων.
1030 4665 1288 4735 Ζητῶμεν
1315 4665 1372 4718 δὲ
1411 4665 1503 4718 τὸν
1531 4665 1775 4738 ἐμπαθῆ,

200 4755 295 4808 καὶ
320 4755 688 4826 ἐπανάγωμεν
717 4758 796 4820 είς
842 4757 1016 4823 τάξιν,
1063 4757 1157 4810 καὶ
1185 4756 1456 4829 χαίρωμεν
1482 4760 1596 4822 τοῖς
1620 4760 1778 4832 στρέ-

203 4861 412 4914 φωσιν,
448 4846 546 4901 καὶ
565 4848 646 4917 τῷ
670 4847 996 4920 πληρώματι
1021 4850 1128 4902 τῶν
1158 4849 1333 4921 ὀρθῶς
1356 4849 1610 4920 βιούντων
1643 4852 1776 4906 ἀνα·

203 4937 542 5009 μιγνύωμεν.

1884 4577 2147 4648 exemplis
2182 4591 2352 4635 sacrae
2380 4591 2467 4633 res
2494 4579 2858 4632 continentur.
2897 4575 3005 4634 Nos
3038 4579 3186 4633 enim
3213 4592 3453 4634 commo·

1886 4681 2036 4736 nent,
2089 4683 2157 4725 ne
2194 4669 2446 4725 homines
2483 4682 2582 4738 pro
2643 4668 2869 4738 perditis
2904 4682 2969 4724 ac
3002 4667 3303 4738 desperatis
3352 4670 3454 4724 lta-

1886 4764 2129 4828 beamus,
2157 4776 2293 4818 neve
2321 4775 2416 4817 eos
2437 4760 2490 4816 itt
2512 4758 2769 4830 perieulis
2794 4768 3078 4815 versantes
3097 4759 3452 4830 negligamus,

1884 4863 1980 4911 aut
2003 4870 2199 4926 segnes
2228 4854 2396 4910 simus
2425 4853 2491 4906 ad
2543 4851 2822 4908 ferendum
2854 4849 3133 4912 auxilium,
3166 4852 3262 4904 sed
3294 4863 3389 4904 eos
3420 4865 3451 4902 a

1887 4957 2039 5005 recta
2071 4945 2281 5002 vivendi
2314 4945 2525 5000 ratione
2549 4942 2913 5008 deflectentes,
2933 4952 2991 4997 et
3018 4951 3265 4996 errantes
3285 4942 3447 4995 redu-

207 5044 385 5087 camus
417 5033 472 5086 itt
509 5033 651 5087 viam
676 5074 691 5099 ,
728 5048 1022 5104 eorumque
1067 5035 1312 5089 luctentur
1369 5037 1574 5103 reditu,
1618 5051 1782 5114 atque
1813 5047 1959 5116 ipsos
1986 5060 2111 5099 enm
2144 5045 2282 5100 bene
2320 5041 2514 5112 pieque
2585 5038 2879 5094 viventium
2948 5035 3290 5092 multitudine
3321 5051 3453 5092 con-

204 5124 511 5198 jungamus·

279 5216 408 5271 Ἐπὶ
467 5219 722 5271 τοσοῦτον
769 5218 826 5271 δὲ
874 5219 966 5275 τὸν
1007 5221 1156 5293 ἱερέα
1194 5222 1468 5294 προσῆκεν
1516 5225 1638 5279 ἀντὶ
1678 5225 1778 5297 τῆς

1959 5227 2092 5281 Tam
2124 5224 2333 5277 alienus
2383 5228 2564 5277 autem
2605 5236 2634 5275 a
2665 5219 2903 5275 caedendi
2948 5216 3244 5274 acerbttate
3270 5231 3449 5273 sacer·

199 5305 508 5379 ἀποτομίας
549 5310 654 5382 ,τὴν
701 5310 1105 5383 φιλανθρωπίαν
1149 5313 1360 5378 ἀσκεῖν,
1406 5313 1545 5368 ὥστε
1599 5314 1703 5370 κᾶν
1748 5318 1779 5370 ό
1884 5317 1984 5373 dos
2015 5329 2135 5370 esse
2162 5312 2345 5373 debet,
2391 5321 2644 5378 tanquam
2687 5319 2971 5381 promptus
3014 5318 3070 5363 et
3120 5318 3340 5379 paratus
3382 5309 3450 5363 sd

195 5397 482 5468 Δεσπότης
536 5400 823 5456 ἐκκόπτειν
858 5402 1055 5473 κελεύῃ
1114 5403 1256 5470 τινὰ,
1285 5403 1360 5468 ὡς
1403 5404 1568 5474 φυτὸν
1601 5407 1776 5480 ἀχρη-

1883 5405 2231 5464 excolendam
2262 5402 2674 5463 humanitatem,
2699 5410 2778 5468 ut,
2804 5401 3018 5456 etiamsi
3055 5398 3315 5455 Dominus
3349 5399 3450 5453 ali-

200 5500 347 5554 στον,
380 5487 547 5542 αὐτὸν
574 5489 652 5554 ὡς
696 5491 998 5562 φυτοκόμον
1056 5492 1225 5546 αἰτεῖν
1247 5493 1327 5546 δεῖ
1357 5493 1455 5565 τὴν
1496 5492 1661 5565 φειδὼ
1684 5495 1782 5550 καὶ
1883 5510 2065 5565 quem,
2097 5493 2174 5548 uti
2202 5491 2438 5563 plantam
2471 5491 2741 5560 inutilem,
2764 5491 3083 5548 exscindere
3103 5491 3312 5562 jubeat,
3333 5489 3449 5558 ipse

199 5577 516 5650 ὑπέρθεσιν.
578 5580 777 5637 Τοῦτον
833 5583 942 5654 γὰρ
990 5585 1123 5655 ἡμῖν
1175 5586 1472 5657 παρίστησι
1509 5586 1601 5640 τὸν
1654 5584 1781 5641 νοῦν
1886 5594 2143 5656 tanquam
2176 5582 2373 5641 insitor
2403 5584 2596 5641 debeat
2627 5580 2955 5653 supplicare,
2984 5592 3043 5637 ut
3076 5582 3315 5672 ignoscat
3347 5593 3445 5648 pa·

270 5782 293 5818 ⁸
328 5783 467 5840 Luc.
499 5797 588 5847 xv,
611 5785 644 5838 k
670 5797 791 5853 sqq.

526 5884 795 5945 Parnoi..
843 5880 959 5940 Gn.
1011 5878 1134 5941 xL.

3059 5867 3151 5928 Ὧι
