3725 6125
847 326 904 382 S.
949 325 1245 384 onstssstt
1283 325 1630 411 noemma
1675 334 1764 385 DE·
1792 326 2147 387 mmmm.
2185 323 2491 385 momen.

3182 327 3285 382 aab·

225 449 282 501 in
325 454 475 499 noete
512 442 765 513 graditur
804 442 1066 512 ιἰιιρὶιιρὶι,
1118 445 1243 514 qnia
1284 446 1457 500 laneen
1500 463 1602 500 mm
1633 451 1678 508 Α
1709 447 1762 501 in
1792 448 1983 503 eodem
2020 446 2140 504 loco
2164 445 2361 517 jungit,
2391 460 2455 501 ac
2493 445 2622 519 dicit
2660 463 2674 499 ε
2714 444 2847 507 Dedi
2875 444 2949 498 eis
2976 440 3288 497 consolatio-

222 553 284 592 eo
325 533 406 590 ⁸⁰:
437 530 550 588 Nos
584 541 782 597 autem,
825 531 966 586 sieut
996 533 1132 587 dixit
1158 535 1470 604 Apostolus,
1501 552 1603 589 non

191 646 207 684 ι
230 627 334 699 filii
365 621 817 695 prevaricationis
845 623 903 676 im
931 623 1306 693 perditionem,
1345 626 1436 680 sed
1477 626 1604 694 fidei

191 719 503 784 tuisitionetn
533 715 726 769 animoe
760 712 831 780 ⁸⁰;
863 722 917 770 et
954 715 1082 771 alibi
1114 735 1128 771 :
1163 716 1377 787 Omnes,
1406 718 1602 790 inquit,

191 810 292 866 scis
318 807 460 871 estis,
503 818 551 861 et
589 803 692 874 filii
731 803 852 861 Dei.
900 803 1024 861 Non
1061 825 1241 864 sumus
1277 809 1379 878 filii
1416 812 1602 877 noctis,

191 921 197 951 2
225 904 552 958 tenebrarum
581 898 650 953 ⁸¹.
681 897 738 953 Si
768 913 899 970 ergo
929 914 1116 955 sumus
1145 900 1237 955 lilii
1263 900 1417 967 lucis,
1444 902 1604 958 debe·

191 996 323 1052 scire
347 1007 468 1064 quoe
498 990 638 1047 lucis
671 1001 820 1060 sunt,
846 1000 899 1048 et
928 991 1109 1048 facere
1146 994 1352 1050 fructus
1389 994 1606 1052 luminis

196 1084 253 1141 ni
278 1099 444 1155 opere
471 1082 622 1139 bono
653 1099 669 1137 t
700 1083 840 1153 quod
886 1082 1031 1138 enim
1080 1083 1477 1149 manifestatur.
1514 1085 1601 1142 lux

191 1177 219 1232 ii
256 1176 310 1231 in
348 1183 462 1232 toto
493 1176 662 1231 eorde
699 1183 1042 1231 revertamur
1087 1178 1151 1230 ad
1197 1176 1508 1245 Dominum,
1552 1188 1607 1235 et

191 1266 416 1340 neptis
449 1276 767 1323 sanctorum
804 1265 947 1322 illius
976 1276 1034 1322 et
1061 1265 1237 1323 Patris
1267 1267 1441 1325 nostri
1473 1270 1606 1325 sim·

191 1358 337 1415 :orde
354 1372 769 1426 conversamur,
789 1357 1186 1416 abundabimus
1206 1359 1258 1414 in
1276 1361 1423 1415 omni
1439 1376 1606 1432 opere

228 1449 386 1518 Quod
431 1449 479 1507 si
521 1464 842 1523 superemur
888 1449 1073 1506 carnis
1118 1451 1510 1521 voluptatibus,
1550 1452 1604 1508 in

191 1541 301 1597 nasi
347 1540 402 1596 in
448 1540 624 1596 media
669 1548 828 1597 noete
867 1541 1130 1612 parietem
1168 1542 1525 1613 palpabimus,
1553 1552 1609 1598 et

198 1631 518 1688 nveniemus
551 1629 691 1685 viam
729 1631 969 1687 civitatis
989 1642 1045 1687 et
1076 1632 1372 1689 habitaculi
1409 1633 1606 1700 nostri,

190 1737 239 1775 ιο
262 1720 464 1777 dicitur
489 1736 505 1774 ι
538 1717 897 1775 Esau-iamiam
921 1730 969 1777 et
1000 1721 1292 1777 sitientium
1314 1725 1492 1779 anima
1515 1726 1604 1780 de-

1709 555 1824 593 num
1852 556 2052 606 veram,
2081 556 2261 607 pacem
2293 554 2451 608 super
2473 554 2655 607 pacem
2688 537 2770 592 leis
2810 534 2905 606 qui
2940 544 3091 590 erant
3129 549 3289 604 prope

1708 641 1756 684 et
1787 629 1971 702 longe:
2005 630 2239 701 dixitque
2266 628 2546 694 Dominus,
2579 628 2790 684 sanabo
2824 643 2912 683 eos
2938 626 3006 681 ⁸⁸.
3032 625 3198 694 Citius
3229 633 3292 680 ut

1705 721 1863 791 plene
1913 720 2338 778 misericordiam
2382 733 2793 792 cognoscamus,
2838 717 3089 776 Ieremiaz
3173 732 3286 772 ser·

1709 828 1869 867 uioue
1904 812 2080 878 docet,
2121 812 2308 867 dicens
2339 830 2354 869 t
2396 809 2455 867 Si
2489 812 2746 867 elevatum
2795 809 2954 880 [uerit
3004 807 3192 864 coelum
3231 807 3289 861 in

1707 902 1953 971 sublime,
1973 912 2022 958 et
2046 904 2090 957 si
2116 902 2455 957 humiliatum
2475 903 2822 965 pavimentum
2839 912 2995 957 terroe
3016 899 3287 965 deorsam,

1705 1011 1800 1066 eqo
1830 1010 1936 1048 non
1968 994 2186 1063 reprobo
2212 1003 2415 1065 gentem
2443 992 2610 1049 lsrael
2638 1008 2733 1063 pro
2769 992 3010 1047 omnibns
3044 1005 3164 1064 qnoe
3201 989 3284 1059 se-

1706 1097 1887 1141 cernat
1918 1085 1985 1140 ⁸⁸.

1780 1176 2072 1236 xxxvm.
2106 1180 2353 1250 Cumque
2383 1188 2535 1233 tanta
2559 1177 2849 1234 elementia
2874 1177 2947 1234 sit
2980 1176 3285 1233 salvatoris

1706 1269 1945 1336 Domini,
1985 1280 2040 1326 et
2073 1285 2171 1326 nos
2207 1278 2464 1340 provocet
2502 1270 2571 1325 ad
2606 1268 2862 1332 salutem.
2904 1277 3287 1324 convertamus

1707 1358 1875 1414 corda
1910 1365 2099 1414 nostra
2148 1357 2216 1412 ad
2249 1371 2374 1413 eum
2413 1373 2428 1411 ι
2468 1356 2611 1424 Quia
2648 1357 2767 1426 jam
2814 1358 2946 1413 liora
2982 1366 3060 1412 est
3107 1368 3166 1412 ιιι
3220 1357 3287 1411 ds

1705 1465 1891 1505 somno
1921 1448 2226 1519 evigilemus
2257 1465 2280 1504 .·
2308 1464 2413 1505 noa:
2441 1448 2733 1520 precessit,
2760 1448 2873 1503 dies
2907 1459 3081 1504 autent
3104 1464 3290 1519 appro-

1706 1540 1976 1612 pinquavit
1995 1540 2353 1611 ;depanamus
2376 1555 2500 1611 ergo
2526 1554 2682 1609 opera
2714 1540 3068 1605 tenebrarum,
3094 1540 3291 1595 indita·

1706 1647 1828 1685 mur
1851 1647 2005 1685 arma
2027 1629 2161 1685 lueis
2185 1631 2255 1685 ⁸⁸.
2283 1628 2462 1686 Filioli
2489 1630 2618 1697 mei,
2635 1630 2869 1700 primum
2896 1645 2963 1686 ex
2989 1640 3102 1686 toto
3123 1630 3290 1688 eorde

1706 1720 1998 1793 diligamus
2022 1719 2223 1785 Deum;
2250 1720 2446 1776 deinde
2507 1718 2871 1788 nosmetipsos
2895 1735 3140 1776 amemus
3168 1735 3289 1776 mu-

192 1813 253 1880 ·;
282 1810 410 1886 quia
434 1819 881 1882 contempserunt
907 1810 1081 1883 legem
1104 1813 1207 1869 sibi
1238 1828 1267 1868 a
1300 1814 1412 1870 Deo
1441 1817 1609 1871 tradi·
1638 1784 1682 1841 B
1712 1822 1827 1879 tuo,
1856 1828 2129 1870 memores
2156 1821 2550 1885 praeceptorum
2584 1810 2681 1868 Dei
2716 1811 3039 1879 salvatoris,
3081 1813 3138 1868 iu
3171 1813 3291 1884 qui-

203 1914 259 1963 et
290 1919 474 1961 vocem
514 1904 900 1975 prophetarum
937 1919 1043 1961 nou
1083 1907 1407 1976 amlieruut3
1440 1918 1496 1963 ot
1522 1909 1607 1965 id-

206 2012 313 2054 non
349 2006 642 2086 potueruut
677 1997 748 2053 ad
776 2001 1100 2070 promissam
1133 2000 1378 2071 requiem
1414 2017 1611 2073 perre-

191 2175 351 2236 ixvl.
376 2175 677 2252 vigilemus
706 2187 760 2236 et
788 2181 980 2236 attenti
1022 2181 1225 2250 simus;
1255 2183 1300 2239 si
1329 2183 1474 2240 enim
1508 2201 1607 2240 na-

191 2272 303 2326 :bus
343 2285 450 2326 aon
490 2270 749 2342 pepercit,
791 2286 891 2326 nec
932 2273 1090 2329 nobis
1133 2286 1323 2344 parcet
1366 2276 1434 2331 ⁸⁸.
1490 2276 1607 2333 Nun

194 2360 358 2428 netis,
395 2362 489 2419 sed
504 2364 571 2417 de
601 2362 999 2436 negligentibus
1022 2364 1236 2436 loquor,
1264 2368 1460 2439 quibus
1486 2370 1610 2441 jure

194 2453 303 2509 itur
333 2453 425 2509 illa
465 2453 764 2524 deploratio
805 2473 820 2510 :
865 2452 959 2512 Voe
1000 2458 1076 2512 eis
1101 2461 1193 2530 qai
1228 2473 1552 2518 recesserunt
1577 2481 1610 2518 a

191 2541 445 2617 Uanilesti
481 2557 605 2601 sttnt
640 2546 765 2617 quia
800 2547 959 2617 impie
985 2561 1201 2620 eperunt
1233 2551 1286 2605 in
1317 2568 1399 2607 me
1429 2568 1449 2608 .·
1482 2556 1611 2625 quia

192 2639 419 2707 'querunt
445 2652 526 2691 nse
552 2636 750 2707 [antem
787 2654 940 2708 aquoe
981 2640 1133 2706 aivoe.
1158 2650 1209 2695 et
1232 2641 1478 2711 [oderant
1510 2643 1611 2698 sibi

191 2726 281 2782 itos
308 2726 480 2793 lacus,
523 2727 612 2798 qui
641 2743 745 2781 non
770 2739 989 2797 possunt
1021 2747 1214 2801 aquam
1243 2735 1511 2790 continere
1540 2736 1608 2790 ⁸¹2

192 2814 261 2870 tia
294 2832 403 2873 non
448 2817 733 2874 audierunt
758 2817 974 2889 judices
998 2821 1138 2892 ejus.
1172 2824 1396 2881 audiant
1429 2827 1613 2884 diceu-

191 2905 390 2964 Deum:
420 2907 683 2965 Constitui
720 2927 873 2982 super
894 2929 983 2968 vos
1017 2914 1388 2985 speculatores.
1419 2918 1612 2975 Audite

191 3015 213 3052 s
251 3001 406 3055 taboe.
448 2999 515 3055 Et
554 3002 796 3058 dicerunt
822 3017 845 3057 .·
884 3003 1011 3061 Non
1047 3008 1325 3071 audiemus
1351 3009 1420 3067 ⁸⁸.
1463 3011 1616 3070 Unda

1709 1903 1812 1960 bus
1837 1904 1954 1960 ait:
1991 1900 2184 1960 Pacem
2212 1920 2380 1960 meam
2412 1904 2481 1959 do
2517 1903 2687 1970 vobis,
2717 1919 2897 1973 pacem
2924 1920 3092 1959 meam
3127 1905 3288 1962 relitt-

1706 2012 1810 2065 quo
1834 1993 1976 2051 vobis
2011 2010 2030 2050 .·
2095 2012 2198 2051 non
2228 1995 2361 2052 sicut
2386 1995 2616 2050 mundus
2643 1995 2733 2049 dat
2764 2011 2969 2065 pacem,
2996 2011 3091 2066 eqo
3111 1996 3180 2050 do
3203 2011 3293 2051 aa·

1711 2088 1789 2143 bis
1826 2087 1897 2143 ⁸⁸.
1943 2086 2011 2145 ln
2040 2088 2123 2143 leis
2167 2086 2309 2142 enim
2350 2088 2554 2144 duobus
2594 2085 2865 2142 mandatis
2895 2095 3010 2142 tota
3045 2085 3134 2142 lex
3164 2103 3291 2156 pea-

1709 2182 1816 2247 ἀει,
1848 2190 1896 2235 et
1919 2181 2183 2252 prophetae
2212 2180 2281 2235 “-

1782 2269 2028 2327 xxxlx.
2060 2271 2118 2327 Si
2154 2271 2279 2344 quis
2310 2271 2367 2327 in
2393 2271 2556 2328 domo
2593 2269 2912 2328 monasterii
2952 2272 3056 2328 sub
3084 2286 3293 2345 praepo-

1711 2363 1817 2418 sito
1842 2376 2090 2430 maneus,
2121 2362 2268 2419 nulla
2299 2376 2356 2419 re
2381 2361 2633 2434 indigens
2670 2378 2833 2434 quam
2863 2362 2920 2420 in
2953 2365 3290 2423 monasterio

1718 2455 1922 2511 babere
1937 2454 2264 2524 permissum
2287 2462 2400 2521 est3
2422 2463 2476 2510 et
2503 2452 2665 2510 habet
2690 2464 2925 2527 patrem,
2946 2454 3289 2527 fratremque

1713 2562 1768 2607 et
1799 2552 2032 2607 amicum
2066 2548 2475 2616 charissimum,
2512 2548 2647 2606 nibil
2689 2553 2757 2607 ab
2788 2552 2870 2608 ais
2897 2552 3111 2623 penitus
3141 2550 3296 2608 acet-

1717 2645 1854 2715 piat.
1886 2656 1993 2698 uon
2024 2640 2283 2706 tunicam,
2312 2654 2423 2695 non
2448 2639 2876 2710 palliolum‚:nan
2908 2641 3068 2697 aliam
3099 2656 3294 2712 quam·

1713 2737 1848 2794 libet
1875 2750 2010 2792 rem.
2046 2732 2104 2790 Si
2140 2740 2324 2789 sutem
2356 2728 2764 2803 comprobatum
2799 2730 2965 2788 luerit
3006 2733 3152 2803 quod
3192 2733 3298 2792 mi-

1714 2846 1819 2885 nus
1853 2827 2050 2886 babeat
2074 2823 2140 2882 de
2162 2823 2248 2880 bis
2271 2838 2392 2894 quae
2430 2831 2697 2895 praeoepta
2737 2831 2886 2887 sunt,
2922 2824 3081 2894 culpa
3111 2827 3293 2882 ottiais

1720 2931 1887 2993 atque
1911 2918 2181 2996 correct-io
2198 2917 2266 2972 ad
2297 2915 2644 2992 praepositum
2672 2924 3043 2972 convertetur.
3155 2979 3160 2984 ¹

1789 3011 1906 3071 XL.
1941 3009 2051 3069 Vos
2066 3010 2231 3081 igitur
2250 3007 2341 3081 qui
2361 3008 2495 3065 estis
2518 3007 2796 3080 principes
2815 3005 3294 3068 monasteriorum,

200 3093 562 3151 incredulitas!
583 3110 761 3154 nonne
785 3112 852 3154 ex
877 3110 966 3164 eo,
999 3100 1124 3167 quia
1156 3099 1365 3157 alienos
1406 3119 1608 3176 cogno·
1639 3119 1682 3177 c
1717 3108 1762 3165 si
1791 3121 1933 3179 quos
1960 3104 2143 3173 aliqua
2175 3115 2235 3157 re
2265 3099 2509 3156 videritis
2535 3099 2779 3172 indigere
2802 3109 2857 3156 et
2879 3112 3001 3156 esse
3028 3098 3080 3153 iu
3125 3111 3296 3166 angu-

191 3196 260 3251 ιιι,
304 3195 359 3242 et
411 3202 518 3243 non
560 3189 831 3245 adversati
873 3190 1041 3244 suut?
1079 3189 1344 3261 Loquitur
1388 3205 1442 3251 et
1483 3197 1611 3253 alibi

191 3287 272 3332 tus
291 3287 619 3350 sauctusper
633 3281 955 3351 prophetam
984 3298 999 3337 ι
1026 3278 1137 3353 Epo
1157 3282 1297 3337 enim
1330 3299 1444 3341 sum
1475 3285 1621 3345 Deus

192 3384 289 3425 ntts
321 3381 468 3437 tuas,
491 3373 580 3443 qni
606 3372 833 3442 formavi
858 3371 1070 3440 edam,
1099 3382 1151 3431 et
1180 3377 1354 3431 creari
1378 3387 1573 3435 terram
1597 3397 1624 3437 .·

228 3476 421 3515 manas
462 3463 813 3517 condiderunt
854 3479 1059 3518 omnem
1093 3468 1208 3524 coeli
1252 3470 1529 3537 militiam.
1567 3484 1614 3527 et

191 3551 388 3604 ›steudi
425 3567 540 3604 eam
579 3553 700 3617 tibi,
745 3561 802 3606 ut
848 3554 1143 3615 ambulares
1197 3573 1313 3632 post
1352 3562 1502 3619 illam
1548 3568 1616 3625 ⁸⁰.

191 3641 201 3690 l
230 3639 448 3705 quidem
477 3650 529 3693 et
552 3657 647 3710 per
678 3641 916 3715 Moysem
943 3652 1214 3722 praecepit,
1241 3655 1426 3713 dicens
1452 3677 1466 3712 t
1500 3658 1620 3717 Non

206 3731 502 3796 suspexeris
525 3731 729 3803 roelum,
762 3744 812 3790 et
844 3738 1039 3797 videris
1073 3744 1233 3799 solem
1262 3758 1310 3802 et
1342 3749 1526 3805 lunam
1555 3770 1618 3807 ac

191 3835 232 3870 rs
272 3829 320 3873 et
370 3836 520 3878 omne
566 3837 927 3883 ornamentum
971 3832 1110 3901 coeli,
1141 3852 1321 3893 errore
1370 3842 1616 3911 deceptus

191 3927 237 3964 es
273 3928 335 3966 ea
375 3913 440 3966 ⁸⁷.
478 3914 588 3986 Epo
630 3935 747 3973 suns
784 3920 921 3977 Deus
959 3927 1052 3996 qui
1089 3930 1255 3984 eduxi
1297 3942 1346 3987 te
1370 3934 1436 3989 de
1475 3944 1617 3992 terra

191 4002 292 4069 pti,
318 4011 368 4057 et
406 4003 570 4060 Deum
600 4018 749 4064 extra
776 4026 857 4066 me
887 4016 1077 4080 nescis.
1104 4029 1152 4073 et
1186 4021 1278 4090 qni
1299 4024 1471 4079 salvos
1497 4043 1619 4097 pos-

191 4110 324 4150 rcere
364 4113 466 4151 non
497 4110 576 4153 est
611 4113 804 4171 proeter
841 4118 944 4158 me.
980 4104 1095 4178 Epo
1122 4126 1241 4164 sum
1279 4115 1370 4184 qni
1408 4126 1460 4170 te
1495 4119 1619 4187 pani

197 4185 442 4254 titudine,
476 4190 530 4244 in
568 4202 709 4248 terra
741 4195 1082 4255 inhabitabili
1117 4215 1137 4255 .·
1175 4213 1224 4257 et
1264 4205 1465 4274 impleti
1493 4220 1616 4266 sunt

191 4275 347 4340 itate,
393 4289 442 4333 et
480 4280 681 4338 elevata
709 4296 836 4341 saut
862 4290 1027 4345 corda
1063 4308 1246 4348 eorum
1278 4295 1345 4353 ⁸⁰.
1384 4296 1615 4369 ideireo,

191 4366 195 4413 t
224 4379 347 4420 sunt
372 4371 495 4436 mei,
516 4382 566 4426 et
596 4388 691 4443 epo
716 4376 925 4431 tradam
952 4396 1040 4434 eos
1062 4382 1376 4451 dispersioni
1406 4389 1461 4443 in
1490 4408 1617 4462 qen·

211 4460 413 4515 cunetis
438 4461 506 4516 ⁸⁹.

191 4545 377 4605 txvu.
418 4548 551 4619 Quae
583 4554 870 4615 audientes
909 4563 1064 4630 quasi
1096 4564 1167 4623 de
1198 4583 1392 4629 somno
1421 4590 1618 4646 exper-

191 4653 331 4704 nmr,
371 4649 428 4695 et
456 4643 802 4710 praebeamus
834 4662 934 4704 nos
966 4649 1158 4724 dignos
1199 4658 1410 4717 Domini
1441 4668 1615 4722 servi-

191 4738 245 4784 ut
277 4732 628 4801 misereatur.
658 4744 717 4791 et
742 4737 888 4794 dicat
915 4743 1071 4798 uobis
1101 4763 1116 4800 :
1152 4747 1402 4807 invocate
1429 4771 1536 4825 me,
1560 4771 1619 4816 et

191 4822 463 4877 :sau-:iam
513 4841 628 4883 vos.
674 4828 798 4900 lpse
828 4833 974 4888 euim
1023 4836 1097 4891 ait
1141 4857 1156 4894 ε
1213 4840 1318 4907 Qui
1367 4846 1615 4917 dispersit

191 4906 239 4971 el,
285 4917 617 4983 conpregasit
658 4933 774 4973 eum
808 4921 883 4989 “3
917 4933 973 4978 et
1006 4923 1136 4981 alibi
1177 4945 1191 4983 ι
1229 4929 1354 4986 Non
1391 4934 1611 5005 faciam,

191 4998 244 5062 it,
268 4999 428 5070 juxta
450 5004 585 5061 iram
608 5004 806 5077 [uraris
839 5014 969 5082 mei,
998 5033 1092 5073 nec
1120 5020 1200 5074 sic
1229 5024 1521 5095 relinquam
1559 5044 1615 5085 ιιι

191 5106 242 5143 ιιι
290 5090 547 5163 Ephraim
586 5097 664 5168 ‘⁸3
694 5111 751 5157 et
793 5102 990 5161 iterum
1037 5124 1051 5163 ι
1101 5108 1226 5166 Non
1270 5116 1326 5169 in
1358 5127 1616 5175 oeternani

191 5200 254 5237 int
281 5202 390 5253 vos,
423 5204 519 5243 aec
542 5206 747 5265 semper
777 5195 983 5252 irascar
1016 5201 1180 5259 vobis.
1214 5204 1448 5275 Spiritus
1478 5216 1616 5267 enim

224 5276 511 5343 egreditar,
541 5292 590 5334 et
627 5295 782 5336 omtte
813 5287 954 5353 quod
987 5289 1154 5356 spirat
1187 5309 1286 5363 eqo
1324 5297 1423 5364 [eei
1451 5299 1517 5353 ⁰⁸.
1555 5301 1619 5355 Et

1718 3202 1820 3258 stia
1866 3198 2214 3261 constitutos,
2245 3193 2417 3249 nolite
2457 3191 2882 3265 eos-negligere.
2921 3192 3157 3251 scientes
3201 3203 3297 3243 vos
3323 3206 3338 3215 ·

1718 3291 2028 3351 reddituros
2073 3286 2340 3344 rationem
2387 3298 2488 3355 pro
2517 3283 2666 3341 omni
2708 3298 2896 3356 grege,
2945 3298 3105 3353 super
3143 3297 3296 3353 quem

1719 3402 1808 3440 vos
1856 3383 2092 3455 Spiritus
2133 3388 2350 3435 sanctus
2390 3376 2661 3432 constituit
2691 3377 2972 3445 inspicere,
3005 3382 3055 3427 et
3086 3387 3297 3439 pascere

1722 3475 2012 3531 Ecclesiam
2048 3472 2143 3527 Dei
2175 3486 2334 3542 quam
2374 3467 2650 3536 acquisit-it
2683 3465 2896 3535 proprio
2938 3460 3195 3532 sanquine
3224 3461 3291 3514 ⁸⁸.

1719 3569 2011 3637 Propterea
2056 3581 2150 3620 nos
2187 3564 2279 3634 qni
2320 3561 2563 3632 fortiores
2601 3573 2809 3619 samus.
2864 3555 3110 3610 debemus
3139 3551 3295 3621 infir·
3380 3543 3396 3555 ⁶

1721 3659 1929 3715 mitates
1960 3657 2315 3713 invalidorum
2361 3663 2595 3722 portare,
2629 3659 2678 3707 et
2722 3664 2824 3704 non
2875 3648 3126 3703 nobismet
3160 3644 3294 3714 ipsis

1719 3755 1960 3823 placere,
2024 3749 2117 3806 sed
2166 3748 2406 3819 proxima
2451 3746 2504 3800 in
2560 3746 2691 3799 bono
2729 3742 2799 3797 ad
2861 3738 3291 3811 aedificationem.

1724 3844 1866 3900 Nam
1919 3855 1968 3899 et
2010 3843 2251 3899 Christus
2302 3855 2406 3894 uon
2448 3836 2550 3892 sibi
2590 3835 2811 3905 placuit,
2837 3834 2964 3901 sed,
2992 3832 3126 3887 sicut
3165 3831 3297 3886 seri-

1720 3948 1866 4007 ptum
1895 3946 1968 3992 est
2000 3950 2019 3990 .·
2065 3931 2360 4002 opprobria
2400 3927 2828 3998 exprobrantium
2868 3924 2963 3978 tibi
2992 3923 3293 3978 ceciderant

1721 4042 1881 4097 super
1912 4041 1991 4081 me
2023 4025 2100 4091 ”;
2147 4031 2202 4079 et
2239 4021 2474 4077 iterum:
2513 4017 2636 4072 Non
2670 4031 2873 4088 quatra.
2919 4014 3113 4084 inquit,
3152 4013 3294 4083 quod

1720 4119 1850 4173 milti
1883 4115 2113 4184 expedit.
2140 4113 2233 4169 sed
2267 4111 2405 4183 qaod
2444 4108 2707 4175 omnibus,
2739 4117 2795 4161 ιιι
2835 4104 2969 4160 salsi
2995 4105 3129 4174 liant
3154 4104 3221 4154 ⁷⁰.

1791 4207 1931 4264 xm,
1967 4206 2026 4263 Si
2058 4213 2239 4262 autem
2288 4201 2546 4258 Dominus
2597 4213 2664 4255 ae
2711 4195 2963 4253 Sati-ator
3005 4201 3186 4250 noster
3218 4191 3293 4249 ita

1719 4298 1984 4371 praecipit.
2014 4307 2065 4351 et
2097 4295 2271 4353 sancti
2304 4295 2378 4348 ita
2415 4290 2720 4348 anniversali
2761 4295 2908 4354 sum,
2935 4284 3129 4342 Patres
3153 4298 3289 4355 quo-

1721 4409 1826 4462 que
1848 4390 2020 4446 nostri
2043 4390 2120 4445 ita
2141 4401 2241 4443 uos
2266 4386 2588 4448 docueruut,
2609 4393 3001 4451 consurgamus
3021 4393 3054 4434 a
3080 4392 3293 4440 somno.

1648 4469 1694 4525 D
1723 4491 1780 4538 et
1809 4496 1934 4550 qum
1966 4487 2094 4535 suut
2123 4476 2281 4534 uobis
2329 4479 2596 4545 praeoepts
2637 4469 2919 4525 iaciamus.
2958 4466 3296 4537 Qua-cunque

1719 4573 1856 4629 enim
1893 4573 2095 4643 scripta
2140 4579 2287 4634 sunt,
2318 4566 2390 4620 ad
2427 4571 2659 4619 nostram
2703 4561 3050 4616 eruditionem
3097 4559 3297 4630 scripta

1719 4675 1860 4730 sunt,
1905 4673 1963 4717 ιιι
1993 4678 2086 4732 per
2115 4658 2426 4730 patientiam
2453 4664 2502 4711 el
2539 4652 2951 4709 consolationem
2988 4649 3297 4721 Scriptura·

1722 4772 1841 4811 rum
1874 4770 2015 4824 spem
2039 4750 2326 4831 trabea-mas
2350 4747 2433 4814 ⁷¹3
2465 4754 2524 4802 et
2551 4743 2727 4801 nullus
2756 4751 2997 4798 nostrum
3027 4755 3194 4798 causa
3225 4741 3297 4796 sit

1719 4847 1928 4903 erroris
1971 4844 2158 4909 alieni.
2211 4855 2312 4897 nec
2361 4837 2677 4896 aemulemur
2734 4849 2827 4890 eos
2889 4833 2982 4904 qui
3039 4847 3295 4903 prospere

1718 4949 1884 5009 agunt
1905 4937 1957 4990 iu
1992 4937 2099 4990 vita
2130 4949 2249 4990 sua.
2274 4932 2410 4989 Cum
2430 4932 2578 4989 enim
2602 4927 2784 4985 omnia
2806 4923 3117 4981 necessaria
3143 4924 3294 4979 carui

1728 5030 1931 5086 luerint
1972 5027 2273 5093 consecuti,
2317 5025 2615 5082 morientes
2648 5021 2784 5077 nibil
2827 5033 3009 5075 secum
3043 5026 3292 5085 asporta·

1727 5121 1882 5175 bunt.
1917 5119 2036 5176 Filii
2075 5118 2254 5175 saculi
2282 5117 2443 5187 liujus
2476 5114 2675 5170 babent
2709 5111 2763 5166 in
2804 5110 2906 5166 hoc
2934 5106 3129 5163 saeculo
3161 5108 3296 5160 lizlu·

1726 5211 1891 5275 ciam,
1926 5210 2183 5281 ‹pioniam
2232 5208 2301 5264 de
2351 5203 2553 5262 mundo
2603 5209 2763 5267 sunt,
2792 5211 2845 5255 et
2885 5199 3116 5254 mundus
3150 5207 3297 5252 ιιιιιιιι

1727 5302 1872 5372 quod
1903 5317 2059 5356 suum
2093 5309 2196 5356 est.
2236 5298 2340 5367 Qui
2374 5289 2552 5352 aut‘em
2587 5291 2680 5348 lilii
2713 5291 2806 5348 Dei
2834 5296 2983 5356 suut,
3010 5286 3152 5342 illius
3182 5300 3297 5341 ser-

195 5460 350 5520 toan.
384 5480 459 5525 xt.
496 5466 551 5531 9,
586 5467 672 5523 10.
751 5468 801 5500 ⁸⁰
835 5465 996 5526 ltebr.
1033 5487 1087 5530 x.
1127 5472 1218 5527 59.
1292 5475 1338 5507 ⁸¹
1367 5474 1597 5533 l‘l'liesS.
1623 5496 1675 5541 v,
1704 5482 1756 5536 Β.
1830 5481 1877 5510 ⁸²
1918 5479 2059 5533 Psat.
2087 5495 2195 5544 cvl,
2226 5479 2278 5533 5.
2355 5477 2571 5531 ultam.
2609 5489 2684 5539 ιι,
2710 5472 2801 5526 2⁸.
2880 5474 2927 5504 ⁸·
2962 5471 3074 5529 Jer.
3114 5486 3174 5532 ιι.
3211 5472 3293 5533 ΓΞ.

218 5533 266 5565 ⁸⁸
303 5533 415 5590 ler.
452 5552 523 5599 rt,
565 5538 650 5592 17.

763 5536 812 5570 ⁸⁸
852 5539 953 5592 lsa.
991 5554 1112 5605 sav,
1150 5543 1203 5601 7,
1236 5543 1317 5598 18.
1398 5547 1443 5579 '⁸'
1483 5548 1634 5604 l)‹·ut.
1663 5566 1734 5618 tv,
1766 5549 1849 5605 tt).
1927 5549 1975 5581 ⁸⁸
2015 5550 2185 5607 Exuet.
2231 5547 2400 5609 xx‚2.
2473 5546 2521 5583 ⁸·
2558 5541 2670 5598 Jur.
2711 5557 2787 5605 tx,
2820 5541 2908 5606 15.
2939 5544 3023 5598 16.
3101 5542 3146 5574 ’0
3183 5539 3293 5595 Jer-

191 5646 195 5659 .
235 5604 320 5660 10.
402 5607 443 5638 ‘¹
484 5608 610 5663 ose.
642 5623 719 5665 ιι.
760 5609 815 5664 9.
892 5607 939 5639 ”
977 5608 1086 5666 Jer.
1116 5626 1194 5677 ιιι,
1224 5613 1310 5669 ¹2.
1400 5616 1447 5648 ⁰⁸
1486 5620 1612 5674 ibid.
1641 5620 1729 5674 14.
1805 5621 1849 5652 “
1893 5621 2023 5675 ibid.
2053 5622 2138 5675 tu.
2212 5621 2257 5651 ⁶⁵
2296 5617 2452 5672 Rom.
2488 5627 2607 5679 xlii,
2635 5612 2722 5677 11,
2757 5610 2838 5668 ti„
2917 5612 2964 5645 ‘⁸
2999 5611 3156 5669 Jcmn.
3188 5625 3295 5672 xiv·

206 5674 249 5702 ⁰
291 5676 481 5734 statut.
514 5692 647 5744 xxti,
676 5678 766 5734 10.
847 5679 890 5710 ‘⁸
923 5678 1042 5737 Act.
1095 5698 1187 5751 xx,
1223 5685 1313 5739 28.
1392 5688 1434 5720 ‘⁹
1474 5687 1624 5745 llum.
1673 5707 1759 5757 xv,
1809 5691 1936 5759 t-:·>;
1982 5690 2122 5746 l'sul.
2155 5690 2436 5756 ιλιιιῌθ.

3061 5683 3101 5712 ⁷¹
3135 5680 3295 5735 Rutu·

2526 5684 2572 5716 ἵ·
2600 5684 2619 5738 1
2649 5685 2774 5740 Cor.
2808 5699 2862 5741 x.
2895 5682 2984 5739 53.
