3725 6125
272 336 382 395 279

1548 332 1606 387 8.
1649 329 1923 386 ASTEtttt
1962 330 2264 389 Amasim!

3421 340 3527 397 280

271 469 407 512 neiis
436 453 660 512 maximi
695 451 1058 523 apostolorum
1105 448 1376 517 interpres
1406 443 1652 514 effectus,
1679 446 1850 501 demi·
1880 451 1925 504 Δ
1953 464 2065 516 γων
2105 448 2308 503 τούτων
2350 449 2702 522 θαυμάσειεν,
2749 452 3063 519 ἀξιόπιστος
3105 452 3396 526 γενόμενος
3441 454 3529 525 ἐρ-

242 545 385 601 ‘rari
413 545 626 617 possit?
653 541 846 598 Videte
868 540 1013 595 enim
1047 540 1281 609 primum
1314 546 1372 592 ut
1402 537 1471 592 sit
1503 552 1685 592 sermo
1711 536 1845 591 nibil
1952 541 2155 611 μηνεὺς
2194 539 2290 593 τοῦ
2338 540 2597 611 μεγίστου
2652 542 2759 597 τῶν
2799 544 3145 609 ἀποστόλωνς
3189 542 3388 616 Ὁρᾶτε
3426 543 3533 617 γὰρ

275 637 578 707 superfluus
608 650 671 690 ac
697 634 899 697 brevis,
929 646 1228 702 paucarum
1255 629 1553 685 dictionum
1579 628 1848 685 exclama·

279 729 447 795 tione,
483 740 662 782 rernm
701 723 1179 779 innumerabilium
1219 735 1647 792 magnarumque
1675 720 1847 775 virtu-

279 829 386 877 tem
436 832 735 886 exponens.
787 816 978 872 Omnis
1032 815 1233 886 quippe
1283 813 1375 869 hic
1428 814 1556 868 talis
1611 811 1849 883 optimus

275 927 473 974 sermo,
488 910 641 981 cnjus
661 920 745 965 est
767 908 965 965 decens
987 907 1212 975 locutio,
1240 921 1339 962 nec
1362 905 1670 961 redundans
1689 918 1852 959 sensu

277 1004 402 1063 exili
446 1019 512 1060 ac
545 1003 795 1070 modico;
830 1010 1021 1057 contra
1065 1016 1218 1067 vero,
1254 999 1347 1070 qui
1382 998 1668 1054 verborum
1702 995 1852 1051 brevi

277 1101 534 1149 contextu
577 1092 744 1148 multa
787 1092 1079 1165 significet,
1110 1092 1178 1147 ad
1214 1091 1391 1146 instar
1428 1089 1581 1162 grani
1616 1087 1853 1155 sinapis;

275 1188 418 1258 qnod
446 1186 693 1257 quidem,
718 1194 777 1241 ut
805 1185 1056 1241 manibus
1090 1194 1278 1241 teneas
1314 1192 1656 1253 speciesque,
1692 1180 1855 1236 mini·

278 1294 424 1334 mum
468 1287 593 1343 est,
637 1286 696 1332 ut
730 1285 908 1331 autem
949 1277 1031 1332 ori
1066 1291 1130 1331 ac
1167 1275 1364 1347 linguae
1391 1276 1717 1338 admoveas,
1760 1289 1858 1344 gu-

279 1380 524 1440 stesque,
555 1367 754 1423 animal
785 1376 961 1424 totum
989 1384 1016 1422 a
1051 1368 1278 1437 pedihus
1307 1367 1372 1421 ad
1403 1374 1568 1435 capnt
1599 1366 1664 1420 ad
1700 1381 1855 1420 suum

282 1464 452 1519 trabit
473 1462 730 1519 calorem.
756 1460 835 1516 Tu
861 1478 915 1517 es
954 1460 1196 1517 Christus
1236 1458 1416 1516 Filius
1438 1458 1534 1515 Dei
1556 1460 1682 1515 vivi.
1712 1457 1860 1514 Unus

284 1558 374 1615 hic
406 1572 586 1614 sermo
633 1558 700 1613 ad
737 1557 830 1613 Dei
875 1571 939 1611 ac
968 1554 1268 1611 Salvatoris
1316 1552 1486 1609 nostri
1530 1552 1859 1621 agnitionem

282 1651 595 1715 conserens,
624 1650 731 1705 duo
770 1648 887 1704 liaec
933 1647 1288 1718 intelligentia
1328 1646 1551 1717 respicit
1593 1659 1659 1699 ac
1698 1656 1859 1700 sensu

284 1742 448 1799 babet
477 1759 493 1797 ι
523 1757 697 1798 unum
737 1740 956 1812 quidem
985 1739 1129 1812 quod
1161 1738 1228 1794 ad
1257 1740 1488 1810 primam
1511 1744 1719 1809 spectat
1745 1736 1860 1791 ‹lei-

289 1830 414 1887 iatis
442 1831 878 1903 generationem,
911 1845 1105 1900 nempe
1155 1828 1387 1886 Verbum
1419 1828 1561 1899 quod
1610 1828 1664 1882 in
1707 1827 1860 1897 prin·
1896 1812 1937 1868 Β

284 1923 428 1993 cipio
457 1938 672 1993 semper
704 1932 807 1989 est,
834 1931 889 1978 et
917 1933 1002 1979 est
1047 1921 1187 1991 apud
1219 1922 1456 1986 Patrem,
1487 1935 1551 1977 ac
1588 1920 1728 1974 Deus
1755 1928 1858 1985 est,

289 2014 366 2069 nti
403 2027 501 2068 nos
534 2028 763 2084 magnus
795 2011 1032 2067 loannes
1071 2009 1162 2066 ille
1194 2010 1482 2087 theologus
1529 2008 1732 2073 docuit,
1763 2022 1860 2063 cen

289 2105 514 2177 spongia
544 2104 786 2175 qnaedam
814 2102 1088 2173 Unigeniti
1119 2117 1185 2158 ac
1215 2101 1498 2157 Dominico
1526 2099 1735 2170 pectori
1760 2098 1862 2154 ad·

295 2196 497 2265 {ac-ens,
529 2211 594 2252 ac
627 2195 752 2252 inde
776 2195 1006 2252 occultae
1039 2194 1325 2265 sapientiae
1355 2193 1723 2264 cognitionem
1755 2203 1867 2246 tra-

296 2288 455 2359 hens,
501 2290 730 2343 altarum
769 2303 898 2343 vero
951 2286 1095 2357 qnod
1149 2286 1215 2341 ad
1265 2286 1449 2341 carnis
1482 2284 1863 2347 oeconomiam,

291 2397 454 2451 «quiam
483 2382 654 2438 bonus
686 2380 823 2436 Dens
851 2379 1175 2450 assumpsit,
1203 2386 1401 2433 nostrae
1423 2391 1484 2431 se
1511 2375 1867 2431 imbecillitati

295 2473 583 2530 inclinans.
635 2472 829 2542 Opcrae
875 2472 1110 2542 pretium
1155 2482 1287 2539 ergo
1337 2468 1410 2522 sit
1464 2466 1869 2536 responsionem

295 2566 675 2636 contemplari,
729 2574 790 2617 nt
834 2562 984 2617 brevi
1021 2574 1278 2615 sermone
1320 2574 1386 2614 ac
1427 2558 1618 2629 paucis
1668 2558 1871 2626 verbis,

293 2658 534 2711 omnium
553 2662 808 2708 accurate
834 2650 1164 2705 intellectum
1191 2650 1377 2721 paucis
1393 2649 1772 2718 declaraverit,
1789 2660 1874 2705 at·

299 2763 408 2818 que
434 2746 504 2801 ab
534 2743 884 2800 inferioribus
916 2745 1080 2799 ducto
1109 2744 1338 2798 exordio
1363 2742 1429 2798 ad
1462 2744 1712 2800 sublimia
1740 2758 1876 2814 quo·

303 2853 409 2909 que
428 2836 709 2909 sigillatim
737 2836 977 2890 animum
1008 2836 1342 2892 subvexerit.

377 3021 457 3078 Τιι
493 3037 549 3078 es
584 3017 842 3076 Christus.
876 3016 982 3074 lsto
1013 3016 1372 3076 oeeonomiam
1403 3016 1662 3085 declarat,
1697 3032 1763 3074 ac
1784 3018 1879 3074 Dei

1953 632 2189 706 πρῶτον,
2229 634 2376 698 ὅπως
2418 634 2710 707 ἀπέριττος
2734 638 2764 689 ό
2790 636 2950 706 λόγος
2976 637 3073 692 καὶ
3118 636 3406 708 σύντομος,
3443 637 3536 691 ex«

1951 725 2191 795 φωνήσει
2242 724 2471 799 βραχείᾳ
2516 727 2723 799 μυρίων
2760 729 3102 801 πραγμάτων
3144 729 3240 782 καὶ
3281 727 3536 799 μεγάλων

1950 814 2180 887 δύναμιν
2210 816 2579 889 ἐκτιθέμενος.
2614 819 2733 882 Πᾶς
2757 819 2869 891 γὰρ
2895 819 3052 889 λόγος
3092 812 3249 885 οὗτος
3289 820 3536 892 ἄριστος,

1952 901 2123 980 οὗπερ
2156 909 2369 981 ἀνήκει,
2403 911 2496 963 καὶ
2529 909 2605 982 μὴ
2637 912 2903 983 περιῤῥὲῃ
2948 912 2981 982 ή
3023 912 3224 984 φράσις
3256 913 3345 966 ἐπ’
3375 912 3542 987 ὀλίγῳ

1956 1000 2198 1072 πενιχρῷ
2212 1000 2289 1072 τῷ
2312 1003 2564 1073 νοήματι·
2594 1004 2904 1057 τούναντίον
2927 1004 3006 1068 δὲ,
3034 1003 3237 1075 πλῆθος
3283 1005 3545 1077 πραγμά-

1954 1108 2064 1145 των
2102 1094 2161 1145 έν
2196 1092 2532 1166 βραχυλογίᾳ
2563 1095 2827 1169 σημαίνῃ,
2859 1096 3002 1151 κατὰ
3025 1096 3124 1168 τὴν
3152 1097 3422 1168 ὁμοίωσιν
3448 1098 3541 1151 τοῦ

1957 1184 2159 1239 κόκκου
2186 1185 2279 1240 τοῦ
2313 1185 2543 1251 νάπυος·
2569 1187 2628 1252 ὸς
2664 1188 2989 1260 μικρότατος
3031 1190 3130 1261 μὲν
3166 1188 3339 1255 ἔστιν,
3380 1191 3440 1244 ὲν
3470 1190 3541 1262 τῷ

1959 1278 2275 1350 κρατεῖσθαι
2306 1279 2400 1333 καὶ
2427 1277 2746 1350 βλέπεσθαι·
2784 1282 2833 1333 εἰ
2873 1280 2931 1333 δὲ
2976 1281 3343 1353 προσαγάγῃς
3385 1281 3531 1334 αὐτὸν

1960 1373 2025 1441 τῇ
2062 1370 2313 1443 αἰσθήσει
2348 1372 2443 1425 τοῦ
2490 1372 2781 1444 πόματος,
2824 1373 2944 1427 ὅλον
2988 1372 3049 1426 τὸ
3092 1372 3232 1437 ζῶον
3263 1376 3329 1427 ὲκ
3373 1372 3531 1426 ποδῶν

1962 1461 2045 1523 εἰς
2079 1460 2341 1533 κεφαλὴν,
2382 1461 2519 1534 πρὸς
2547 1463 2647 1534 τὴν
2673 1462 2879 1517 οἰκείαν
2913 1458 3061 1516 εἷλκε
3100 1462 3440 1534 θερμότητα.
3465 1462 3540 1518 Σὺ

1961 1550 2019 1603 εἴ
2058 1549 2313 1619 Χριστὸς
2347 1554 2382 1605 d
2422 1552 2554 1618 Υἱὸς
2593 1552 2701 1607 τοῦ
2750 1550 2900 1606 Θεοῦ
2944 1550 3051 1605 τοῦ
3084 1549 3319 1617 ζῶντος.
3366 1552 3390 1569 ”

1962 1639 2122 1709 λόγος
2150 1642 2180 1695 ό
2210 1641 2478 1697 συντελῶν
2511 1642 2649 1715 πρὸς
2677 1643 2778 1713 τὴν
2817 1643 3111 1712 ἐπίγνωσιν
3140 1641 3234 1696 τοῦ
3267 1641 3406 1696 Θεοῦ
3455 1644 3549 1698 καὶ

1966 1735 2218 1809 Σωτῆρος
2264 1738 2443 1810 ήμῶν,
2475 1739 2614 1811 πρὸς
2644 1737 2738 1793 δύο
2768 1738 2940 1793 ταῦτα
2975 1740 3070 1794 καὶ
3121 1739 3414 1813 θεωρεῖται
3460 1739 3550 1793 καὶ

1968 1828 2290 1899 στρέφεται·
2326 1830 2386 1884 ἓν
2422 1829 2541 1900 μὲν,
2575 1832 2604 1885 ὀ
2635 1829 2736 1900 τῆς
2767 1830 3060 1901 ἀρχεγόνου
3095 1829 3387 1902 θεότητος·
3431 1831 3551 1901 ἥτις

1970 1922 2117 1976 ἐστὶν
2142 1924 2172 1975 ό
2198 1923 2255 1975 ὲν
2287 1922 2430 1995 ἀρχῇ
2460 1923 2633 1991 Λόγος
2663 1922 2739 1978 ὢν
2778 1924 2887 1989 ἀεὶ,
2927 1924 3021 1977 καὶ
3049 1924 3187 1997 πρὸς
3211 1924 3305 1978 τὸν
3329 1922 3553 1994 Πατέρα

1969 2011 2065 2079 ὢν,
2095 2013 2192 2068 καὶ
2240 2014 2375 2077 Θεὸς
2427 2012 2526 2078 ὢν,
2574 2012 2758 2077 καθὼς
2805 2015 2952 2085 ἡμᾶς
2998 2015 3027 2068 ὀ
3076 2013 3253 2085 μέγας
3303 2011 3552 2083 θεολόγος

3392 1553 3546 1619 Απαξ

1986 2104 2236 2176 Ἰωάννης
2263 2103 2749 2178 ἐμυσταγώγησεν,
2766 2100 2877 2160 οἷον
2908 2106 3145 2175 σπογγιά
3161 2122 3245 2169 τις
3270 2103 3349 2176 τῷ
3367 2104 3554 2176 στήθει

1972 2194 2069 2249 τοῦ
2096 2194 2434 2264 Μονογενοῦς
2461 2196 2886 2268 παρακείμενος,
2913 2195 3166 2250 κάκεῖθεν
3196 2194 3435 2260 ὲλκὺσας
3456 2195 3554 2266 τῆς

1975 2286 2365 2359 κεκρυμμένης
2395 2286 2587 2357 σοφίας
2618 2287 2718 2359 τὴν
2762 2285 2994 2357 γνῶσιν·
3027 2286 3215 2358 ἕτερον
3249 2285 3328 2353 δὲ,
3367 2285 3431 2339 τὸ
3455 2285 3554 2355 τῆς

1975 2375 2307 2449 οἰκονομίας,
2354 2380 2421 2450 ήν

1976 2462 2079 2532 τῆς
2107 2462 2393 2527 ἀσθενείας
2421 2465 2577 2536 ἡμῶν
2604 2464 2946 2530 κατεδέξατο.
2983 2465 3169 2531 Ἄξιον
3207 2464 3389 2519 τοίνυν
3424 2466 3555 2519 θεω·

2468 2377 2672 2448 ἀγαθὸς
2726 2380 2756 2431 ὁ
2791 2377 2924 2441 Θεὸς
2966 2377 3103 2447 πρὸς
3146 2376 3553 2446 συγκατάόασιν

1984 2553 2146 2626 Ρῆσαῑ
2184 2554 2281 2627 τὴν
2314 2555 2627 2623 ἀπόκρισιν,
2665 2556 2814 2620 ὅπως
2846 2556 2904 2609 ὲν
2938 2555 3276 2628 βραχυλογία
3313 2556 3411 2610 καὶ
3446 2556 3555 2608 ὀλι-

1965 2649 2362 2721 ζορημοσύνῃ,
2403 2648 2621 2703 πάντων
2686 2647 2930 2720 ἀκριῆῶς
2991 2650 3050 2702 ἐν
3084 2647 3253 2719 ὀλίγῳ
3297 2647 3401 2720 τὴν
3445 2648 3560 2703 διά-

1983 2758 2133 2796 νοιαν
2172 2740 2576 2814 παρεδήλωσεν,
2618 2738 2924 2812 ἀρξάμενος
2964 2739 3071 2793 ἀπὸ
3106 2738 3217 2794 τῶν
3259 2740 3430 2803 κάτω,
3470 2739 3563 2793 καὶ

1986 2835 2122 2908 πρὸς
2167 2831 2239 2887 τὰ
2293 2832 2473 2903 ὑψηλὰ
2521 2832 2665 2887 κατὰ
2724 2832 2887 2904 μέρος
2946 2830 3243 2900 ἀναγαγὼν
3297 2831 3400 2903 τὴν
3446 2830 3562 2885 διὰ·

1986 2946 2154 2987 νοιαν.

2060 3024 2145 3079 Σὺ
2182 3018 2244 3078 εἴ
2265 3025 2299 3078 ὁ
2330 3022 2602 3092 Χριστός.
2639 3019 2811 3075 Τοῦτο
2840 3021 2937 3093 τῆς
2964 3020 3280 3093 οἰκονομίας
3307 3018 3559 3092 δήλωσις,

308 3117 557 3171 incarne
582 3112 975 3183 apparitionem
1005 3110 1283 3168 edisserit.
1317 3108 1427 3167 Nee
1454 3110 1600 3166 enim
1631 3112 1882 3167 Christus
1992 3117 2088 3172 καὶ
2140 3116 2241 3186 τῆς
2290 3115 2556 3186 ὲνσάρκου
2628 3112 2947 3182 θεοφανείας
3016 3111 3294 3186 ἐξήγησις·
3333 3109 3391 3163 Ὅ
3448 3109 3555 3182 γὰρ

314 3220 513 3263 nomen
543 3214 627 3263 est
661 3204 984 3274 praeaeterni,
1011 3205 1107 3258 sed
1133 3203 1505 3273 ungendorum
1540 3203 1727 3274 gratiae
1754 3203 1887 3258 indi·

311 3299 479 3354 catio.
520 3282 879 3365 Quamobrem
922 3297 1093 3353 etiam
1132 3296 1393 3357 Dominus
1430 3303 1621 3355 noster
1667 3311 1790 3351 cum
1832 3295 1885 3350 id

312 3390 534 3445 mnnino
568 3386 895 3457 susceperit,
935 3398 993 3441 ut
1037 3389 1202 3443 homo
1240 3385 1413 3455 lieret,
1449 3386 1665 3460 aliaque
1704 3388 1886 3444 omnia

318 3484 619 3553 spectantia
655 3480 721 3535 atl
755 3495 1000 3545 carnem,
1034 3495 1139 3534 una
1172 3494 1388 3551 quoque
1426 3481 1654 3551 suscipit
1692 3488 1749 3535 ut
1788 3496 1890 3551 ap·

314 3575 546 3646 pelletur
582 3574 851 3639 Christus,
892 3582 1146 3645 tanquam
1178 3573 1432 3628 inunctus
1457 3572 1508 3627 in
1542 3588 1745 3645 regem,
1781 3589 1889 3628 non

322 3669 443 3725 oleo
477 3683 683 3734 cornu,
717 3669 790 3721 nti
833 3665 1051 3723 Samuel
1083 3666 1382 3737 Davidque,
1414 3679 1480 3722 ac
1517 3667 1774 3731 deinceps
1800 3665 1895 3719 alii

322 3760 600 3827 bominem
630 3761 722 3815 sed
765 3759 1000 3830 Spirius
1028 3760 1363 3830 operatione,
1402 3774 1499 3829 per
1533 3774 1694 3829 quam
1727 3758 1893 3812 ctiam

323 3853 634 3909 Dominicus
657 3852 767 3924 (41)
797 3853 884 3908 ille
915 3855 1076 3909 bomo
1091 3852 1195 3924 (sic
1215 3852 1359 3907 enim
1387 3851 1537 3906 multi
1561 3851 1790 3906 libenter
1813 3847 1898 3903 Je-

326 3961 446 3999 sum
475 3943 770 4015 appellant)
809 3944 1046 3999 mirabili
1078 3946 1335 4015 quadam,
1380 3957 1626 4013 novaque
1658 3957 1724 3996 ac
1754 3943 1900 3996 inso-

326 4039 423 4093 lita
457 4037 665 4092 ratione.
693 4037 747 4091 in
782 4033 1019 4107 Virginis
1046 4042 1206 4090 utero
1243 4044 1535 4103 conceptus
1564 4031 1684 4086 suit.
1716 4030 1899 4087 lesum

331 4143 495 4199 porro
514 4129 797 4183 consessus
821 4127 990 4182 nostri
1009 4142 1169 4182 causa
1194 4124 1393 4180 factum
1420 4123 1711 4187 bominem,
1738 4123 1905 4177 baud-

333 4234 604 4290 quaqnam
640 4217 753 4273 illic
784 4232 1092 4273 sermonem
1128 4214 1434 4270 terminavit
1464 4231 1478 4267 :
1507 4213 1766 4283 quinimo
1793 4212 1904 4284 spi·

333 4310 475 4365 ritali
511 4308 653 4365 scala
701 4307 868 4364 Jacob
917 4309 970 4362 in
1018 4306 1216 4362 coelum
1262 4304 1653 4366 conscendens,
1703 4304 1904 4373 Deique

338 4401 595 4466 Verbum,
622 4400 911 4470 quoderat
939 4400 990 4454 in
1021 4397 1308 4469 principio,
1332 4394 1748 4464 contemplatus,
1780 4409 1907 4464 pro·

1994 3204 2274 3281 [Χριστὸς]
2307 3206 2407 3259 οὐκ
2434 3205 2580 3258 ἐστιν
2604 3203 2774 3275 ὄνομα
2799 3202 2893 3257 τοῦ
2924 3200 3266 3275 προαιωνίου,
3295 3196 3429 3252 ἀλλὰ
3453 3197 3552 3266 τῆς

1992 3302 2101 3359 τῶν
2147 3298 2450 3375 χριαμὲνων
2515 3297 2736 3370 χάριτος
2796 3298 3038 3369 μήνυμα.
3087 3294 3172 3349 Διὸ
3215 3290 3304 3346 καὶ
3342 3287 3545 3359 Rapa,-

1996 3392 2151 3466 ἡμῶν
2194 3386 2629 3463 καταδεξάμενος
2658 3388 2796 3451 ὅλως
2842 3387 2903 3440 τὸ
2918 3385 3224 3477 ἄνθρωπος
3270 3376 3555 3450 γενέσθαι,

2000 3490 2094 3543 καὶ
2123 3490 2192 3542 τὰ
2217 3485 2352 3542 ἄλλα
2384 3482 2564 3537 πάντα
2606 3482 2711 3536 ὅσα
2741 3447 3036 3552 στρέφεται
3070 3475 3200 3553 περ),
3225 3472 3330 3546 τὴν
3361 3471 3568 3542 σάρκα,

2002 3574 2462 3646 συγκαταδέχεται
2502 3573 2597 3626 καὶ
2642 3570 2884 3625 καλεῖται
2916 3569 2963 3602 ’⁸
3005 3564 3253 3640 χρισθεὶς
3288 3563 3372 3628 είς
3417 3560 3573 3632 βασι-

1999 3671 2117 3736 λέα,
2144 3670 2205 3723 οὐ
2235 3668 2312 3740 τῷ
2340 3667 2502 3738 ἐλαίῳ
2526 3664 2620 3719 τοῦ
2648 3664 2897 3735 κέρατος,
2936 3661 3010 3724 ὡς
3043 3656 3320 3732 Σαμουὴλ,
3358 3655 3454 3710 καὶ
3475 3656 3580 3706 Aa·

2003 3760 2107 3824 616,
2136 3760 2231 3813 καὶ
2262 3759 2312 3812 οἰ
2341 3756 2574 3827 καθεξῆς
2614 3754 2909 3826 ἅνθρωποι,
2933 3751 3069 3806 ἀλλὰ
3098 3754 3167 3823 τῇ
3203 3748 3457 3821 ὲνεργείι
3488 3743 3583 3799 τοῦ

2005 3851 2341 3923 Πνευματος,
2374 3845 2497 3901 καθ’
2522 3846 2588 3916 ἣν
2617 3847 2709 3898 καὶ
2739 3847 2767 3898 ὁ
2795 3843 3074 3915 Κυριακὸς
3118 3840 3416 3912 ἅνθρωπος
3472 3835 3586 3906 (οὖ-

2004 3963 2081 3999 τω
2132 3943 2241 4015 γὰρ
2278 3942 2388 4005 τοῖς
2421 3939 2631 4002 πολλοῖς
2678 3937 2829 4007 φίλον
2877 3931 3310 4008 προσαγορεύειν
3346 3932 3440 3985 τὸν
3487 3929 3585 3999 ’-Ιη

2009 4035 2155 4105 σοῦν)
2198 4032 2528 4105 θαυμαστῶς
2567 4029 2770 4102 ὲκυήθη
2801 4029 2894 4082 καὶ
2937 4024 3259 4098 παραδόξως
3300 4027 3361 4077 ὲν
3387 4027 3455 4095 τῇ
3486 4039 3579 4091 γα-

2010 4133 2132 4206 στρὶ
2168 4133 2268 4205 τῆς
2306 4129 2602 4204 Παρθένου.
2638 4127 3005 4200 Ὀμολογήσας
3037 4124 3095 4179 δὲ
3126 4123 3217 4177 τὸν
3252 4120 3468 4194 Ιησουν
3499 4121 3582 4173 τὸν

2011 4226 2151 4298 ὑπὲρ
2182 4223 2338 4297 ἡμῶν
2371 4222 2660 4294 γενόμενον
2704 4219 3010 4292 ἄνθρωπον,
3044 4217 3145 4270 οὐκ
3174 4213 3374 4286 ἔστησε
3428 4212 3585 4283 μέχρι

2009 4314 2199 4370 τούτου
2226 4314 2409 4382 λόγον·
2439 4312 2574 4367 ἀλλὰ
2599 4311 2685 4366 διὰ
2711 4311 2808 4382 τῆς
2839 4309 3104 4380 κλίμακος
3134 4303 3228 4360 τοῦ
3265 4303 3465 4358 ’Ῑακὼὸ
3489 4302 3587 4371 τῆς

2012 4407 2210 4479 νοητῆς
2237 4408 2373 4480 πρὸς
2404 4404 2494 4459 τὸν
2523 4402 2753 4477 οὐρανὸν
2798 4400 3024 4465 ἁναὸἀς,
3056 4397 3151 4453 καὶ
3188 4395 3484 4466 γενόμενος
3530 4394 3587 4445 ὲν

336 4495 510 4563 priam
547 4492 623 4547 illi
659 4505 954 4560 veramque
999 4489 1316 4557 dignitatem
1347 4503 1395 4542 a
1400 4486 1611 4556 ljungit,
1652 4485 1747 4539 Dei
1798 4484 1905 4539 vivi
1939 4520 1984 4577 D
2015 4500 2219 4573 θεωρίᾳ
2246 4497 2340 4551 τοῦ
2371 4499 2427 4550 {v
2459 4497 2601 4568 ἀρχῇ
2633 4492 2767 4547 Θεοῦ
2796 4492 2988 4561 Λόγου
3034 4487 3395 4562 προστίθησιν
3443 4481 3589 4554 αὐτῷ

336 4589 534 4646 Filium
560 4586 855 4658 appellans.
891 4587 1159 4641 Accurate
1193 4598 1322 4639 vero
1353 4583 1460 4649 bic,
1496 4596 1560 4636 ac
1591 4594 1694 4634 non
1723 4578 1902 4634 alius:

341 4685 495 4752 isque
524 4682 642 4752 ipse
670 4688 873 4734 rectam
905 4678 1149 4746 nihilque
1185 4676 1426 4748 perversi
1461 4673 1749 4730 habentem
1784 4671 1907 4726 lidei

341 4773 624 4830 confessus
648 4770 915 4843 regulam,
943 4768 1256 4838 cunctisque
1285 4767 1440 4822 nobis
1469 4763 1761 4819 inviolabili
1794 4763 1912 4832 lege

342 4868 564 4923 tradens
594 4864 812 4935 pictatis
830 4879 1161 4926 sermonem,
1188 4861 1328 4917 baud
1357 4860 1645 4915 indonatus
1669 4857 1820 4919 abiit,
1846 4873 1913 4912 ac

341 4964 462 5017 sine
492 4958 712 5030 przemio
744 4975 760 5012 ι
790 4957 919 5027 quin
955 4954 1140 5024 potius
1170 4953 1238 5007 ab
1264 4966 1330 5007 eo
1353 4951 1543 5007 beatus
1572 4961 1912 5017 nuncupatus

344 5055 435 5123 qui
467 5051 667 5110 eximie
692 5051 883 5106 beatus
907 5055 1010 5110 est,
1041 5045 1164 5101 ndei
1197 5051 1347 5116 petra
1376 5041 1696 5112 appellatur,
1723 5038 1915 5095 funda.-

349 5152 697 5215 mentumque
725 5157 791 5197 ac
820 5141 966 5196 basis
997 5138 1091 5194 Dei
1122 5136 1398 5193 Ecclesiae.
1426 5133 1640 5204 Accipit
1673 5147 1800 5187 vero
1823 5148 1919 5201 per

349 5235 766 5305 promissionem
796 5232 982 5290 claves
1028 5231 1200 5301 regni,
1239 5228 1462 5299 ejusque
1502 5237 1778 5298 portarum
1815 5223 1921 5280 elli-

347 5328 491 5383 citur
536 5326 807 5392 dominus,
854 5339 913 5381 ut
955 5327 1168 5396 aperiat
1207 5324 1403 5395 quibus
1428 5323 1677 5389 voluerit,
1706 5320 1921 5377 claudat

350 5433 481 5475 vero
507 5416 708 5489 quibus
730 5416 853 5485 iure
878 5417 1192 5473 claudendae
1227 5417 1334 5472 sint
1357 5432 1372 5481 ;
1403 5415 1560 5486 plane
1586 5429 1714 5471 vero
1745 5413 1917 5484 polln-

352 5505 422 5562 tis
451 5519 516 5562 ac
544 5502 808 5575 profanis,
853 5519 915 5560 ac
960 5520 1080 5559 cam
1129 5503 1447 5577 negantibus
1490 5503 1914 5567 consessionem,

421 5649 469 5683 ’⁸
493 5649 622 5720 Leg.
663 5647 960 5704 καλεῖσθαι.
1038 5648 1082 5680 “
1122 5649 1250 5719 Leg.
1309 5648 1686 5721 ἀδιάστροφον.

2006 4594 2068 4647 τὸ
2104 4589 2381 4659 ἐξαίρετον
2423 4585 2519 4640 καί
2563 4583 2814 4657 ἀληθινὸν
2864 4580 3101 4655 ἀξίωμα,
3150 4579 3281 4634 Υίὸν
3326 4576 3425 4632 τοῦ
3453 4575 3587 4630 Θεοῦ

2009 4676 2455 4754 προσαγορεύσας
2495 4675 2589 4729 τοῦ
2633 4675 2853 4740 ζῶντος.
2897 4673 3166 4747 Ἀκριόῶς
3199 4672 3259 4727 δὲ
3297 4665 3454 4735 ουτος
3496 4668 3590 4723 καὶ

2008 4774 2106 4843 οὐχ
2132 4772 2349 4841 ἔτερος·
2385 4768 2544 4832 αὐτός
2591 4783 2649 4820 τε
2690 4765 3029 4838 ὁμολογήσας
3060 4763 3151 4817 τὸν
3187 4761 3319 4832 εὐθῆ
3354 4761 3450 4815 τὸν
3476 4758 3590 4814 διά-

2012 4880 2243 4937 στροφον
2268 4863 2316 4896 ⁰⁸
2343 4861 2543 4916 κανόνα
2571 4860 2669 4928 τῆς
2696 4858 2953 4922 πίστεως,
2986 4855 3082 4910 καὶ
3124 4854 3292 4907 πᾶσιν
3321 4853 3455 4925 ήμῖν
3483 4867 3585 4904 πα-

2017 4956 2208 5029 ραδοὺς
2234 4954 2327 5008 τὸν
2364 4953 2464 5024 τῆς
2495 4950 2777 5013 εὐσεθείας
2804 4948 2984 5019 λόγον,
3014 4945 3375 5019 ἀπαράόατον
3406 4943 3586 5015 νόμον,

2015 5049 2115 5101 οὐκ
2151 5046 2382 5118 ἄμισθος
2413 5043 2645 5116 ἀπῆλθε,
2690 5042 2811 5097 οὐδὲ
2854 5039 3158 5113 ἀγέραστος
3180 5053 3194 5068 ·
3230 5036 3505 5109 μακάριος
3531 5031 3586 5086 δὲ

2016 5139 2336 5212 ὀνομασθε“ις
2379 5136 2533 5209 παρὰ
2574 5135 2669 5189 τοῦ
2717 5133 2885 5197 ὅντως
2920 5129 3212 5204 μακαρίου,
3264 5127 3447 5199 πέτρα
3492 5142 3591 5180 κα·

2018 5232 2190 5285 λεῖται
2230 5231 2328 5301 τῆς
2380 5229 2649 5292 πίστεως,
2699 5226 2795 5280 καὶ
2844 5224 3119 5294 θεμέλιος,
3163 5220 3258 5274 καὶ
3308 5217 3595 5290 ὕποόάθρα
3659 5264 3672 5272 .

2019 5324 2118 5394 τῆς
2169 5321 2312 5376 κατὰ
2353 5321 2485 5375 Θεὸν
2529 5316 2878 5392 Ἐκκλησίας..
2919 5312 3202 5385 Λαμόάνει
3245 5310 3306 5365 δὲ
3357 5309 3449 5365 διὰ
3495 5308 3595 5378 τῆς

2021 5415 2366 5486 ὑποσχέσεως
2402 5414 2505 5485 τῆς
2552 5409 2827 5484 βασιλείας
2872 5406 2972 5472 τὰς
3019 5405 3202 5471 κλεῖς,
3253 5402 3350 5458 καὶ
3405 5401 3597 5476 κύριος

2021 5508 2230 5576 γίνεται
2261 5507 2369 5560 τῶν
2400 5505 2615 5576 ἐκείνης
2649 5501 2852 5564 πυλῶν,
2886 5499 3024 5554 ὥστε
3057 5496 3230 5561 αὐτὰς
3272 5496 3599 5565 ᾰπανοίγειν

425 5782 540 5854 (n)
595 5784 760 5840 Caute
820 5783 1088 5840 bominem
1142 5785 1477 5842 Dominicum
1522 5783 1787 5857 appellat,
1846 5781 1922 5838 uti
1949 5749 2123 5838 *etiam
2160 5778 2344 5851 Gru-g„
2377 5786 2513 5835 orat.
2549 5777 2636 5832 51.
