3725 6125
169 280 276 338 465

1343 275 1628 333 nomm
1668 277 1805 335 xxi.
1851 280 1920 336 ΙΝ
1955 280 2152 337 PSAL.
2195 280 2301 337 vn.

3332 284 3440 343 teo

174 389 424 458 ἐλέγετος
458 384 685 457 ’Ῑεμενεὶ
700 383 800 459 μὲν
817 386 1045 449 υίὸς,ὡς
1064 387 1173 440 ἀπὸ
1200 388 1294 440 τοῦ
1329 388 1761 461 δήμουἹεμενεὶ,
1793 402 1837 456 Α
1875 394 2012 449 tilius
2038 396 2234 449 Aracbi
2253 394 2480 449 ¹?Je1nini
2502 394 2717 463 quidem
2745 392 2908 459 iilius,
2937 401 2993 448 ut
3018 395 3254 465 apopulo
3278 394 3443 452 lemi-

171 482 292 536 ὅθεν
306 475 452 551 ἦσαν
477 478 511 532 ὁ
526 475 698 531 Σαοὺλ
712 476 807 529 καὶ
836 478 865 529 ὀ
896 477 1112 546 Σεμεεὶ,
1127 480 1221 531 καὶ
1238 481 1266 532 ὁ
1283 479 1381 550 τὴν
1392 481 1650 548 ἀγγελίαν
1668 500 1765 536 κα-

176 569 504 643 ταμηνύσας
516 566 610 622 τοῦ
627 567 816 620 Σαούλ·
837 567 951 631 υἱὸς
981 568 1038 621 δὲ
1064 570 1274 641 ’Δραχὶ,
1296 570 1370 635 ὡς
1390 572 1497 625 ἀπὸ
1528 572 1620 624 τοῦ
1658 590 1764 627 πα·

181 663 333 733 τρός.
359 662 432 714 Ἠ
450 661 542 715 καὶ
556 659 738 730 ἐπειδὴ
768 658 993 729 ‘lc-:pavet
1031 661 1391 732 ἑρμηνεύεται
1413 662 1583 726 δεξιὰ,
1618 664 1768 730 δεξιὰ

184 752 242 804 δὲ
265 752 390 822 χεὶρ
413 752 469 803 ὲν
488 751 552 820 τῇ
576 748 790 819 ἀνάγκῃ
815 747 893 818 τῷ
907 750 1065 804 avete
1087 751 1313 818 ἐγίνετο.
1336 736 1461 814 Υἱὸς
1480 753 1660 819 δεξιᾶς
1674 753 1767 806 οὗ·

186 858 296 903 τως
316 842 344 893 ὁ
374 837 623 908 Βενιαμὶν
637 837 748 891 ἀπὸ
762 836 856 889 τοῦ
889 837 1195 907 συμόάντος
1234 841 1346 902 υίὸς
1368 840 1557 911 ὀδύνης
1586 842 1768 909 ἑλέγε·

190 947 252 982 το
266 924 636 998 (53).Ἔμαθες
651 927 751 996 τῆς
768 926 974 989 εἰκόνος
989 926 1083 979 τοῦ
1096 927 1310 997 ψαλμοῦ
1333 928 1394 980 τὸ
1420 929 1763 1001 ἐπίγραμμα·

197 1021 271 1072 ῐδε
299 1019 476 1072 λοιπὸν
505 1018 599 1071 καὶ
621 1016 684 1069 τὸ
715 1016 951 1087 γράμμα
982 1018 1072 1069 τοῦ
1102 1018 1341 1088 ψαλμοῦ.
1372 1021 1549 1087 Κύριε
1568 1024 1601 1073 ὀ
1625 1021 1769 1089 Θεός

190 1130 322 1181 μου,
347 1111 442 1163 ἐπὶ
474 1110 575 1163 σοί
611 1109 866 1177 ἤλπισα,
901 1108 1108 1163 σῶσόν
1131 1128 1221 1179 με.
1255 1111 1373 1164 Κᾶν
1406 1111 1515 1183 γὰρ
1547 1114 1576 1165 ὀ
1600 1111 1769 1165 Χουσὶ

192 1202 410 1273 μεσίτης
435 1201 530 1254 τοῦ
562 1201 842 1273 δράματος
866 1201 1109 1269 γέγονεν,
1139 1202 1242 1255 κᾶν
1269 1206 1334 1273 τῇ
1370 1203 1637 1275 πανοπλίᾳ
1661 1203 1769 1257 τῶν

186 1293 354 1361 λόγων
383 1292 481 1345 τὸν.
506 1292 770 1363 τύραννον
802 1291 1011 1361 ἔδησεν,
1043 1291 1156 1344 ἀλλ’
1192 1292 1355 1355 αὐτὸς
1389 1291 1595 1356 ἔδωκας
1621 1292 1770 1363 αὐτῷ

185 1384 340 1453 λόγον
367 1386 424 1437 ὲν
453 1384 653 1449 ἀνοίξει
677 1384 961 1454 στόματος,
992 1384 1153 1445 αὐτὸς
1188 1385 1249 1436 τὸ
1275 1382 1474 1455 Θάρσος
1493 1385 1766 1448 ὲνέδυσας,

185 1476 350 1539 αὐτὸς
383 1475 482 1539 τὰς
527 1475 721 1545 βουλὰς
748 1475 843 1528 τοῦ
889 1474 1168 1544 Ἀχιτόιρελ
1198 1474 1568 1538 διεσκέδασας,
1611 1476 1771 1539 αὐτὸς

192 1567 284 1619 τὸν
325 1564 648 1636 Ἀὂεσαλὼμ
671 1568 785 1627 τοῖς
807 1565 985 1632 λόγοις
1018 1564 1112 1617 τοῦ
1144 1564 1298 1633 φίλου
1329 1565 1642 1635 συνέδησας,
1674 1566 1771 1618 αύ-

189 1657 280 1719 τός
313 1655 466 1725 αὐτῷ
500 1655 562 1708 τὸ
603 1656 821 1726 δένδρον
855 1655 1113 1726 δικαστὴν
1149 1656 1244 1706 καὶ
1280 1655 1471 1725 δήμιον
1505 1656 1772 1726 ἐχειροτό-

1870 488 2100 549 ni,nnde
2118 495 2271 541 erant
2291 486 2440 552 Saul,
2461 496 2516 541 et
2535 485 2737 550 Semei,
2765 485 2965 556 quique
2988 487 3234 541 nuntium
3265 488 3444 543 attulit

1869 577 1932 630 de
1952 575 2111 631 Saule
2143 577 2190 609 ⁸⁰
2214 595 2228 642 ;
2267 576 2408 631 iilius
2429 592 2553 631 vero
2577 576 2799 639 Aradii,
2820 585 3073 644 tanquam
3109 593 3136 630 a
3157 587 3327 645 patre.
3350 577 3442 631 Vel

1869 669 2030 722 etiam
2063 668 2185 736 quia
2214 667 2408 722 Jemini
2438 670 2681 723 dextram
2704 667 2993 737 significat,
3023 670 3232 723 exstitit
3263 679 3442 724 autem

1872 760 2055 813 Davidi
2090 762 2309 813 dextera
2350 775 2541 813 manus
2580 761 2631 813 in
2666 760 3010 813 necessitate.
3043 758 3134 813 Sic
3160 758 3440 829 Beniamin

1871 851 2009 904 lilius
2037 851 2238 904 dextrae
2292 866 2355 903 ex
2379 865 2442 904 eo
2470 851 2609 920 qnod
2637 851 2831 905 accidit
2865 849 3007 904 illius
3052 851 3253 904 doloris
3279 867 3441 906 voea-

1873 951 1955 996 tns
1982 951 2066 995 est
2099 942 2166 994 ”.
2212 941 2452 995 Didicisti
2500 942 2750 1010 imaginis
2785 940 2972 1010 psalmi
3004 940 3439 1010 inscriptionem:

1869 1032 1989 1086 vide
2037 1032 2150 1099 jam
2206 1041 2262 1086 et
2307 1033 2622 1103 scripturam
2676 1032 2885 1100 psalmi.
2950 1031 3005 1086 2.
3043 1032 3260 1086 Domine
3308 1031 3445 1085 Deus

1872 1139 2036 1189 meus,
2063 1123 2118 1176 in
2150 1134 2197 1175 te
2220 1125 2423 1191 speravi
2440 1140 2459 1188 ,·
2500 1122 2701 1177 salvum
2731 1139 2810 1177 me
2854 1122 2959 1189 sac.
3008 1121 3263 1190 Quamvis
3299 1121 3441 1176 enim

1871 1214 2037 1270 Cliusi
2081 1216 2343 1269 mediator
2376 1215 2639 1269 dramatis
2686 1216 2975 1279 exstiterit,
3031 1217 3274 1283 quamvis
3328 1230 3443 1270 ser-

1872 1320 2092 1359 monum
2123 1306 2288 1360 armis
2318 1316 2603 1376 tyrannum
2639 1305 2901 1370 vinxeri13
2947 1305 3041 1359 sed
3079 1314 3134 1358 ιιι
3163 1305 3357 1359 dedisti
3396 1306 3441 1359 ei

1872 1409 2175 1450 sermonem
2210 1396 2262 1449 in
2291 1396 2566 1463 apertione
2588 1396 2700 1450 oris
2722 1396 2792 1460 ²⁸,
2847 1406 2902 1450 tu
2951 1395 3173 1449 induisti
3200 1395 3443 1459 audacia,

1876 1493 1930 1537 tu
1961 1485 2182 1539 consilia
2234 1484 2600 1552 Aelnitophelis
2642 1485 2941 1555 dissipasti,
3000 1493 3053 1538 ιιι
3097 1483 3446 1538 Absalomnm

1874 1574 2055 1629 verbis
2106 1574 2265 1629 amici
2299 1574 2555 1643 alligasti,
2590 1584 2645 1630 ιιι
2678 1576 2723 1630 ei
2767 1576 3013 1631 arborem
3044 1576 3096 1629 in
3124 1575 3357 1644 judicem
3394 1583 3448 1627 et

1874 1666 2185 1721 carnificem
2212 1665 2496 1721 ordinasti.
2528 1665 2661 1734 Quia
2691 1680 2818 1734 ergo
2848 1683 2951 1720 non
2986 1667 3187 1721 bomini
3214 1668 3443 1721 salntem

191 1763 380 1818 νησαε.
423 1747 575 1799 Ἐπεὶ
617 1743 710 1801 οὖν
737 1747 837 1799 οὐκ
860 1745 1132 1817 ἀνθρώπῳ
1164 1747 1261 1816 τὴν
1310 1747 1547 1815 ἐμαυτοῦ
1599 1763 1769 1817 Geom-
1798 1757 1840 1811 B
1873 1770 2068 1820 meam,
2107 1754 2200 1809 sed
2253 1756 2345 1810 tibi
2396 1755 2639 1810 commisi
2672 1771 2685 1807 :
2721 1754 3031 1810 Maledictus
3080 1756 3215 1809 enim
3266 1754 3445 1819 horno,

195 1838 335 1909 ρίαν,
368 1837 504 1891 ἀλλὰ
531 1838 614 1890 σοὶ
651 1838 977 1890 ἐπίστευσα·
1029 1836 1487 1905 Ἐπικατάρατος
1515 1837 1627 1906 γὰρ
1664 1837 1768 1891 ἆν-

190 1933 442 1997 θρωπος,
494 1931 527 1981 ό
568 1928 699 2004 τὴνἱ
728 1929 946 1981 ἐλπίδα
990 1920 1148 1997 ἔχων
1189 1929 1282 1981 ἐπ’
1325 1929 1668 1997 ἄνθρωπον·
1700 1959 1768 1970 -

191 2021 367 2087 Κύριε
408 2022 442 2073 ο·
477 2021 622 2084 Θεός
664 2037 806 2087 μου,
846 2020 943 2073 ἐπὶ
986 2020 1085 2074 σοὶ
1116 2020 1368 2088 ἤλπισα.
1404 2021 1612 2090 Ὥσπερ
1660 2019 1768 2089 γὰρ

193 2107 404 2174 τοξότου
429 2108 580 2179 βέλος
608 2109 941 2179 πέμψαντος,
961 2111 1055 2163 καὶ
1078 2111 1334 2181 πολέμιον
1352 2109 1765 2175 καταδαλόντος,

191 2198 365 2261 οὐδεὶς
402 2197 462 2250 τὸ
499 2198 652 2268 βέλος
696 2201 943 2261 ἐπαινεῖ,
987 2200 1123 2253 ἀλλὰ
1163 2201 1254 2253 τὸν
1293 2200 1513 2271 τοξότην
1560 2202 1771 2255 ἐπαινεῖ

195 2288 289 2341 τὸν
324 2286 418 2340 τοῦ
446 2287 634 2357 βέλους
658 2287 853 2358 ὀδηγόν
873 2306 885 2319 ·
919 2288 1093 2350 οὕτως
1120 2292 1148 2342 ὀ
1175 2289 1337 2342 Aucta
1370 2292 1428 2342 οὐ
1461 2289 1559 2371 τῷν
1574 2290 1768 2362 μεσίτῃ

193 2379 289 2432 τοῦ
320 2379 593 2450 δράματος
629 2379 706 2449 τῷ
751 2381 941 2443 Χουσὶ,
990 2380 1127 2433 ἀλλὰ
1165 2381 1242 2451 τῷ
1287 2381 1405 2451 Θεῷ
1437 2383 1766 2451 εὐχαριστεῖ.

192 2470 383 2532 Οὕτως
425 2470 520 2523 καὶ
562 2472 591 2523 ὀ
621 2472 700 2534 εἰς
733 2470 801 2523 τὰ
848 2472 1163 2525 ἐπικίνδυνα
1208 2472 1416 2542 πελάγη
1464 2472 1772 2542 εὐπλοήσας

197 2562 292 2615 καὶ
341 2560 440 2632 τὴν
484 2560 824 2632 ποθουμένην
868 2562 1022 2613 πόλιν
1054 2562 1277 2626 ἀλύπως
1321 2561 1662 2627 καταλαὸὼν,
1707 2562 1769 2615 ού

193 2655 306 2716 τοῖς
334 2651 558 2722 ἀνέμοις
587 2656 901 2724 προσκυνεῖ,
924 2653 1059 2707 ἀλλὰ
1085 2653 1161 2725 τῷ
1186 2654 1302 2725 Θεῷ
1328 2655 1657 2724 εὐχαριστεῖ,
1692 2654 1772 2719 τῷ

165 2741 546 2811 ‚egerardi-tt
575 2740 834 2809 ἀνέμους
863 2742 930 2794 ἐκ
959 2740 1280 2808 θησαυρῶν
1301 2739 1516 2794 αὐτῶν.

162 2878 167 2882 .
279 2832 431 2884 Ἐπεὶ
448 2826 540 2883 οὖν
566 2831 655 2883 ὅτε
676 2831 845 2884 Χουσὶ
866 2831 946 2901 τῷ
985 2830 1306 2902 Ἀὃεσαλὼμ
1333 2830 1625 2898 διελέγετο,
1652 2831 1774 2883 τότε

194 2922 367 2978 ταῦτα
397 2924 427 2975 ὀ
462 2922 628 2975 Aac&
656 2921 734 2993 τῷ
765 2922 883 2993 Θεῷ
932 2923 1294 2993 προσηύχετο,
1343 2924 1436 2977 καὶ
1481 2923 1623 2994 ἅπερ
1671 2922 1776 2993 πρὸ

194 3016 294 3086 τῆς
321 3014 482 3086 νίκης
515 3013 762 3085 ἔψαλλεν,
787 3013 962 3070 ταῦτα
1007 3015 1144 3086 μετὰ
1171 3013 1270 3085 τὴν
1302 3014 1481 3086 νίκην,
1512 3014 1776 3068 ἐπινίκιον

1873 1846 1962 1914 qui
1984 1862 2123 1915 spem
2148 1846 2301 1900 habet
2342 1848 2397 1900 in
2421 1847 2627 1900 homine
2651 1847 2728 1912 ¹’;
2761 1876 2829 1887 —
2861 1846 3078 1901 Domine
3106 1847 3244 1901 Deus
3279 1863 3445 1910 mens,

1873 1937 2001 1990 inte
2044 1938 2261 2004 speravi.
2300 1937 2759 2002 Quemadmodum
2789 1937 2934 1991 enim
2964 1954 3086 1993 eum
3135 1938 3447 2009 sagittarius

1873 2028 2115 2082 emiserit
2147 2027 2423 2098 sagittam,
2453 2037 2507 2081 et
2540 2028 2747 2082 bostem
2785 2028 3059 2098 deiecerit,
3096 2044 3253 2095 nepio
3283 2030 3449 2099 sagit·

1876 2128 1982 2171 tam
2015 2118 2220 2183 laudat,
2251 2119 2345 2172 sed
2377 2117 2715 2187 sagittarium
2740 2120 2976 2174 celebrat
2997 2120 3449 2190 sagittaedireeto-

1876 2223 1988 2263 rem
2022 2226 2035 2261 ι
2066 2208 2145 2261 sie
2172 2207 2340 2262 David
2366 2221 2470 2261 non
2498 2207 2662 2262 Chusi
2707 2210 2987 2263 mediatori
3032 2211 3315 2278 dramatiS,
3351 2211 3445 2266 sed

1878 2298 1988 2353 Deo
2016 2297 2217 2367 gratias
2243 2296 2374 2366 agit.
2405 2296 2528 2351 Pari
2561 2296 2719 2354 modo
2745 2300 2836 2368 qui
2868 2300 3097 2355 feliciter
3142 2301 3444 2370 periculosa

1875 2403 2090 2458 aequora
2143 2402 2392 2442 emensus
2434 2399 2538 2463 est,
2585 2390 2882 2460 urbemque
2926 2389 3284 2445 desideratam
3329 2392 3447 2447 sine

1880 2478 2123 2533 molestia
2148 2479 2344 2548 attigit,
2377 2494 2481 2534 non
2512 2489 2704 2534 ventos
2745 2484 2955 2548 adorat,
2986 2484 3078 2537 sed
3119 2484 3228 2538 Deo
3261 2493 3445 2554 grates

1880 2570 2062 2633 habet,
2098 2571 2194 2639 qni
2221 2570 2390 2623 educit
2428 2580 2604 2625 ventos
2627 2572 2690 2626 de
2726 2574 2982 2627 thesauris
3011 2574 3118 2627 suis
3145 2574 3210 2629 ”.

1951 2833 2088 2901 Quia
2114 2833 2279 2903 igitur
2308 2834 2523 2903 quando
2565 2833 2727 2890 Clmsi
2778 2850 2900 2890 eum
2957 2834 3241 2889 Absalomo
3283 2834 3451 2890 cotto·

1882 2925 2167 2993 quebatur,
2221 2933 2348 2979 tunc
2381 2925 2482 2978 ista
2530 2924 2695 2979 David
2726 2925 2915 2979 orabat
2944 2925 3009 2977 ad
3050 2924 3355 2989 Dominum,
3400 2933 3453 2978 et

1883 3031 2001 3086 quae
2028 3024 2155 3070 ante
2177 3014 2459 3071 victoriam
2480 3016 2758 3087 psallebat,
2785 3017 2969 3072 eadem
3004 3025 3122 3088 post
3146 3015 3450 3081 victoriam,

196 3106 337 3178 ᾠδὴν
360 3106 440 3177 τῷ
468 3105 730 3176 νικοποιῷ
761 3106 1025 3178 ἀνέθηκεν
1046 3123 1058 3136 ·
1092 3106 1181 3160 διὰ
1208 3107 1388 3171 τοῦτο,
1427 3106 1673 3175 Ψαλμός
1704 3104 1782 3171 τῷ
1809 3115 1850 3172 c
1887 3108 2208 3176 triumphale
2244 3109 2512 3162 canticum
2561 3107 2802 3179 largitori
2857 3110 3098 3169 victoriae
3151 3107 3449 3177 detlieavit;

195 3197 406 3262 Δαόὶδ,
434 3198 508 3252 ὃν
542 3193 700 3269 ᾖσεν
738 3197 818 3262 τῷ
850 3198 1067 3266 Κυρίῳ.
1110 3199 1174 3250 El
1215 3197 1479 3267 ψαλμὸς,
1533 3197 1671 3262 πῶς,
1706 3196 1778 3250 ὃν

195 3285 381 3361 gio-em·
429 3290 493 3342 Et
543 3289 652 3360 γὰρ
698 3288 937 3358 ψαλμός,
998 3287 1215 3351 πάντως
1256 3282 1677 3363 ὲχρῆνμείπεῖν,
1702 3285 1787 3363 *Q

199 3376 426 3447 ἔψαλλεν
450 3392 463 3404 ·
494 3376 619 3428 εἰδὲ
646 3376 778 3446 ᾠδὴ,
808 3376 952 3441 τότε,
989 3376 1066 3430 ὃν
1086 3371 1285 3447 ᾖσε-νζ
1332 3375 1592 3446 ἥρμοζεν.
1641 3372 1780 3426 Ἀλλ’

196 3466 352 3524 οὐδὲν
388 3468 726 3541 ἀμφίβολον,
753 3468 786 3538 ἢ
813 3467 1053 3523 ἐναντίον
1085 3469 1143 3520 ὲν
1172 3470 1238 3537 τῇ
1270 3467 1391 3538 θείᾳ
1432 3468 1642 3538 Γραφῇ.
1673 3463 1778 3517 Τοῦ

205 3558 315 3630 γὰρ
344 3557 564 3630 Πατρός
590 3559 726 3610 εἰσιν
749 3559 887 3629 ὅροι,
916 3558 1008 3610 τοῦ
1038 3557 1172 3610 Θεοῦ
1198 3556 1371 3624 Λόγου
1400 3556 1456 3608 δὲ
1486 3556 1660 3624 νόμοι,
1687 3554 1781 3606 καὶ

209 3651 303 3704 τοῦ
349 3651 502 3719 ἁγίου
534 3650 851 3719 Πνεύματος
899 3648 1066 3715 λόγοι.
1103 3649 1233 3701 Ὅτε
1275 3645 1516 3717 ἐπεμψεν
1549 3647 1577 3698 ὀ
1618 3644 1782 3698 eume

213 3742 304 3794 τὸν
327 3742 496 3793 Χουσὶ
522 3741 657 3811 πρὸς
685 3740 775 3791 τὸν
815 3738 1152 3808 'Atiae-ahhy»,
1186 3738 1326 3803 ὑπὲρ
1350 3737 1457 3789 τῶν
1485 3736 1657 3803 λόγων
1685 3734 1779 3787 αὑ·

218 3831 311 3884 τοῦ
343 3830 689 3902 προσηύχετο,
721 3831 935 3899 ψάλλων
972 3832 1065 3884 καὶ
1094 3829 1267 3897 λέγων
1287 3845 1300 3860 ·
1336 3829 1513 3895 Κύριε
1559 3830 1591 3880 ὀ
1640 3827 1783 3890 Θεός

216 3939 352 3992 μου,
385 3922 478 3976 ἐπὶ
528 3923 628 3976 σοὶ
669 3922 921 3990 ἤλπισα,
969 3921 1176 3975 σῶσόν
1208 3939 1304 3990 με.
1357 3923 1485 3975 Ὅτε
1534 3919 1781 3990 ἔψαλλεν,

1882 3199 2019 3265 ideo,
2062 3197 2302 3252 Psalmus
2358 3199 2584 3287 Dat-id&
2609 3217 2782 3272 quem·
2812 3203 3039 3256 cantavit
3083 3200 3333 3257 Domino.
3390 3199 3448 3255 St

1796 3272 2534 3361 ,.2‘jfdfrii'0⁸r‘qdfi'''rttiotte,'
2564 3305 2716 3360 quem
2737 3292 2999 3345 cantavit?
3038 3287 3092 3341 5³
3122 3291 3266 3345 enim
3306 3291 3452 3361 psal·

1885 3396 2027 3444 utnS,
2082 3381 2303 3435 omnino
2367 3380 2551 3434 debuit
2604 3381 2819 3443 dicere,
2851 3395 3010 3450 quent
3062 3380 3368 3449 psallebat:
3406 3381 3450 3436 si

1886 3485 2016 3524 vero
2047 3471 2336 3536 canticum,
2370 3482 2494 3523 tunc
2522 3487 2672 3538 quem
2701 3467 2937 3523 cantm-t't
2969 3481 3147 3537 tptum
3180 3477 3315 3521 erat.
3356 3469 3453 3522 Ve-

1890 3575 2005 3613 rum
2029 3558 2159 3614 nibil
2189 3562 2496 3629 ambiguum
2542 3571 2632 3613 aut
2678 3559 3006 3614 contrarium
3040 3561 3093 3612 in
3123 3574 3274 3613 sacra
3308 3558 3454 3612 Scri-

1886 3659 2061 3720 ptura.
2092 3648 2225 3702 Nam
2253 3661 2377 3703 sunt
2403 3650 2576 3704 Patris
2594 3649 2948 3714 definitiones,
2977 3650 3067 3704 Dei
3097 3649 3256 3704 Verbi
3284 3650 3450 3718 legeS‚

1889 3741 2058 3794 sancti
2092 3737 2328 3808 Spiritus
2350 3740 2533 3793 verba.
2560 3737 2787 3805 Quando
2817 3739 2981 3794 David
3013 3739 3158 3793 misit
3192 3740 3355 3794 Cltnsi
3387 3743 3452 3793 ad

1888 3828 2159 3893 Absalom,
2205 3842 2302 3896 pro
2358 3828 2536 3883 verbis
2570 3828 2686 3895 ejus
2720 3830 3060 3897 precabatur,
3105 3829 3332 3899 psallens
3390 3845 3453 3885 ac

1891 3919 2074 3973 dicens
2108 3933 2123 3971 z
2159 3917 2379 3971 Domine
2420 3918 2557 3974 Deus
2589 3936 2754 3987 meus,
2803 3921 2856 3972 in
2900 3930 2947 3973 te
2975 3921 3211 3985 speravi3
3254 3925 3452 3974 salvum

218 4013 308 4068 καί
346 4013 562 4084 ψάλλων
604 4014 870 4085 ὲιίκησεν,
914 4013 987 4077 ὡς
1022 4014 1112 4066 τὸν
1151 4011 1385 4084 δαίμονά
1423 4029 1575 4077 ποτε,
1612 4011 1785 4075 οὕτως
1894 4025 1972 4063 me
2014 4009 2117 4071 [ae.
2155 4008 2278 4062 Post
2306 4009 2683 4080 psalmodiam,
2728 4026 2849 4065 cum
2894 4010 3166 4079 psallendo
3214 4012 3451 4080 vicisset,

297 4172 341 4202 ¹⁸
371 4171 414 4226 ll
447 4173 574 4243 Reg.
613 4189 652 4238 ι,
687 4173 740 4225 2.

287 4356 400 4424 (55)
457 4353 588 4421 Υἱὸς
649 4354 850 4422 δεξιᾶς
904 4357 934 4408 ὀ
983 4356 1262 4423 Βενιαμὶν
1307 4354 1426 4408 ἀπὸ
1471 4354 1578 4408 τοῦ
1630 4369 1781 4423 συμ·

212 4426 427 4490 δόντος
481 4426 608 4490 υίὸς
655 4425 875 4491 ὀδύνης
928 4424 1183 4493 ἐλέγετο.
1260 4423 1315 4477 td
1382 4435 1486 4483 est.
1551 4424 1776 4479 [lenoni.

225 4495 284 4549 'O
312 4495 409 4564 μὲν
445 4492 624 4565 πατὴρ
672 4496 957 4563 Βενιαμὶν,
996 4495 1028 4561 ἡ
1085 4495 1142 4546 δὲ
1194 4495 1377 4564 μήττρ
1438 4494 1553 4546 υἱὸν
1591 4492 1782 4563 ὀδύνης

215 4564 630 4635 προσαγορεύει,
659 4563 1028 4633 φυσικώτατα.
1054 4538 1436 4633 Μεταληφθεὶς
1474 4565 1546 4633 γὰ
1601 4566 1629 4617 ὀ
1653 4565 1778 4616 Βεν-

217 4636 390 4704 ιαμὶν,
468 4635 615 4687 ἐστὶν
670 4636 784 4697 υἱὸς
831 4634 1072 4705 ἡμερῶν.
1115 4634 1281 4698 Quem
1330 4634 1499 4687 locum
1586 4632 1782 4686 hilonis

212 4703 379 4758 Judaei
415 4702 549 4757 libro
589 4702 663 4757 De
728 4712 1014 4756 mutatione
1069 4703 1333 4755 'tantinum
1375 4719 1426 4769 p.
1462 4701 1620 4766 t059,
1664 4703 1783 4757 ideo

216 4774 463 4839 produxi,
485 4783 539 4825 nt
566 4789 629 4826 ex
665 4790 728 4828 eo
756 4776 1094 4826 emendarent
1121 4772 1282 4822 alium
1319 4771 1555 4840 ejusdem
1597 4780 1783 4826 aucto-

215 4844 293 4896 ris
337 4842 432 4895 lib.
483 4841 558 4895 De
589 4843 803 4895 somniis
858 4858 909 4906 p.
959 4841 1115 4893 1115.
1173 4839 1404 4908 Λέγεται
1450 4842 1560 4911 γὰρ
1611 4843 1782 4912 ἑρμη-

215 4911 425 4974 νευθεὶς
456 4913 736 4981 Βενιαμὶν,
761 4911 872 4973 υἱὸς
898 4910 1054 4981 ἡμῶν
1096 4906 1257 4974 εἶναι,
1291 4911 1341 4963 in
1367 4926 1474 4980 quo
1502 4911 1781 4964 abbrevia·

221 4991 271 5035 ta
298 4995 402 5035 vox
431 4981 654 5061 ἡμερῶν
677 4981 860 5048 procul
886 4981 1046 5034 dubio
1081 4981 1246 5034 fraudi
1287 4979 1381 5033 suit
1415 4980 1661 5048 imperito
1684 4993 1780 5032 ex-

215 5051 491 5120 scriptori,
540 5053 631 5120 qui
677 5050 866 5103 saltem
915 5051 1192 5103 attendere
1241 5051 1498 5102 debuerat
1550 5051 1614 5102 ad
1651 5047 1784 5119 ἡμέ-

218 5137 362 5192 ραις,
390 5121 529 5186 quod
564 5121 830 5187 sequitur.
856 5118 960 5172 Sed
993 5117 1359 5172 Pltilonianam
1388 5119 1785 5183 interpretatio-

219 5205 343 5243 nem
376 5189 523 5242 vocis
550 5188 825 5257 Benjamin
857 5189 1030 5256 arguit
1059 5189 1410 5257 Hieronymus
1439 5189 1490 5241 in
1517 5187 1783 5252 Quaesito-

217 5261 371 5310 nibus
402 5273 493 5311 seu
538 5259 911 5311 traditionibus
954 5256 1223 5309 Hebraicis
1267 5260 1318 5309 in
1353 5255 1609 5323 Genesim,
1637 5257 1782 5309 etad

217 5325 498 5381 Zachariae
528 5338 688 5396 caput
729 5341 837 5380 xtv.
889 5326 1055 5380 Porro
1089 5336 1262 5378 textus
1313 5327 1602 5392 Scriptura!
1644 5326 1782 5393 apud

220 5394 396 5457 Lxx,
441 5396 574 5450 Gen.
621 5411 801 5458 xxxv,
851 5396 947 5458 18,
1000 5393 1226 5448 ἐκάλεσε
1272 5394 1334 5446 τὸ
1377 5393 1546 5455 ὄνομα
1594 5392 1780 5458 αὐτοῦ,

219 5465 336 5526 υἱὸς
357 5465 548 5536 ὀδύνης
578 5482 702 5536 μου·
730 5466 759 5517 ὀ
784 5465 842 5518 δὲ
872 5464 1051 5535 πατὴρ
1083 5463 1305 5516 ἐκάλεσε
1322 5462 1382 5515 τὸ
1399 5462 1568 5533 ὄνομα
1596 5462 1780 5527 αὑτοῦ,

221 5534 500 5604 Βενιαμίν,
540 5535 593 5587 in
611 5548 848 5588 errorem
882 5534 1075 5588 multos
1100 5549 1202 5586 non
1233 5531 1528 5586 intellectus
1553 5533 1778 5586 induxit.

222 5603 556 5658 putaverunt
579 5604 722 5657 enim
755 5601 1026 5671 Beniamin
1053 5602 1361 5670 siguificare
1383 5601 1548 5667 fitium
1585 5603 1781 5657 doloris

223 5688 346 5727 met.
380 5671 452 5727 lta
486 5672 770 5741 iosepbus,
811 5672 947 5740 quod
978 5671 1210 5729 mireris,
1245 5671 1335 5727 tib.
1376 5685 1391 5724 ι
1420 5671 1592 5739 Antiq.
1658 5688 1775 5741 cap.

818 4174 859 4202 '⁷
895 4171 1026 4227 Gen.
1077 4186 1236 4237 xxxv,
1284 4170 1369 4225 18.
1449 4171 1492 4202 ¹⁸
1519 4169 1715 4239 Eplies.
1751 4183 1820 4234 vt,
1855 4169 1944 4223 19.
2020 4168 2065 4200 ”
2092 4165 2291 4223 Jerem.
2323 4183 2452 4233 ιινιι,
2481 4169 2535 4225 5.
2614 4168 2657 4198 '⁰
2693 4167 2831 4222 Psal.
2862 4183 3076 4231 cxxxiv,
3109 4168 3161 4222 7.

1813 4383 1856 4440 D
1883 4353 2084 4423 penult.
2122 4353 2378 4422 Βενιαμὶν
2409 4349 2656 4411 ἐκάλεσε,
2704 4349 2794 4403 διὰ
2822 4350 2919 4420 τὴν
2948 4352 3032 4402 ἐπ’
3059 4351 3206 4422 αύτῷ
3233 4355 3461 4423 γενομό-

1883 4441 1981 4494 νην
2019 4422 2209 4493 ὀδύνην
2254 4426 2319 4491 τῇ
2353 4419 2540 4491 μητρί.
2572 4420 2628 4472 ln
2661 4422 3048 4473 commentario
3085 4421 3312 4477 Andrcae
3342 4427 3453 4477 0oe-

1885 4493 2165 4554 sariensis‚
2196 4491 2264 4543 ad
2294 4491 2513 4556 Apoeal.
2545 4505 2637 4549 vu,
2680 4489 2733 4553 8,
2773 4489 3057 4558 Βενιαμὶν,
3098 4490 3211 4553 υίὸς
3240 4490 3454 4562 ὀδύνης,

1955 4561 2069 4623 υίὸς
2096 4559 2386 4632 ὴμέρας,ἢ
2414 4558 2525 4622 υἱός
2556 4558 2755 4623 δεξιᾶς.
2799 4558 3028 4620 Quoestio
3059 4561 3114 4612 in
3131 4557 3454 4627 Scriptus-am

1919 4629 1952 4684 6
1976 4631 2188 4684 Maximi
2217 4631 2398 4695 (qnam
2424 4629 2611 4681 confer
2639 4643 2756 4678 enm
2789 4625 3139 4681 Colleetaneis
3168 4629 3353 4698 Cyn-itti
3395 4642 3451 4685 et

1885 4701 2110 4754 aliorum
2133 4715 2185 4768 p.
2207 4700 2317 4769 75).
2336 4697 2593 4764 Βενιαμὶν
2611 4694 2801 4757 πένθος
2830 4694 2863 4765 ἢ
2894 4712 3090 4765 στεναγ
3137 4696 3196 4760 ὸς
3228 4698 3450 4769 μητρὸς,

1882 4771 1915 4840 ἢ
1939 4769 2137 4853 μέτρον
2165 4767 2437 4851 μητρὸς,ἢ
2462 4765 2573 4856 υίὸς
2599 4764 2795 4830 δεξιᾶς,
2820 4714 3297 4848 ῆοῑκοδομὲλαοῦ.
3314 4768 3454 4853 κατὰ

1882 4834 3121 4979 {edwi..itistit...}i.⁶.ss}÷‘ss‡3.?‘tt‘¹a1.‡
3165 4853 3454 4963 {23:¹53}ss

1886 4979 2049 5046 nique
2077 4979 2187 5032 baec
2211 4977 2327 5046 lego
2348 4975 2484 5044 apud
2519 4974 2797 5044 Cyrillum,
2822 4972 3205 5043 Glaphyrorum
3242 4976 3298 5029 in
3353 4975 3454 5031 Ge·

1884 5050 2047 5100 nesim
2074 5046 2165 5103 tib.
2199 5063 2273 5108 tv,
2307 5046 2405 5100 snb
2441 5045 2621 5108 finem,
2644 5060 2695 5112 p.
2741 5043 2869 5098 258.
2901 5044 2968 5097 ’θ
2986 5045 3266 5115 Βενιαμὶν,
3297 5063 3453 5100 τουτ-

1883 5117 2029 5170 έστιν
2051 5116 2079 5168 ὀ
2106 5116 2222 5180 υίὸς
2263 5113 2472 5188 ὀδύνης·
2499 5124 2661 5182 atque
2688 5127 2780 5181 per
2800 5127 2861 5166 ea
2884 5114 3144 5168 concludo
3177 5116 3228 5168 in
3264 5118 3450 5170 cosli-m

1886 5185 2042 5247 libro,
2099 5201 2188 5240 sex
2232 5185 2440 5254 paginis
2482 5193 2661 5242 antea,
2705 5199 2757 5251 p.
2810 5183 2933 5249 ¹52,
2989 5185 3075 5237 ubi
3124 5183 3309 5239 Groece
3355 5185 3453 5240 Ιι-ι-

1884 5255 2076 5308 betnr:
2125 5255 2311 5306 τέτοκε
2333 5253 2418 5331 ,δὲ
2463 5251 2557 5305 καὶ
2625 5251 2824 5340 Ῥαχὴλ
2871 5254 2963 5306 τὸν
3018 5253 3238 5324 Ἰωσὴφ,
3268 5253 3297 5306 ὅ
3333 5256 3451 5310 ἐστι

1882 5323 2096 5456 355⁷?
2105 5322 2716 5461 ²?0.?⁵⁰st<’‘²3535222‚
2734 5322 3235 5446 “tizaitgiiztf
3236 5322 3451 5447 *1335

1888 5462 2167 5533 Βενιαμίν,
2208 5461 2504 5529 praesertim
2541 5473 2664 5540 eum
2710 5459 2850 5513 bane
2894 5474 3082 5515 vocem
3129 5460 3257 5541 inibi
3312 5462 3443 5515 reti·

1888 5534 2062 5584 nuerit
2103 5532 2385 5597 interpres.
2439 5528 2595 5582 Clare
2623 5542 2672 5579 m
2709 5524 2971 5596 Vulgata:
3020 5527 3231 5584 Vocat-tt
3260 5546 3442 5582 nivenen

1884 5600 1983 5667 [itii
2019 5602 2101 5653 sui
2148 5598 2365 5660 Benoni,
2392 5598 2445 5648 id
2486 5608 2557 5649 est
2592 5597 2734 5649 lilius
2760 5597 2962 5650 doloris
2985 5600 3084 5651 mei
3114 5617 3127 5652 ε
3153 5610 3298 5667 pater
3327 5611 3437 5651 veru

1884 5668 2287 5737 appellaviteum
2320 5665 2611 5733 Benjamin,
2641 5666 2785 5720 idest
2820 5668 2958 5722 lilius
2979 5668 3228 5722 dexterae.
