3725 6125
208 225 309 281 469

1367 209 1650 267 ttotttLtA
1686 210 1828 266 xxi.
1870 210 1937 267 IN
1974 210 2163 269 PSAL.
2196 212 2305 268 vlt.

3349 212 3453 269 470

212 337 450 395 πάντων
514 329 634 384 τῶν
682 327 914 398 ἐχθρῶν
963 328 1166 382 αὑτοῦ.
1217 358 1282 366 -
1335 326 1543 380 Σῶσόν
1581 345 1656 397 με
1712 328 1779 381 ἐκ
1809 333 1854 390 Α
1886 329 1977 382 bus
1998 331 2420 399 persequentibus
2442 346 2542 393 me,
2565 340 2611 384 et
2635 330 2797 384 libera
2827 346 2924 383 me.
2958 328 3216 383 -Snieum
3237 344 3315 381 me
3346 329 3450 396 sne,

213 431 451 487 πάντων
498 422 618 478 τῶν
664 420 1008 474 διωκόντων
1053 438 1150 489 με,
1204 420 1300 472 καὶ
1336 420 1525 487 ῥῦσαί
1564 437 1658 488 με.
1714 450 1782 461 --

214 518 425 576 Σῶσόν
463 494 561 584 ite,
608 510 733 583 ἄρτι
789 508 1116 581 διωκόμενον
1136 528 1149 541 ·
1204 510 1394 578 ῥῦσαί
1431 528 1528 579 με,
1583 510 1783 580 μηκέτι

171 660 178 667 .
203 611 309 674 ,ὑπ’
343 605 528 661 αὐτῶν
561 584 977 671 πολεμούμενον.
1009 602 1120 654 Καὶ
1144 601 1229 664 σὺ,
1260 596 1304 655 ὦ
1332 600 1782 671 προσφιλέστατε,

218 703 347 770 λέγε
368 697 457 753 ἀεὶ
484 696 560 766 τῷ
583 693 700 764 Θεῷ
731 693 1194 765 προσευχόμενος·
1219 694 1392 760 Κύριε
1424 695 1456 745 ό
1479 692 1621 760 Θεός
1643 711 1782 762 μου,

224 793 322 845 ἐπὶ
353 788 451 843 σοί
481 786 731 855 ἤλπισα,
761 783 971 839 σῶσόν
986 800 1095 854 με·
1135 784 1221 837 ἵνα
1250 800 1308 835 σε
1340 784 1405 836 ὲκ
1440 782 1656 836 πάντων
1680 783 1787 837 τῶν

228 880 521 935 διωκόντων
563 874 817 946 ρύσηται.
864 876 1040 941 Κύριε
1089 877 1121 926 ὀ
1161 875 1305 937 Θεός
1342 890 1486 941 μου,
1533 872 1633 925 ἐπὶ
1685 874 1785 927 σοί

230 970 471 1037 ἤλπισα,
496 962 706 1019 σῶσόν
722 979 820 1032 με.
853 962 963 1015 Καὶ
1000 962 1142 1024 τίνες
1167 963 1216 1013 οἰ
1237 960 1558 1026 διώκοντες;
1591 961 1789 1032 atcan-

231 1059 332 1120 τῶς
360 1056 454 1127 μὲν
486 1054 754 1125 αἱρετικοὶ
783 1052 878 1105 καὶ
912 1050 1111 1114 πάντες
1140 1052 1190 1104 οἱ
1217 1051 1442 1121 πονηροὶ
1469 1051 1562 1104 καὶ
1593 1050 1790 1119 βάσκα·

229 1164 299 1199 νοι
328 1144 630 1215 ἅνθρωποι·
666 1141 873 1213 νοητῶς
901 1141 959 1194 δὲ
988 1140 1271 1194 διώκουσιν
1307 1142 1341 1210 ἡ
1373 1140 1598 1210 πορνεία
1632 1140 1725 1194 καὶ
1753 1142 1786 1211 ἡ

224 1236 451 1306 μοιχεία,
481 1235 576 1287 καὶ
601 1235 635 1305 ὴ
665 1233 928 1303 ἁμαρτία,
957 1233 1051 1286 καὶ
1077 1232 1110 1302 ἠ
1142 1231 1386 1285 ἀσέὸεια.
1427 1232 1491 1285 Εί
1527 1230 1600 1301 μὴ
1633 1230 1788 1284 ἐδίω-

219 1339 308 1374 κεν
333 1324 368 1392 ἡ
408 1322 645 1392 μοιχεία,
673 1321 766 1374 καὶ
790 1322 818 1374 ὁ
847 1320 979 1383 Θεὸς
1014 1318 1105 1371 τὸν
1128 1319 1457 1388 διωκόμενον
1491 1320 1555 1371 ὲκ
1583 1318 1788 1389 ταύτης

216 1411 429 1483 ἐρύετο,
462 1413 564 1465 οὐκ
591 1412 657 1465 ἂν
697 1413 726 1464 ό
761 1410 1168 1481 Παροιμιαστὴς
1198 1409 1381 1476 ἔλεγεν
1403 1426 1415 1438 ·
1451 1408 1601 1461 Εἰπὲ
1675 1406 1790 1475 τὴν

218 1504 440 1572 σοφίαν
475 1502 601 1571 σὴν
631 1501 906 1570 ἀδελφὴν
957 1496 1129 1560 εἶναι,
1168 1501 1267 1554 ἵνα
1289 1514 1365 1552 σε
1386 1500 1642 1566 ρύσηται
1669 1498 1786 1553 ἀπὸ

218 1593 502 1664 γυναικὸς
533 1593 855 1659 ἀλλοτρίας
888 1591 983 1643 καὶ
1012 1589 1306 1658 πονηρᾶς·
1352 1590 1537 1660 ῥύεται
1564 1590 1673 1660 γάρ
1703 1605 1788 1652 τις

218 1685 310 1737 τὸν
351 1683 699 1754 διωκόμενον.
733 1682 795 1734 Εἰ
842 1681 915 1751 μὴ
950 1681 1226 1751 ὲδίωκενὴ
1265 1679 1467 1743 ἀδικία,
1506 1681 1606 1732 οὐκ
1647 1678 1713 1733 ἂν
1757 1678 1786 1731 ὁ
1820 1664 1860 1717 Β

228 1774 524 1846 Προφήτης
567 1772 777 1840 ἔλεγεν·
827 1773 960 1825 Ἀπὸ
995 1771 1215 1840 ἀνδρὸς
1250 1770 1462 1825 ἀδίκου
1481 1770 1670 1837 ῥῦσαί
1686 1786 1784 1838 με.

223 1865 286 1917 Et
316 1862 391 1934 μὴ
425 1862 645 1916 ἐδίωκεν
669 1864 698 1915 ὁ
731 1862 908 1928 φόνος,
939 1861 1039 1914 οὐκ
1064 1862 1129 1915 ἂν
1158 1858 1338 1914 εἶπεν·
1392 1860 1600 1914 Ῥῦσαί
1619 1876 1695 1929 με
1721 1859 1790 1923 ἐξ

223 1954 501 2024 αἱμάτων,
533 1956 566 2006 ὀ
589 1952 789 2022 Getica}
812 1953 955 2018 θεὸς
977 1952 1087 2021 τῆς
1116 1954 1410 2019 σωτηρίας
1425 1969 1565 2019 μου.
1582 1950 1793 2004 Σῶσόν

224 2061 296 2112 με
324 2043 392 2097 ἐκ
438 2043 681 2098 πάντων
707 2042 827 2097 τῶν
854 2044 1185 2097 διωκόντων
1209 2060 1308 2112 με,
1350 2042 1448 2095 καὶ
1474 2042 1664 2109 ῥῦσαί
1692 2057 1791 2110 με.

225 2132 289 2185 Εἰ
326 2132 400 2204 μὴ
433 2131 654 2186 ἐδίωκεν
686 2134 720 2202 ἡ
756 2132 1021 2203 ἁμαρτία,
1067 2134 1168 2185 οὐκ
1198 2132 1262 2186 ἂν
1292 2135 1324 2202 ὴ
1356 2132 1546 2203 Γραφὴ
1571 2132 1646 2195 ὡς
1695 2132 1797 2202 μή·

229 2237 330 2292 τηρ
354 2218 670 2291 ἐνουθέτησε
689 2238 702 2251 ·
741 2220 978 2285 Τέκνον,
1005 2222 1085 2287 ὡς
1111 2220 1230 2274 ἀπὸ
1259 2220 1581 2292 προσώπου
1609 2221 1803 2290 ὄφεως

230 2311 379 2381 φύγε
402 2312 519 2366 ἀπὸ
552 2311 662 2379 τῆς
690 2313 995 2381 ἁμαρτίας.
1027 2313 1089 2365 Et
1115 2313 1189 2383 μὴ
1222 2312 1442 2366 ἐδίωκον
1472 2315 1529 2365 αἱ
1559 2313 1796 2383 ἀνομίαι,

235 2402 327 2454 καὶ
360 2402 768 2473 κατελάμὸανον
791 2404 882 2456 τὸν
906 2403 1090 2474 ἀργῶς
1125 2403 1259 2471 πρὸς
1289 2402 1488 2473 ἀρετὰς
1517 2404 1798 2474 τρέχοντα,

237 2495 336 2548 οὐκ
355 2493 427 2548 ἂν
449 2496 478 2548 ὁ
505 2495 666 2548 Δαὸὶδ
693 2495 900 2564 ἔλεγεν,
920 2496 1005 2548 ὅτι
1031 2496 1374 2548 Κατέλαὸύν
1388 2512 1464 2563 με
1483 2498 1542 2547 αἱ
1566 2494 1803 2563 ἀνομίαι

236 2604 376 2656 μου,
401 2586 500 2640 καὶ
524 2589 636 2640 οὐκ
657 2587 971 2655 ἠδυνήθην
993 2586 1097 2640 τοῦ
1115 2585 1392 2651 βλέπειν.
1422 2586 1605 2650 Θέλεις
1626 2585 1804 2649 καλῶς

241 2674 455 2743 φεύγων
492 2675 567 2745 μὴ
610 2675 1022 2746 καταληφθῆναι
1068 2676 1172 2728 ὑπὸ
1220 2675 1327 2728 τῶν
1375 2674 1591 2739 κακῶν;
1643 2675 1805 2743 Λέγει

243 2782 322 2819 σοι
351 2768 385 2837 ἡ
410 2766 600 2838 Γραφή
622 2785 635 2798 ·
665 2767 761 2835 Μὴ
793 2768 950 2821 ποίει
975 2768 1148 2831 κακὰ,
1182 2768 1281 2823 καὶ
1305 2770 1376 2819 οὐ
1409 2766 1493 2832 μή
1531 2782 1606 2819 σε
1632 2782 1808 2819 κατα-

241 2858 393 2927 mii
443 2858 618 2911 κακά.
665 2858 880 2927 Ἐπειδὴ
923 2859 1031 2927 γάρ
1073 2860 1218 2910 ἐστιν
1270 2857 1484 2928 πνεῦμα
1531 2858 1806 2929 πορνείας,

244 2949 336 3002 καὶ
387 2948 606 3019 πνεῦμα
657 2949 901 3019 μοιχείας
923 2966 935 2978 ·
990 2949 1202 3018 πνεῦμα
1251 2949 1525 3020 πορνείας,
1571 2950 1697 3020 περὶ
1744 2943 1806 3002 οὗ

1887 432 2045 487 quem
2101 422 2259 474 modo
2291 419 2658 486 insectantur;
2712 419 2879 474 libera
2926 437 3039 489 me,
3085 420 3174 489 qui
3221 422 3451 474 nondum

1889 509 2085 563 abillis
2112 509 2406 564 debellatus
2439 525 2578 565 sum.
2626 510 2691 564 Et
2735 522 2811 574 tu,
2858 525 2890 564 o
2917 509 3257 572 charissime,
3294 506 3456 562 dicito

1889 614 2100 667 semper
2133 602 2242 655 Deo
2283 602 2334 654 in
2366 602 2615 670 precibus
2654 618 2667 658 :
2703 603 2934 656 Domine·
2958 600 3101 654 Deus
3134 615 3299 662 meus,
3329 600 3379 651 in
3410 609 3458 651 te

1888 694 2087 759 speravi
2106 708 2125 754 ,·
2155 692 2352 746 salvum
2379 709 2458 748 me
2496 693 2581 762 [ne
2614 710 2632 747 .·
2663 709 2770 763 qno
2799 703 2848 748 te
2889 694 2956 747 ab
2994 678 3244 746 omnibus
3270 703 3455 757 perse-

1888 794 1939 849 qi
1963 782 2176 837 entibus
2201 783 2410 838 liberet.
2437 785 2652 839 Domine
2686 783 2822 838 Deus
2863 799 3028 847 niens,
3060 782 3114 835 in
3151 791 3200 835 te
3231 780 3455 839 speravi,

1889 873 2088 924 salvum
2120 889 2199 925 nte
2231 875 2337 942 [ac.
2374 874 2600 940 Quinam
2636 871 3075 943 persequuntur?
3123 868 3461 925 sensibiliter

1890 960 2102 1027 quidem
2139 962 2397 1027 haeretici,
2444 977 2740 1032 omnesque
2788 963 2911 1017 mali
2961 976 3025 1015 ac
3077 958 3244 1013 invidi
3287 956 3458 1013 homi-

1890 1065 2021 1116 nes;
2081 1052 2487 1122 intelligibiliter
2532 1069 2660 1110 vero
2700 1061 3094 1123 persequuntur
3150 1049 3455 1104 fornicatio.

1891 1140 2233 1208 adulterium,
2274 1156 2574 1214 peecatum,
2604 1145 2871 1214 impietas.
2905 1142 3014 1196 Nisi
3044 1147 3462 1211 persequeretur

1890 1232 2146 1298 maechia,
2176 1245 2230 1288 et
2257 1235 2396 1291 Deus
2423 1237 2799 1306 persecutione
2832 1241 3085 1289 vexatum
3113 1248 3175 1288 ex
3203 1247 3265 1287 ea
3288 1231 3463 1299 eripe·

1893 1333 1973 1392 ret
1996 1363 2011 1386 ,
2078 1321 2491 1379 Proverbiorum
2558 1336 2746 1381 auctor
2817 1337 2922 1377 non
2985 1322 3290 1391 scripsisset
3320 1338 3336 1376 ι
3368 1319 3463 1373 Dic

1890 1414 2205 1479 sapientiam
2262 1424 2405 1467 tuam
2436 1432 2668 1469 sororem
2710 1431 2839 1477 esse,
2881 1423 2936 1467 ut
2977 1423 3026 1467 te
3064 1412 3250 1479 eripiat
3285 1427 3317 1462 α
3350 1424 3467 1461 mu-

1890 1500 2017 1556 tiere
2061 1503 2233 1557 alienu
2266 1515 2314 1559 et
2361 1507 2503 1559 niatu
2552 1507 2595 1537 ³⁷
2628 1524 2641 1559 ε
2672 1506 2832 1574 eripit
2879 1505 3022 1559 enim
3059 1501 3180 1571 quis
3214 1515 3337 1556 eum
3375 1505 3471 1568 qu'·¹

1893 1593 2324 1656 persecutionem
2348 1595 2568 1663 patitur.
2595 1594 2705 1647 Nisi
2743 1603 3161 1663 persequeretur
3188 1588 3469 1660 iniquitaS,

1891 1694 1994 1733 non
2030 1681 2256 1737 dixisset
2287 1684 2552 1754 Propheta
2585 1703 2597 1738 :
2626 1686 2670 1737 A
2718 1685 2830 1739 viro
2873 1686 3054 1754 iniquo
3087 1684 3227 1749 eripe
3270 1696 3353 1735 me
3399 1678 3467 1741 '⁸.

1889 1766 1945 1822 Si
1985 1786 2090 1824 nun
2140 1785 2555 1843 persequeretur
2586 1776 2795 1842 caedeS,
2846 1791 2952 1831 non
3009 1774 3415 1844 pronuntiasset
3453 1788 3467 1823 ι

1889 1858 2078 1914 Libera
2103 1879 2181 1916 nte
2210 1865 2272 1917 de
2300 1866 2667 1935 sanquinibus,
2698 1866 2997 1933 Deus,Deus
3020 1864 3210 1918 salutis
3232 1879 3357 1917 ntem
3388 1861 3467 1913 ⁸⁹.

1892 1949 2106 2005 Salvum
2155 1968 2233 2005 me
2276 1953 2363 2019 sac
2404 1970 2470 2007 ex
2511 1954 2752 2007 omnibus
2805 1951 3226 2022 persequentibus
3283 1966 3383 2014 me,
3423 1960 3469 2002 et

1893 2038 2055 2092 libera
2090 2055 2189 2094 nte.
2232 2038 2344 2094 Nisi
2375 2042 2806 2109 persecutionem
2840 2042 3141 2095 concitaret
3169 2046 3471 2109 peccatum,

1896 2145 2166 2199 nunquam
2200 2131 2479 2201 Scriptura
2508 2132 2652 2187 velut
2687 2141 2859 2186 mater
2914 2132 3318 2186 admonuisset:
3343 2124 3472 2186 Fili,

1896 2222 2046 2290 quasi
2071 2239 2105 2277 α
2142 2224 2277 2292 {acie
2302 2224 2505 2277 colubri
2528 2225 2651 2294 [αρε
2677 2241 2708 2277 α
2735 2232 2944 2290 peccato
2979 2222 3048 2274 ⁸⁶.
3080 2219 3193 2276 Nisi
3231 2222 3479 2287 inseque-

1903 2322 2087 2369 rentur
2150 2315 2417 2369 hominem
2466 2316 2780 2384 iniquitates
2832 2325 2886 2368 et
2954 2309 3474 2382 comprehenderent

1901 2421 2021 2460 eum
2054 2407 2145 2476 qui
2174 2408 2409 2476 segniter
2446 2407 2512 2460 ad
2546 2408 2796 2480 *virtutes
2830 2408 3031 2475 pergit,
3071 2418 3174 2459 nen
3205 2402 3321 2456 hrt-c
3351 2415 3477 2469 pro-

1905 2497 2115 2552 tulisset
2135 2497 2302 2551 David
2323 2515 2336 2550 ι
2360 2496 2870 2565 comprehenderunt
2895 2510 2976 2548 nte
3000 2493 3305 2560 iniquitates
3323 2504 3476 2549 mens,

1904 2599 1952 2642 et
1986 2603 2089 2642 non
2116 2589 2263 2659 potui
2289 2597 2345 2642 ut
2372 2588 2598 2643 uiderem
2642 2585 2711 2643 ⁸¹.
2743 2584 2907 2640 Visne
2938 2583 3194 2653 praeclare
3224 2579 3480 2650 fngiendn

1910 2690 2012 2731 non
2052 2675 2437 2745 comprehendi
2487 2690 2518 2729 a
2571 2671 2758 2727 malis?
2812 2672 2976 2726 θοι-ει
3041 2682 3093 2725 te
3149 2670 3475 2738 Scriptura:
3554 2682 3564 2691 ·

1912 2765 2041 2820 Noli
2074 2766 2250 2835 [acere
2278 2766 2452 2829 malm·
2499 2776 2545 2820 et
2577 2782 2681 2820 nou
2722 2774 2770 2817 te
2812 2761 3194 2833 apprehendent
3236 2758 3378 2812 niatu
3409 2756 3476 2810 ⁴⁵⁸.

1912 2857 2359 2927 Quandoquidem
2411 2857 2556 2911 enim
2593 2866 2677 2910 est
2728 2856 2953 2925 spiritus
2988 2850 3385 2914 fiirtticationis,
3431 2859 3481 2901 ct

1916 2949 2134 3015 spiritus
2193 2948 2735 3017 moechiaetspiritus
2789 2944 3190 3006 fornicationis,
3250 2941 3318 2995 ‹le
3374 2955 3481 3009 qua

256 3039 410 3111 Ὠσηὲ
443 3039 626 3108 λέγει·
680 3040 976 3108 Πνεύματι
1022 3040 1303 3108 πορνείας
1333 3040 1766 3110 ἐπλανήθησαν
1788 3058 1802 3072 ·
1835 3012 1878 3070 C
1912 3040 2048 3098 Osee
2073 3042 2186 3096 ait:
2217 3038 2421 3110 Spiritu
2478 3042 2841 3113 ‚fornicationis
2874 3038 3072 3094 seducti
3114 3047 3230 3089 sunt
3261 3032 3339 3101 ⁸⁸3
3372 3035 3484 3105 spi·

246 3131 463 3201 πνεῦμα
509 3131 784 3201 μοιχείας·
813 3130 924 3184 Καὶ
964 3131 1322 3200 ἐμοίχευσεν
1364 3130 1471 3184 τὸν
1497 3131 1671 3188 λίθον
1707 3131 1806 3186 καί

244 3224 307 3278 τό
342 3224 564 3290 ξύλον,
605 3222 695 3275 διὰ
723 3222 791 3276 τὰ
824 3225 882 3277 ὲν
927 3222 1110 3286 αὐτοῖς
1146 3222 1453 3293 ὀρχούμενα
1487 3223 1773 3307 πνεύματα
1793 3238 1806 3253 ·

1913 3133 2052 3188 ritus
2079 3133 2323 3188 moechiae
2346 3151 2359 3186 :
2390 3133 2457 3186 Et
2488 3135 2739 3187 ntoecitata
2770 3143 2843 3186 est
2870 3130 3092 3213 lapidem
3114 3140 3161 3185 et
3188 3125 3478 3198 liqttum⁸⁸3

1914 3230 2133 3297 propter
2177 3222 2402 3307 spiritus
2448 3223 2536 3292 qui
2582 3224 2782 3279 inillis
2819 3216 3135 3277 insultant:
3167 3228 3223 3273 ct
3265 3217 3485 3288 spiritus

246 3315 338 3368 καὶ
375 3313 592 3384 πνεῦμα
627 3312 1004 3383 φιλαργυρίας,
1053 3313 1115 3365 τὸ
1164 3312 1593 3391 λέγον,·.«1,”αῦι·α
1619 3310 1861 3377 κάη-,φτ
1881 3296 2657 3383 *aiaritiaerqufflt'e‘iiu‘ttaec
2693 3313 2873 3367 otnnia
2902 3312 2999 3364 tibi
3026 3310 3184 3373 ιίιιίιο,
3218 3310 3265 3364 si
3294 3309 3483 3362 cudens

246 3420 343 3473 σοι
371 3406 565 3469 δώσω,
597 3404 705 3457 ἐὰν
732 3404 939 3458 πεσὼν
968 3398 1404 3473 προσκυνήσῃς
1434 3419 1553 3473 μοι·
1585 3403 1813 3458 ἕκαστον

248 3497 354 3550 τῶν
387 3494 641 3566 πονηρῶν
666 3495 996 3564 πνευμάτων
1032 3495 1119 3547 ἀεὶ
1161 3493 1510 3563 ἐπιτηροῦσιν
1543 3493 1641 3562 τὴν
1686 3493 1814 3546 exer

257 3603 374 3639 στου
402 3586 520 3641 ὁδόν
539 3602 554 3618 ·
591 3586 684 3639 καὶ
715 3586 905 3638 ὁποίαν
935 3586 1013 3647 εἰς
1045 3585 1163 3636 ὁδὸν
1198 3584 1469 3655 ἁμαρτίας
1497 3582 1723 3649 νεύσεις,
1757 3586 1817 3638 τὸ

260 3679 473 3748 πνεῦμα
489 3679 587 3748 τῆς
618 3677 891 3747 ἁμαρτίας
922 3676 1096 3728 ἐκεῖνό
1129 3693 1187 3728 σε
1212 3673 1396 3727 διώκει
1420 3675 1512 3727 καὶ
1541 3675 1818 3747 συντρέχει

265 3767 340 3835 τῷ
373 3769 748 3837 ἁμαρτάνοντι.
803 3765 863 3818 ‘0
907 3766 1105 3827 Ἰούδας
1145 3766 1235 3818 ἐπὶ
1264 3766 1623 3836 φιλαργυρίαν
1655 3765 1818 3818 ὥδευ-

274 3875 383 3918 σεν,
410 3859 498 3911 καὶ
524 3860 550 3910 ὀ
587 3860 829 3921 διὰὸολος
859 3858 1006 3928 αὐτῷ
1049 3857 1135 3909 διὰ
1162 3856 1520 3928 φιλαργυρίας
1559 3858 1657 3928 τὴν
1686 3874 1821 3929 προ-

1917 3403 2217 3458 adoraveris
2246 3421 2327 3458 me
2359 3405 2403 3437 ⁸⁸
2434 3423 2446 3457 t
2473 3406 2669 3474 singuli
2703 3404 2964 3459 malorum
3010 3402 3293 3470 spirituum
3346 3413 3484 3456 sem·

1919 3505 2014 3560 per
2045 3494 2303 3562 cujusque
2344 3496 2572 3548 hominis
2619 3496 2759 3548 viam
2791 3494 3081 3548 observant
3112 3511 3124 3545 z
3160 3500 3212 3545 et
3253 3491 3317 3543 ad
3354 3504 3486 3559 qua-

1921 3586 2238 3657 lemcunque
2286 3589 2491 3656 peccati
2534 3589 2674 3641 viam
2726 3602 2937 3657 vergas,
2987 3588 3208 3657 spiritus
3242 3586 3331 3640 ille
3363 3602 3488 3657 pec-

1921 3676 2026 3729 cati
2059 3683 2112 3730 te
2142 3675 2499 3744 persequitur,
2525 3677 2904 3744 concurritque
2928 3677 3190 3744 peccanti.
3228 3674 3394 3733 ludas
3420 3680 3486 3731 ad

1922 3766 2203 3820 avaritiam
2235 3766 2480 3830 tetendit,
2511 3776 2563 3818 et
2593 3764 2837 3821 diabolus
2870 3767 2919 3819 ei
2948 3780 3041 3835 per
3073 3767 3353 3819 avaritiam
3382 3768 3486 3822 im-

1926 3858 2069 3911 misit
2095 3857 2452 3925 proditionem
2485 3876 2498 3910 :
2532 3857 2662 3910 Cum
2691 3856 2929 3909 diabotus
2954 3856 3066 3926 jam
3096 3857 3393 3912 immisisset
3437 3860 3490 3910 in

272 3945 735 4001 δοσίανὲνέὸαλεν·
789 3947 896 4000 Τοῦ
928 3946 1210 4000 διαὸόλου
1240 3945 1822 4014 ἢδηὲμόεδηκότος“
1926 3964 2016 4001 cor
2044 3946 2205 4001 Judoe
2253 3945 2482 4002 Simonis
2530 3946 2824 4013 Iscariotoe,
2878 3959 2933 4001 ut
2986 3948 3212 4002 traderet
3266 3964 3383 4003 eum
3414 3949 3483 4003 ⁸⁶.

274 4036 358 4100 είς
413 4035 524 4102 τὴν
577 4036 828 4104 καρδίαν
870 4033 1055 4087 Ἰούδα
1119 4032 1384 4100 Σίμωνος
1424 4032 1822 4098 Ἰσκαριώτου,
1930 4035 2080 4090 Sicut
2102 4037 2246 4090 enim
2276 4036 2322 4092 si
2348 4038 2629 4107 occuperis
2650 4037 2791 4092 circa
2815 4037 3230 4108 philosophiam,
3256 4040 3491 4110 philoso-

264 4126 363 4178 ἵνα
402 4126 588 4180 αὐτὸν
637 4124 898 4195 παραδῷ.
948 4124 1035 4187 Ὠς
1072 4122 1180 4193 γὰρ
1214 4123 1308 4176 ἐὰν
1348 4123 1476 4194 περὶ
1511 4122 1826 4191 φιλοσοφίαν
1929 4129 2067 4196 plius
2093 4127 2308 4196 adjuvat
2344 4136 2424 4194 te3
2469 4128 2512 4182 si
2545 4127 2687 4182 circa
2724 4129 3011 4196 poeticam,
3043 4139 3234 4199 poeta;
3276 4131 3322 4185 si
3346 4131 3491 4186 circa

266 4218 591 4288 ἀσχοληθῇς,
643 4219 671 4269 ὀ
716 4216 1003 4285 φιλόσοφος
1050 4213 1387 4296 συμτιράττει
1436 4229 1539 4277 σοι,
1591 4213 1684 4266 καὶ
1731 4212 1826 4266 ἐὰν
1931 4217 2409 4284 architectonicen,
2461 4220 2788 4276 architectus
2823 4240 2836 4274 :
2871 4221 2943 4275 ita
2990 4223 3033 4275 si
3075 4221 3409 4293 propendeas
3439 4224 3492 4277 in

270 4307 395 4376 περὶ
428 4306 707 4376 ποιητικὴν
740 4308 768 4358 ὁ
802 4305 1048 4374 ποιητὴς,
1089 4303 1183 4356 καὶ
1225 4302 1316 4356 ἐὰν
1350 4301 1477 4372 περὶ
1512 4301 1826 4370 τεκτονικὴν
1860 4335 1904 4388 D
1935 4307 2365 4375 fornicatiunem,
2408 4310 2631 4377 spiritus
2658 4311 3033 4367 fornicationis
3057 4314 3335 4368 concurrit
3360 4313 3492 4375 tibi;

268 4401 295 4450 ὁ
322 4397 737 4459 τέκτων-οὓτως
754 4396 847 4449 ἐὰν
872 4397 1000 4466 περὶ
1023 4395 1276 4467 πορνείαν
1292 4393 1506 4464 νεύσῃς.
1532 4391 1591 4445 τὸ
1611 4392 1826 4463 πνεῦμα
1931 4400 1976 4452 si
2010 4399 2060 4452 in
2092 4399 2434 4470 zelotypiam,
2464 4402 2684 4470 spiritus
2725 4403 2999 4474 zelotypia}
3048 4404 3282 4459 incendit
3308 4414 3378 4460 te.
3411 4402 3493 4467 Si,

269 4487 365 4557 τῆς
402 4488 654 4559 πορνείας
691 4487 969 4556 συντρέχει
1006 4493 1085 4537 σόῑ
1108 4503 1120 4514 ·
1168 4483 1263 4536 ἐὰν
1313 4483 1440 4553 περὶ
1473 4481 1822 4554 ζηλοτυπίαν,
1935 4491 2125 4560 inquit,
2158 4491 2345 4547 mulier
2371 4508 2462 4562 per
2507 4493 2812 4563 zelotypiam
2852 4501 3089 4562 suspecta
3125 4493 3281 4562 {uerit
3326 4496 3496 4559 impu·

267 4577 326 4629 τὸ
361 4576 575 4647 πνεῦμα
599 4578 697 4647 τῆς
715 4575 1041 4646 ζηλοτυπίας
1084 4573 1309 4626 ἀνάπτει
1334 4589 1414 4625 σε.
1445 4571 1605 4634 Ἐὰν,
1642 4572 1826 4641 φησὶν,
1937 4579 2150 4644 dieitiae,
2174 4597 2238 4634 uc
2264 4583 2451 4635 venerit
2472 4582 2582 4635 uiro
2596 4580 2708 4648 ejus
2729 4582 2939 4648 spiritus
2963 4579 3229 4649 zelotypioe
3252 4579 3319 4633 δ’.
3345 4579 3494 4646 Quod

271 4666 506 4734 γένηται
536 4668 689 4736 γυνὴ
717 4666 1223 4733 (naon-:comesum
1254 4663 1350 4715 καὶ
1375 4664 1522 4731 ἔλθῃ
1553 4661 1632 4728 τῷ
1659 4661 1829 4731 ἀνδρί

270 4758 455 4826 αὐτῆς
482 4758 717 4828 πνεῦμα
757 4757 1081 4825 ζηλώσεως.
1124 4756 1249 4808 Ἐὰν
1273 4755 1330 4808 δὲ
1362 4756 1488 4825 περὶ
1515 4754 1831 4824 φιλοσοφίαν

269 4850 516 4921 οὐράνιον
560 4849 673 4918 (57)
698 4850 1016 4922 ἀνανεύσῃς,
1057 4848 1117 4902 τὸ
1152 4847 1364 4917 πνεῦμα
1397 4847 1497 4916 τῆς
1531 4847 1720 4915 σοφίας
1753 4864 1833 4900 σοι

270 4939 702 4994 ὲπαναπαύεται·
734 4938 827 4991 ἐὰν
858 4942 982 5010 περὶ
1011 4939 1245 5001 σύνεσιν,
1276 4937 1336 4989 τὸ
1361 4935 1574 5006 πνεῦμα
1588 4937 1686 5005 τῆς
1711 4953 1833 4990 συν-

1937 4673 1981 4725 si
2011 4673 2077 4725 ad
2124 4672 2397 4727 coelestem
2453 4673 2842 4739 philosophiam
2892 4670 3240 4741 suspexeris,
3280 4670 3500 4738 spiritus

1938 4765 2216 4832 sapientiae
2262 4763 2549 4832 requiescit
2593 4777 2754 4834 super
2806 4772 2887 4830 te;
2934 4764 2978 4817 si
3026 4764 3091 4816 ad
3146 4761 3497 4818 intellectum.

1941 4855 2164 4923 spiritus
2200 4856 2524 4910 intellectus.
2558 4854 2623 4908 Et
2648 4855 2942 4924 requiescet,
2984 4855 3175 4920 inquit,
3201 4867 3355 4919 super
3382 4866 3499 4904 eum

1940 4945 2153 5010 spiritus
2201 4941 2470 5013 supientioe
2512 4957 2558 4998 et
2601 4944 2914 5007 intellectus,
2965 4942 3178 5010 spiritus
3221 4939 3424 4994 consilii
3453 4953 3498 4991 et

271 5029 455 5092 έσεως.
504 5028 617 5083 Καὶ
688 5029 1212 5094 &nammatio-erat,
1263 5028 1458 5097 φησιν,
1510 5025 1603 5078 ἐπ’
1649 5028 1836 5082 αὐτὸν
1941 5034 2285 5102 fortitudinis,
2345 5037 2556 5104 spiritus
2610 5035 2839 5089 scientioe
2880 5042 2927 5087 et
2986 5031 3225 5101 pietatis;
3288 5030 3501 5086 sutrim.-

343 5168 562 5222 ”Forte
593 5167 1008 5239 ὲμ6ε6ληκότος.
1069 5169 1110 5199 ⁸⁷
1141 5168 1298 5222 Prov.
1328 5182 1427 5224 vit.
1450 5166 1502 5221 t.
1539 5167 1582 5198 ⁸⁸
1601 5165 1739 5223 Psal.
1766 5182 1987 5232 cxxxix,
2012 5166 2067 5219 2.
2107 5167 2150 5198 ⁸²
2173 5167 2311 5222 l‘sal.
2337 5182 2390 5228 ι,
2421 5165 2505 5219 tt'».
2556 5167 2601 5197 ⁸·
2631 5165 2914 5221 Eccli.xxt.
2941 5162 2995 5215 2.
3070 5162 3113 5193 ⁸¹
3148 5161 3287 5216 Psal.
3314 5174 3503 5218 xxxix,

279 5236 364 5291 ¹3.
445 5237 488 5268 '¹¹
531 5236 693 5294 Eccli.
719 5254 823 5301 vtt,
861 5240 911 5294 l.

350 5366 461 5436 (57)
528 5370 903 5437 Φιλοσοφίαν
971 5370 1269 5439 οὐράνιον.
1353 5367 1551 5420 Nomen
1618 5367 1833 5436 φιλοσο-

278 5436 410 5504 φίας
455 5446 507 5487 ct
546 5440 914 5507 philosophiae,
953 5442 1018 5494 de
1052 5441 1249 5507 pietate
1297 5446 1349 5491 et
1388 5435 1645 5502 religione
1683 5453 1842 5492 usur-

984 5240 1028 5269 ⁸³
1053 5238 1176 5293 Ose.
1209 5253 1282 5301 ιν,
1314 5237 1392 5290 12.
1471 5235 1516 5266 ⁸⁸
1553 5235 1746 5291 ierem.
1776 5253 1858 5301 tn,
1886 5241 1939 5294 9.
2016 5238 2060 5266 “
2090 5235 2273 5290 Matth.
2310 5252 2380 5296 tv.
2414 5237 2466 5293 9.
2544 5236 2590 5268 “
2615 5235 2769 5290 ioan.
2804 5232 2980 5296 suta.
3056 5232 3100 5261 ⁸⁷
3134 5230 3289 5283 Ninn.
3328 5245 3382 5294 ν,
3414 5230 3501 5282 tt.

1944 5381 2209 5427 sec-tarum
2271 5369 2612 5425 Iudaicarum
2664 5368 2865 5421 mentio
2918 5367 2975 5421 lit
3034 5379 3130 5433 per
3178 5362 3502 5432 toseptmm;

1947 5444 2084 5508 apud
2118 5455 2275 5506 quiem
2306 5442 2371 5492 ad
2404 5441 2562 5492 tinem
2586 5453 2706 5505 cap.
2736 5436 2793 5499 2.
2828 5435 2920 5489 lib.
2962 5450 3087 5488 ιιι-ιιι
3134 5435 3385 5504 Ληιίιμιίι.
3415 5448 3505 5502 φι-

281 5513 410 5582 pant
435 5512 543 5556 tam
578 5507 740 5570 sacri,
771 5523 931 5576 qnam
953 5511 1158 5578 profani
1195 5509 1505 5574 scriptoreS,
1534 5516 1589 5556 ut
1613 5523 1639 5558 :t
1668 5508 1841 5562 ‹loctis
1948 5510 2188 5579 λοσόφων
2224 5509 2360 5562 male
2388 5509 2586 5563 editum
2615 5515 2909 5576 comparet.

284 5573 415 5625 viris
448 5587 587 5639 saepe
625 5574 724 5626 luit
761 5581 1136 5636 observatum:
1173 5587 1224 5630 et
1255 5574 1711 5646 philosophiarnm
1747 5590 1841 5630 seu
