3725 6125
1216 332 1427 390 NOTA-3
1467 334 1534 389 ΙΝ
1571 335 1948 397 ΝΕΜΕΞΙΠΜ.

3114 347 3219 409 8¹26

191 461 390 527 pozotg,
426 462 533 512 etc„
575 450 704 507 nme
739 449 857 505 scil.
894 463 925 503 e
967 449 1352 505 vetustissimis
1381 451 1544 505 Chal·
1575 458 1619 512 Α
1650 466 1861 518 rantur,
1894 456 2151 527 sibiipsis
2176 458 2425 514 videntur
2450 461 2693 519 sufficere
2722 463 2789 516 ad
2822 468 3230 531 perennandum

245 525 462 597 placitis
500 522 804 587 desumpta,
839 519 974 588 apud
1018 534 1154 587 quos
1201 520 1540 593 Ὠρομάσδης

191 595 492 670 Λριμάνιος
542 590 628 646 illa
674 589 809 653 insa,
855 604 976 657 quoe
1028 589 1187 643 modo
1237 591 1536 655 retulimus,

193 668 459 735 rincipia;
514 676 609 715 seu
672 658 1168 713 Valentinianorum
1206 659 1381 713 verbis
1414 660 1434 727 (”
1462 676 1540 713 re·

218 739 448 795 irena-o,
502 730 752 792 Tei-tull„
812 729 1017 783 Theod.
1055 727 1366 799 aliisque),
1415 730 1542 794 νοῦς

215 803 497 863 Acamoth.
542 798 842 869 ὲνθύμησις
883 811 938 851 et
973 798 1170 864 Amor;
1212 799 1427 851 scientia
1459 802 1543 853 di·

191 880 323 931 nitas
363 884 451 927 ant
484 873 660 934 Deus,·
710 880 855 922 etex
889 869 1054 920 altera
1096 878 1249 933 parte
1297 872 1537 934 materia,

197 988 212 1008 ,
245 962 394 1001 orcus
422 953 471 998 et
507 943 666 994 clectos
694 954 814 1006 qnae
839 950 893 992 et
920 938 1140 991 Σακλᾶα
1170 948 1222 992 et
1253 938 1322 1006 (c)
1347 938 1541 991 Talala-

192 1018 451 1071 ·ebantur.
482 1012 614 1077 Qum
654 1010 870 1076 quidem
916 1008 1110 1077 placita
1154 1009 1291 1076 apud
1341 1007 1542 1078 Pytha-

191 1097 227 1139 ·t
251 1084 562 1139 Platonicos
587 1082 603 1149 (
632 1080 870 1131 omnium
905 1079 1014 1130 sere
1043 1078 1419 1131 ha‘reticorum
1447 1093 1541 1146 pa-

195 1172 256 1220 s,
282 1152 513 1207 Tertull.
548 1147 706 1217 teste)
742 1148 868 1201 olim
925 1157 1157 1215 recepta.
1200 1151 1404 1215 passim
1442 1147 1541 1200 dis·

193 1238 341 1278 ntur.
383 1223 649 1276 Nimirum
685 1235 806 1272 cunt
838 1217 1035 1283 stupidi
1067 1218 1311 1271 homines
1343 1220 1393 1271 in
1424 1217 1543 1270 aui·

191 1297 408 1349 tducere
462 1307 565 1346 non
609 1298 894 1357 poterant,
936 1303 1038 1353 qua
1089 1287 1297 1340 ratione
1336 1287 1541 1355 aliquid

191 1368 235 1418 lo
282 1364 474 1427 ficret,
529 1360 807 1412 materiam
852 1369 1108 1411 :eternam
1159 1357 1538 1421 somniabant;

244 1433 434 1502 religio
471 1429 607 1499 apud
661 1443 756 1482 eos
805 1436 946 1481 esset
973 1467 988 1488 ,
1025 1439 1086 1479 ca
1124 1441 1245 1494 qttae
1286 1426 1340 1480 in
1384 1430 1542 1481 rebus

193 1515 492 1558 cernuntur
537 1499 696 1562 mala,
739 1498 849 1551 Deo
895 1507 1119 1563 accepta
1173 1496 1405 1563 reserre3
1451 1496 1540 1549 illa

191 1573 451 1629 :ontrario
487 1579 538 1626 et
585 1569 820 1637 sequiori
855 1565 1120 1636 principio
1161 1567 1400 1619 tuateriae
1434 1567 1539 1619 im-

191 1654 248 1698 ιι.
278 1643 431 1709 Quod
468 1656 533 1695 eo
575 1654 746 1705 usque
785 1638 1035 1698 invaluit,
1076 1644 1135 1689 ιιι
1172 1636 1254 1688 vel
1305 1635 1540 1703 Epicuro

192 1728 244 1767 tc
271 1711 669 1767 excnsationem
698 1706 1205 1762 comminisceretur
1232 1704 1538 1767 Lucretius,

1650 536 1876 589 motum,
1937 542 2145 581 necnon
2209 530 2273 582 ad
2311 530 2592 584 facultates
2624 532 2815 586 auimae
2842 535 3223 600 expediendas,

1647 595 1857 675 seilicet
1897 597 1948 648 in
1983 601 2255 666 reciproca
2308 600 2394 653 illa
2447 601 2703 672 άνθολκῇ,
2738 601 3129 657 vellicationem
3157 606 3223 658 ad

1646 675 1784 743 tutra
1820 681 1942 718 csse
2005 666 2313 723 facultatem
2354 671 2738 736 attractricem,
2780 687 2939 739 quatu
2967 683 3015 724 ct
3055 676 3226 726 nutri-

1647 743 1721 813 ιιι)
1759 737 2034 798 sequutum
2079 740 2143 790 ad
2192 748 2345 792 extra
2378 755 2495 793 eam
2527 758 2666 803 esse,
2699 757 2816 806 qua:
2846 743 3114 808 expultrix
3145 746 3230 797 di-

1645 814 1787 853 citnr
1818 814 1870 857 ct
1906 807 2129 885 auctrici
2158 810 2382 874 gradum
2420 820 2464 861 et
2504 822 2869 864 continentum
2901 814 3048 865 tacit.

1718 871 1846 940 Pag.
1892 875 1978 928 5t.
2016 880 2137 929 Των
2161 878 2537 948 ὁμοιομερῶν.
2595 882 2814 935 Auctori
2844 883 3091 949 displicet
3122 882 3225 935 ista

1646 946 1804 1007 ratio,
1870 960 1975 996 non
2007 948 2157 1001 uuasi
2220 952 2379 1002 relius
2426 949 2777 1013 sititilztribuS‚
2836 952 2879 1003 si
2925 953 3051 1020 quid
3086 951 3227 1006 forte

1644 1012 1943 1068 detractum
1987 1016 2078 1079 sit,
2105 1017 2279 1069 minus
2314 1020 2614 1080 decederet.
2639 1036 2798 1089 quam
2823 1022 2865 1071 si
2893 1023 3223 1076 tantumdem

1645 1095 1672 1131 :t
1730 1097 1960 1162 corpore
2010 1085 2242 1153 partium
2287 1087 2695 1142 dissimilarium
2744 1090 3082 1157 auset-retum
3134 1092 3230 1145 sed

1649 1165 1776 1219 quta
1828 1167 1893 1205 ex
1957 1154 2059 1207 ista
2111 1156 2470 1212 diminutione
2527 1160 2658 1212 nihil
2692 1176 2943 1214 mancum
2991 1161 3228 1214 l'uturum

1644 1230 1721 1271 est
1753 1236 1767 1282 ;
1811 1222 2030 1276 minima
2084 1225 2347 1292 siquidem
2380 1242 2530 1293 aqum
2562 1239 2706 1295 gutta
2755 1245 2905 1298 acque
2935 1240 3097 1282 totam
3134 1247 3229 1282 na-

1647 1298 1820 1344 turam
1862 1291 2017 1345 istius
2052 1294 2303 1348 elementi
2342 1297 2394 1349 in
2422 1310 2479 1351 se
2511 1299 2771 1362 continet,
2806 1315 2870 1353 ae
2898 1310 3037 1353 totus
3064 1301 3232 1354 Ocea-

1647 1375 1770 1414 nus.

1718 1429 1844 1499 Pag.
1876 1430 1964 1485 52.
1994 1433 2226 1502 Ὅμοιοι
2255 1434 2381 1499 τοῖς
2416 1436 2662 1504 γονεῦσι
2689 1437 2990 1506 γινόμεθα.
3041 1438 3114 1491 Ex
3138 1453 3234 1493 eo·

1646 1515 1762 1551 rum
1792 1501 2001 1565 placitis
2034 1504 2295 1558 rationem
2334 1508 2515 1559 retulit
2546 1507 2623 1573 (ct)
2687 1507 3010 1562 Plutarchus
3044 1524 3059 1561 ε
3102 1508 3237 1562 Ἀπὸ

1644 1567 1738 1621 τοῦ
1771 1569 2023 1640 σώματος
2055 1574 2179 1628 ὅλου
2209 1574 2440 1644 καὶτῆς·
2466 1576 2645 1645 ψυχῆς
2685 1576 2945 1647 φέρεσθαι
2975 1578 3042 1631 τὰ
3069 1578 3235 1649 σπέρ-

1654 1656 1823 1720 ματα,
1861 1643 1955 1695 καὶ
1978 1642 2078 1707 τάς
2104 1645 2426 1715 ὁμοιότητας
2447 1645 2884 1700 ἀναπλάττεσθαι
2920 1651 2982 1701 ὲκ
3007 1648 3114 1701 τῶν
3143 1647 3240 1702 αὐ-

1643 1726 1753 1761 των
1779 1711 1952 1778 γενῶν
1977 1716 2105 1778 τοὺς
2132 1713 2334 1779 τύπους
2362 1716 2597 1778 καὶτοὺς
2622 1719 2996 1788 χαρακτῆρας,
3021 1718 3239 1789 ὡσπερ-

191 1786 241 1837 ie
285 1782 566 1836 admodum
606 1794 674 1833 ex
715 1776 912 1831 atomis
941 1776 1128 1830 orbem
1170 1773 1392 1829 conflari
1433 1776 1543 1830 vel·
1581 1787 1623 1844 Β
1649 1780 1768 1833 ανεὶ
1816 1782 2109 1852 ζωγράφον
2162 1784 2272 1838 άπὸ
2328 1785 2529 1855 ὁμοίων
2577 1786 2884 1858 χρωμάτων
2918 1789 3104 1841 εἰκόνα
3142 1787 3235 1841 τοῦ

191 1855 329 1917 licet,

191 1958 426 2012 tunquam
455 1940 599 1995 nobis
625 1939 875 1993 divinitus
901 1954 1012 1993 esse
1036 1947 1267 1990 creatam

200 2029 347 2068 urant
369 2011 570 2073 attendi,
596 2026 712 2080 qttoe
738 2019 886 2063 tanta
911 2020 985 2062 est
1016 2008 1239 2076 proedt'ta
1261 2004 1436 2074 culpa.

191 2129 302 2182 ‚lem
338 2127 452 2179 lta-c
493 2138 600 2192 ιιι-ιι.ἱ
634 2121 849 2177 caeteris
885 2119 1298 2191 quibuscunque
1335 2125 1418 2172 est
1460 2116 1546 2170 illa

194 2199 338 2265 pitia,
387 2210 507 2261 quae
533 2192 811 2262 gentilium
862 2190 1218 2261 polytlteismo
1247 2199 1544 2255 praetextus

199 2282 276 2320 ios
300 2264 575 2319 afferebat.
601 2260 892 2329 Postquam
913 2260 1055 2315 enim
1081 2267 1258 2313 ratum
1285 2261 1424 2327 apud
1451 2272 1544 2313 eos

199 2340 284 2392 toti

216 2420 315 2468 ese,
348 2404 695 2472 quodcunque
718 2400 881 2463 vides,
906 2415 1207 2466 quocunque
1236 2399 1472 2458 moveris,

191 2478 312 2530 unia
362 2474 631 2526 animaret
662 2488 676 2522 τ
710 2471 1009 2536 proximum
1057 2469 1179 2533 suit,
1212 2479 1269 2522 ut
1300 2470 1459 2523 etiam
1496 2470 1546 2521 iu

195 2564 220 2601 s
253 2546 353 2600 ‹oli
393 2543 559 2609 possit
589 2550 640 2594 et
673 2540 884 2593 debeat.
914 2538 1044 2592 llinc
1073 2540 1376 2592 animarum
1422 2553 1551 2592 evo-

191 2634 230 2679 s,
286 2615 529 2666 ciborum
582 2610 846 2669 delectus,
907 2610 1132 2677 magicae
1180 2608 1547 2673 lustrationes,

191 2689 323 2741 sima
373 2682 679 2751 καθάρσια,
731 2680 950 2747 utagieae
994 2680 1343 2747 purgationes
1373 2690 1423 2731 et
1468 2679 1551 2731 iu-

191 2759 300 2811 itus
335 2773 348 2808 ι
379 2753 575 2821 quibus
600 2749 918 2818 satagebant
941 2746 1041 2817 (ιιι
1068 2749 1313 2802 morituri
1351 2749 1543 2802 Plotini

207 2838 326 2880 utar
367 2839 397 2877 a
433 2823 604 2890 l’orph
650 2821 727 2873 rio
766 2819 1142 2881 memoratis),
1178 2817 1238 2870 τὸ
1269 2820 1328 2869 ἐν
1366 2819 1550 2884 αὐτοῖς

194 2898 378 2963 νάγειν
411 2892 547 2963 πρὸς
578 2835 643 2944 ἐξ
659 2892 715 2942 ὲν
756 2887 836 2957 τῷ
873 2887 1041 2941 παντὶ
1073 2889 1234 2942 θεῖον.
1275 2888 1548 2954 Quinimo,

190 2968 309 3020 imis
333 2961 726 3017 Christianismi
756 2959 1124 3022 incunabulis,
1151 2971 1248 3026 per
1275 2960 1549 3012 Sintonem

201 3077 217 3102 ,
276 3035 652 3103 Carpocratem
676 3070 692 3096 ‚
752 3027 1096 3083 Valentinum
1122 3071 1136 3095 ‚
1196 3026 1546 3095 Marcionem,

192 3122 371 3176 :osque
404 3104 668 3170 reliquos.
705 3101 786 3155 his
814 3101 944 3166 ipsis
979 3101 1149 3153 armis
1179 3098 1416 3153 Ecclesia
1453 3114 1549 3168 op-

191 3187 339 3236 tatur,
373 3177 443 3229 ita
486 3174 572 3226 illa
612 3174 842 3225 lacertos
871 3171 983 3237 jam
1022 3176 1294 3232 movente,
1334 3170 1549 3223 demum

194 3248 336 3301 iliani
384 3243 640 3311 auspiciis
688 3243 801 3296 haee
858 3255 963 3292 uua
1019 3240 1378 3309 philosophiae
1431 3255 1556 3309 pars

205 3316 448 3373 arinulam
490 3328 550 3369 se
588 3313 789 3386 gessit,
840 3318 897 3363 et
942 3310 999 3364 in
1049 3311 1276 3364 vulnere
1322 3310 1556 3366 animam

216 3462 269 3513 ’A
312 3454 563 3527 μωνὶου.
592 3449 1040 3507 Consulaturhac
1067 3449 1134 3503 de
1169 3463 1226 3503 re
1251 3448 1476 3504 Proclus
1506 3451 1557 3504 in

191 3533 232 3581 td
268 3476 508 3581 glutonis
565 3522 607 3575 Τ
611 3524 840 3582 iuncum,
904 3534 1110 3574 necnon
1154 3518 1302 3574 Joau.
1366 3521 1558 3575 Gram-

191 3621 199 3650 t
233 3598 456 3649 Aris-tot.
480 3593 550 3644 De
585 3592 786 3654 anima,
808 3590 895 3659 qui
931 3591 1063 3652 haze,
1096 3604 1215 3658 quae
1243 3601 1559 3659 sequuntur,

191 3666 308 3716 ·s‹·ri
334 3665 442 3714 isit.

192 3773 205 3785 .
241 3683 428 3784 Δεῐὶται
454 3729 559 3783 τοῦ
581 3727 967 3799 συνέχοντος.
992 3729 1106 3784 Νοιι
1135 3731 1274 3785 male
1303 3730 1459 3798 vulgo
1484 3731 1565 3783 di-

191 3803 344 3855 ›rutis
408 3799 729 3853 animalibus
755 3800 932 3853 anima
978 3816 1074 3870 pro
1110 3799 1223 3854 sale
1276 3803 1418 3854 data.
1470 3797 1563 3854 Sat

196 3887 283 3923 ton
328 3871 482 3925 modo
511 3871 843 3936 putredinem
879 3880 1047 3933 arcet,
1087 3869 1177 3924 sed
1209 3880 1261 3924 et
1293 3869 1565 3924 lixationis

191 3942 320 3997 ›ium
352 3950 454 3994 esi.
493 3940 630 4004 Quin
660 3939 936 3993 rationalis
956 3941 1156 4005 anima,
1192 3953 1311 4009 quat
1356 3937 1563 3993 Platoni

191 4028 213 4074 ;
271 4012 434 4074 audit,
495 4024 601 4062 uon
635 4008 803 4062 solum
870 4008 1021 4063 irena
1048 4010 1098 4061 in
1120 4009 1336 4064 affectus
1378 4009 1565 4078 injicit,

222 4083 472 4135 institores
515 4080 755 4145 corporis
808 4080 1138 4132 moderatur.
1177 4081 1242 4133 Et
1297 4081 1399 4132 boe
1438 4079 1564 4131 illud

196 4152 296 4203 uod
339 4148 529 4203 medici
587 4163 681 4202 eos
729 4151 830 4201 suh
894 4149 1055 4202 tutela
1106 4150 1298 4201 auimae
1344 4157 1567 4215 ponunt,

193 4237 241 4273 ie
288 4220 626 4272 habitudines
657 4217 838 4272 haberi
875 4219 927 4273 iu
972 4232 1200 4286 corpore
1241 4218 1381 4283 vivo,
1408 4232 1567 4287 quam

193 4305 372 4353 avere,
413 4291 618 4356 titagnis
636 4288 1017 4355 experimentis
1037 4288 1252 4343 docent.

192 4402 202 4412 .
230 4359 471 4413 Στωϊκοὶ
506 4355 773 4423 τονικήν.
834 4356 1039 4412 Sensus
1088 4366 1143 4411 et
1170 4369 1345 4413 motus
1379 4356 1453 4411 ita
1480 4373 1572 4411 ex-

224 4432 418 4491 sulent,
455 4437 511 4481 ιιι
550 4430 730 4482 nvn-vis
757 4428 1079 4481 chordarum
1125 4429 1189 4479 ad
1218 4443 1419 4482 morem
1445 4443 1571 4497 pro-

225 4503 267 4555 si
309 4499 446 4553 fui-te
473 4513 536 4552 ex
573 4506 726 4565 parte
753 4497 931 4565 aliqua
969 4498 1322 4568 attingantur,
1353 4497 1575 4552 mutatio
1609 4483 1650 4536 D

213 4579 353 4623 totos
386 4570 647 4638 pot-vadat
710 4574 765 4621 et
793 4566 986 4621 afficiat
1019 4585 1032 4620 ι
1069 4568 1210 4619 unde
1258 4570 1302 4620 si
1357 4567 1576 4636 agitatio

195 4644 464 4704 nitentior,
516 4651 758 4697 sensum.
795 4637 841 4693 si
881 4638 1118 4691 exterius
1145 4636 1343 4701 tendat,
1374 4646 1574 4689 motum

191 4723 278 4768 zat.
333 4713 401 4763 At
439 4711 586 4763 aliud
613 4707 890 4775 quidpiam
924 4705 1024 4760 sibi
1054 4705 1187 4760 velle
1215 4706 1302 4758 hie
1332 4707 1579 4759 videntur

192 4828 194 4837 .
239 4784 358 4836 scil.
405 4783 780 4851 operationum
823 4776 1061 4831 omnium
1099 4777 1151 4829 in
1211 4775 1578 4829 animantibus

191 4869 220 4903 ιι
259 4865 403 4912 esse,
439 4854 634 4903 luctam
665 4847 951 4913 quamdam
983 4856 1038 4900 et
1082 4847 1410 4909 reciprocam
1437 4858 1572 4896 cou-

191 4921 377 4974 entiam
405 4919 714 4973 eorumdem
760 4930 1069 4981 nervorum,
1101 4915 1440 4984 partiumque
1461 4927 1581 4965 cor-

203 5003 549 5042 nervosarum
615 5006 630 5042 ι
676 4986 1129 5052 quemadmodum
1156 4985 1207 5036 iu
1248 4982 1478 5048 spasmis
1503 4982 1579 5034 vi-

191 5068 269 5120 tst,
305 5059 501 5127 quibus
547 5072 669 5112 cum
710 5067 891 5125 partes
919 5053 1145 5108 subinde
1178 5055 1227 5105 iu
1255 5053 1462 5105 diversa
1499 5050 1577 5104 l'e-

191 5193 337 5261 Apud
384 5189 734 5245 Plutarchum
769 5189 846 5243 De
886 5188 1029 5242 Iside
1057 5196 1105 5239 et
1141 5185 1371 5253 osiride,
1425 5193 1463 5239 t.
1512 5182 1578 5248 ll,

191 5265 223 5325 l,
251 5272 332 5317 est
371 5260 682 5333 Ὠρομάζης
713 5271 768 5314 et
803 5258 1163 5331 Ἀρειμάνιος.

194 5335 343 5401 Apud
375 5332 518 5386 lren.
547 5330 748 5386 Contra
778 5328 988 5392 lta-ret..
1024 5329 1059 5381 l.
1095 5342 1169 5392 tv,
1203 5340 1256 5395 p.
1291 5323 1377 5387 18,
1419 5324 1578 5396 Ἀχα-

191 5470 354 5532 lteu..
382 5486 435 5537 p.
472 5469 596 5525 109.
635 5468 808 5525 Oreus
840 5478 893 5524 ct
922 5468 1141 5521 Σακλᾶα
1173 5477 1270 5518 uec
1296 5465 1433 5529 apud
1475 5464 1578 5518 lre·

198 5585 210 5600 ,
272 5556 370 5593 nec
418 5540 559 5609 apud
624 5539 978 5609 Epiphanium
1035 5535 1229 5604 reperi.
1290 5531 1394 5587 Sed
1442 5534 1580 5604 apud

191 5609 310 5662 llori
343 5612 400 5663 lit
441 5611 660 5675 mentio,
686 5623 846 5675 quem
880 5608 1040 5661 variis
1070 5602 1374 5660 nominihus
1400 5604 1581 5672 appel-

205 5678 335 5733 Vide
379 5677 617 5733 llaeresin
663 5678 753 5733 st.
790 5677 949 5732 Forte
991 5677 1107 5730 loco
1150 5673 1370 5727 Σακλᾶα
1418 5674 1584 5728 voluit

192 5768 254 5803 α.
299 5750 433 5818 Quis
476 5763 603 5804 vcro
641 5750 773 5804 istas
807 5759 974 5814 nugas
1012 5744 1196 5799 curet?

1652 1849 2006 1921 βλεπομένου.

1649 1918 2310 2047 νΠΙ.);ι(ῗζρ.Ι.-ῗ>ἓ.1,Ἀριθμοὺς
2361 1925 2624 1994 ὁμοίους.
2663 1926 2813 1997 Apud
2855 1925 3096 2016 ‘Euclid.,
3140 1928 3235 1983 lib.

1651 2059 1849 2183 P'l‘a‘g.
1884 2062 1973 2118 55.
2023 2064 2293 2133 Σιμμίας.
2365 2062 2642 2120 llabcntur
2694 2066 2834 2136 apud
2873 2067 3150 2123 Platonem
3182 2067 3239 2123 in

1721 2146 1784 2184 1oe
1825 2148 1943 2185 one.

1724 2221 1846 2289 Pag.
1881 2223 1969 2278 56.
2022 2223 2291 2292 Ἁρμονία
2340 2226 2421 2291 τῷ
2473 2226 2791 2294 χαλᾶσθαι.
2846 2227 3133 2282 liat-monia
3183 2230 3236 2284 in

1587 2345 1593 2352 ,
1653 2292 1864 2347 ratione
1892 2294 2159 2358 consistit,
2192 2297 2534 2365 sesquidttpla
2570 2299 2845 2358 nimirum,
2888 2300 3068 2364 tripla,
3097 2316 3233 2368 ‹pta-

1650 2362 1861 2427 drupla,
1898 2375 2029 2426 etc..
2085 2380 2208 2434 qmc
2240 2367 2410 2435 stragis
2465 2378 2518 2422 et
2550 2369 2725 2420 miuus
2768 2384 2871 2421 uon
2913 2370 3237 2431 admittuut;

1651 2444 1774 2484 cum
1805 2441 1985 2486 antem
2021 2444 2255 2496 constet,
2299 2447 2619 2489 concentum
2648 2452 2742 2504 per
2771 2450 3094 2507 systemata.
3127 2455 3242 2492 mo-

1652 2502 1766 2561 dos,
1801 2510 1978 2563 tonos.
2012 2519 2287 2565 uniueroS,
2346 2521 2807 2574 numerormuque
2848 2509 3239 2561 institutionem

1651 2588 1756 2623 uon
1797 2572 1999 2625 variari
2028 2574 2209 2632 modo,
2241 2575 2335 2627 sed
2364 2576 2563 2627 intendi
2602 2586 2656 2627 ct
2683 2578 2916 2636 remitti:
2952 2578 3109 2630 aliam
3143 2580 3237 2630 acl·

1652 2640 1798 2694 ltihet
1828 2656 2014 2696 vocent
2040 2654 2228 2696 auctor
2257 2653 2456 2706 noster,
2503 2644 2712 2697 latioris
2739 2648 3043 2712 significati,
3069 2647 3139 2717 άρ
3185 2664 3245 2700 o·

1650 2711 1757 2781 γήν
1779 2711 1925 2774 scil..
1955 2727 2075 2778 quae
2103 2712 2385 2765 connnode
2407 2715 2540 2766 satis
2565 2731 2589 2764 a
2616 2713 2777 2767 Fred.
2813 2714 3035 2769 Morello
3073 2732 3128 2768 re
3172 2719 3250 2767 di-

1655 2789 1741 2832 tur
1764 2782 2058 2835 harmonice
2089 2782 2299 2846 copula,
2344 2793 2399 2835 et
2455 2784 2507 2834 iu
2550 2785 2650 2836 hoe
2686 2783 2801 2836 lere
2858 2796 3129 2844 versatur,
3188 2795 3247 2837 ut.

1652 2851 1895 2918 pat-tibus
1949 2854 2317 2920 respondeant
2351 2860 2407 2905 et
2434 2854 2780 2921 adaptentur,
2820 2864 2873 2907 et
2906 2855 3048 2909 taciti
3092 2855 3243 2925 lapsu

1654 2922 1764 2974 toni
1794 2920 1993 2975 leniter
2015 2932 2207 2977 coeant
2234 2933 2286 2975 et
2327 2924 2779 2987 permisceantur.
2837 2922 2927 2977 Sic
2958 2925 3008 2977 32,
3039 2926 3245 2991 pictura

1653 2989 1793 3044 lucis
1818 2999 1874 3045 et
1902 2992 2214 3046 umbrarum
2257 2993 2415 3044 dubia
2471 3002 2524 3044 et
2582 2995 2736 3061 qnasi
2770 3009 2989 3056 crepera
3024 2994 3247 3058 coujun-

1652 3060 1760 3115 ctio
1795 3063 2012 3134 ἁρμογή
2067 3063 2283 3116 dicitur.
2345 3063 2418 3116 lta
2469 3063 2693 3116 Luciau.
2744 3064 2797 3117 in
2843 3061 3076 3119 Zeuxide
3126 3064 3242 3135 (e):

1577 3131 1620 3188 C
1656 3131 1765 3183 Καὶ
1807 3135 1839 3203 ἠ
1891 3133 2037 3204 μίξις
2070 3132 2127 3184 δὲ
2179 3132 2272 3184 καὶ
2307 3133 2339 3198 ἡ
2383 3134 2602 3214 άρμογῂ
2644 3133 2754 3186 τῶν
2787 3134 3076 3204 σωμάτων,
3120 3132 3244 3187 καθ’

1662 3200 2055 3326 ὃόῖυνάπτεται
2095 3201 2188 3257 καὶ
2229 3202 2498 3259 συνδεῖται
2526 3221 2608 3275 τῳ
2652 3205 2952 3274 γυναικείῳ
2986 3203 3050 3258 τὸ
3095 3206 3239 3257 ῑππι·

1665 3288 1699 3325 κ
1768 3311 1781 3325 .

1735 3364 1869 3418 lbid.
1900 3360 2028 3419 'Eia
2053 3366 2091 3434 ἡ
2122 3364 2313 3435 ψυχή.
2354 3363 2482 3431 Quoe
2518 3363 2581 3434 (s)
2615 3373 2935 3432 sequuntur,
2977 3365 3123 3431 prius
3152 3363 3251 3417 de·

1666 3435 1922 3500 siderata,
1952 3450 2017 3489 ex
2049 3451 2149 3489 mS.
2181 3437 2423 3488 restituta
2455 3445 2598 3487 sunt.

1737 3527 1870 3581 lbid.
1906 3528 2185 3594 Γαληνὸς
2216 3525 2282 3580 δὲ
2317 3525 2386 3595 (9)
2439 3525 2857 3592 ἀποφαίνεται.
2913 3521 2964 3575 Ιιι
2996 3529 3242 3585 tractatu,

1669 3612 1826 3665 quem
1852 3597 2088 3650 Galenus
2117 3598 2332 3664 scripsit
2367 3596 2432 3649 de
2461 3595 2615 3648 libris
2639 3612 2665 3646 a
2709 3608 2766 3645 se
2796 3591 2973 3653 editis,
3015 3593 3244 3643 mentio-

1671 3681 1793 3720 nem
1824 3665 1951 3721 l‘acit
1986 3666 2414 3736 hypomnematis
2460 3665 2524 3716 de
2577 3663 3056 3720 Demonstratioue‚
3095 3659 3237 3738 qitod

1671 3736 1889 3805 quidem
1916 3751 2176 3803 nusquam
2204 3743 2514 3802 cotuparet;
2566 3734 2659 3786 sed
2709 3731 2930 3784 omuino
2960 3727 3249 3783 verisimile

1672 3814 1773 3869 est,
1805 3820 1939 3872 opus
1965 3805 2090 3858 illud
2117 3805 2182 3858 ad
2212 3805 2438 3873 logicam
2467 3812 2632 3855 ιοιιιιιι
2664 3800 3004 3867 pertinuisse,
3026 3816 3143 3852 cum
3174 3814 3250 3850 tu-

1678 3884 1759 3928 ter
1809 3874 2111 3928 istiusmodi
2141 3873 2406 3942 juveniles
2455 3872 2571 3939 ejus
2626 3870 3246 3924 lucubrationesrecen-

1673 3953 1879 3998 seatur.
1904 3942 2059 3997 Serio
2086 3944 2149 3997 de
2176 3945 2276 3996 hae
2313 3959 2367 3995 rc.
2402 3939 2769 3995 consideranti
2819 3939 2947 3990 mihi
3002 3938 3110 3991 sere
3150 3951 3245 4005 pro

1674 4022 1826 4067 certo
1862 4013 2088 4066 habetur
2127 4009 2325 4075 λόγους
2356 4008 2783 4070 ἀποδεικτικούς,
2841 4007 3129 4074 dequibus
3162 4008 3248 4058 hic

1678 4083 1878 4136 mentio
1905 4081 2221 4142 instituitur.
2246 4083 2439 4148 opponi
2488 4080 2742 4149 practicis
2777 4087 2831 4131 et
2871 4087 3057 4128 stricte
3082 4075 3249 4127 tuedt-

1674 4152 1961 4212 cinalibus.
1991 4160 2046 4205 et
2098 4151 2231 4204 nihil
2289 4155 2424 4203 ultra
2451 4150 2752 4217 indigitare,
2802 4145 3095 4224 praesertim
3127 4157 3249 4220 cum

1677 4222 1744 4274 al»
1775 4223 1889 4290 ipso
1908 4219 2110 4276 Galeno
2136 4220 2317 4285 agnita
2352 4222 2424 4273 sit
2477 4221 2579 4272 ista
2609 4216 2871 4271 tractandi
2899 4215 3033 4267 ratio
3066 4229 3119 4265 ιιι
3150 4209 3244 4264 hb.

1677 4290 1753 4343 De
1771 4293 1955 4358 partit.
1991 4290 2122 4344 artis
2157 4291 2317 4353 med„
2350 4286 2797 4358 quemadmodum
2831 4285 3079 4339 observat
3106 4280 3250 4349 ejus·

1679 4362 1796 4412 dem
1829 4361 2006 4414 editor
2044 4358 2303 4412 nasarius
2347 4361 2400 4413 in
2439 4359 2649 4412 Praesat.
2684 4355 2938 4423 Quinimo
2964 4350 3251 4430 inter'ejus

1680 4431 1876 4498 scripta
1904 4430 2199 4483 etiamnum
2242 4439 2531 4482 occurrunt
2569 4443 2630 4480 ea
2663 4425 2891 4495 quoehic
2916 4425 2966 4476 in
3007 4431 3248 4476 testimo-

1681 4499 1828 4551 nium
1863 4498 2206 4563 adhibentur,
2229 4497 2479 4550 nimirum
2504 4497 2552 4549 itt
2581 4495 2883 4561 fragmento
2912 4492 2985 4546 De
3012 4491 3253 4545 substan·

1680 4568 1754 4619 tin
1786 4569 2108 4621 naturalium
2138 4566 2472 4633 facultatum,
2519 4564 2606 4617 ubi
2654 4566 2727 4615 ait
2761 4579 2775 4615 ι
2818 4563 2931 4632 Τὴν
2962 4561 3039 4631 (Ιι)
3074 4557 3248 4630 ψυχὴν

1679 4638 1835 4707 ἡμῶν
1872 4638 1922 4690 οἱ
1956 4635 2054 4707 μὲν
2082 4634 2369 4706 ἀσώματόν
2397 4652 2516 4688 τινα
2534 4633 2844 4705 νομίζουσιν
2876 4632 3061 4684 οὐσίαν
3089 4625 3251 4692 εἶναι,

1679 4708 1820 4769 τινὲς
1851 4707 1907 4761 δὲ
1935 4705 2171 4775 πνεῦμα.
2204 4706 2455 4776 καθάπερ
2487 4704 2634 4758 ἄλλοι
2668 4704 2742 4775 μὴ
2766 4700 2899 4756 εἷναί
2931 4716 3051 4753 τινα
3078 4696 3252 4777 ῦπαρ.-

1679 4773 1760 4840 ξιν
1792 4777 1958 4840 αὐτ”ς
2013 4777 2167 4839 ἰδίαν,
2209 4786 2312 4830 etc.
2345 4774 2533 4830 Μέσνν
2571 4775 2631 4847 (i)
2680 4772 2799 4826 τινὰ
2828 4771 2978 4836 τάξιν
3032 4769 3252 4836 ὲμαυτῳ

1678 4845 1860 4910 ἔταξα.
1896 4795 2044 4917 Ἶῖερὶ
2103 4846 2213 4918 γὰρ
2253 4846 2428 4899 ἄλλων
2480 4812 2573 4912 ἒογ
2618 4845 2761 4897 άτων
2817 4837 3252 4908 ἀποφαινόμενος

1679 4916 1887 4978 ἁπλῶς,
1926 4915 2033 4969 τῶν
2145 4933 2172 4967 ν
2199 4917 2274 4978 ὡς
2323 4915 2518 4968 εἰδείτν
2541 4861 2637 4983 τξν
2674 4913 2729 4963 ὲν
2762 4911 2945 4972 αὐτοῖς
2968 4907 3247 4975 ἀλήθειαν,

1679 4985 1787 5037 τῶν
1834 4985 1890 5037 δὲ
1930 4986 2005 5048 ὡς
2036 4985 2189 5037 ουδὲν
2220 4984 2391 5053 αὐτῆς
2419 4984 2638 5053 εἰοείην,
2668 4983 2725 5034 ὲν
2765 4975 2844 5042 οἷς
2867 4971 3253 5051 άρτιιδιῐ-λθον,

1680 5054 1807 5126 ἄχρι
1832 5054 1927 5108 τοῦ
1953 5052 2175 5107 πιθανοῦ
2206 5054 2557 5124 προέρχομαι.
2596 5052 2661 5105 Et
2683 5050 2838 5121 paulo
2866 5057 2985 5119 post
3019 5064 3034 5104 ;
3079 5012 3234 5096 fito&-

1753 5187 1832 5258 (A)
1867 5187 1941 5240 De
1976 5188 2183 5256 placitis
2210 5187 2650 5254 phiwmphorum,
2686 5194 2723 5241 t.
2751 5183 2789 5248 1,
2824 5198 2875 5252 p.
2898 5179 3021 5236 906.

1753 5260 1822 5325 (e)
1856 5257 2109 5311 Sectione
2135 5256 2189 5320 6,
2216 5257 2322 5310 vol.
2356 5259 2406 5316 t.
2441 5270 2492 5324 p.
2525 5255 2648 5310 843.

1754 5326 1824 5394 ts)
1882 5327 1936 5378 lu
1968 5328 2202 5381 editione
2248 5327 2407 5379 Antv.
2445 5324 2758 5379 exciderant
2814 5320 2964 5391 culpa
3002 5319 3250 5390 typothe-

1688 5405 1769 5449 tae.
1808 5395 2083 5463 chuutur
2112 5395 2255 5449 cuim
2295 5397 2344 5448 iu
2376 5395 2621 5449 versione
2649 5391 2929 5446 Ellebodii.

1756 5465 1833 5534 (ρ)
1881 5466 1977 5518 llic
2013 5474 2154 5518 totus
2199 5465 2343 5519 locus
2387 5463 2619 5517 Nemesii
2666 5476 2787 5517 cum
2819 5460 2925 5514 alio
2962 5460 3154 5530 capitis
3181 5456 3250 5513 ΞΟ

1684 5535 1874 5600 legitur
1924 5535 1973 5587 in
2024 5535 2257 5589 editione
2299 5534 2485 5589 Caleni
2538 5531 2833 5596 Chartcrii,
2873 5539 2914 5585 t.
2943 5528 3009 5600 V,
3065 5526 3242 5599 pagi

1683 5618 1755 5658 set
1780 5621 1793 5652 t
1821 5644 1834 5657 .

1756 5619 1831 5741 (¹12¹)
1870 5672 1934 5726 τ.
1962 5670 2025 5737 v.
2058 5687 2109 5740 p.
2139 5672 2191 5726 t.

1758 5741 1814 5813 (i)
1845 5741 1977 5797 lhid.
2007 5759 2058 5814 p.
2080 5742 2133 5796 5.
