3725 6125
778 327 1053 385 evacuit
1092 319 1366 384 PONTIC!
1407 317 1567 381 ΗΕΒ.
1617 326 1874 383 MONAC.
1920 322 2286 381 RATIONES.

3028 324 3165 381 {258

232 447 538 520 ἀνθρώπων
580 444 781 499 ὑλικῶν
816 445 911 499 καὶ
950 444 1367 517 ὲμπεριστὰτων
1409 444 1491 496 οἱ·
1520 446 1565 502 Α
1597 443 1731 496 teria
1790 442 2123 508 carentibus,
2170 441 2371 511 tibique
2426 440 2827 498 consentaneis.
2878 440 3013 497 Nam
3068 444 3163 511 qni

191 556 293 603 τως
323 536 642 606 κοινωνήσει
675 533 769 589 καὶ
810 534 971 597 αὐτὸς
1011 536 1077 605 τῇ
1102 533 1307 587 τούτων
1336 550 1493 604 περι-

191 631 263 683 εαὶ
299 627 577 682 δουλεύσει
620 626 990 698 ἀνθρωπίναις
1039 627 1360 695 ἐπιταγαῖς,
1398 626 1495 679 λα-

196 722 476 794 ματαίαις,
525 719 620 773 καὶ
664 721 778 782 τοῖς
821 718 998 782 ἄλλοις
1050 717 1220 771 ἅπασι
1270 718 1490 784 δεινοῖς,

191 829 284 887 πῃ,
323 810 488 883 μανίᾳ
527 809 636 862 τῶν
671 808 830 874 ὑλῶν,
866 808 1037 879 φόὁῳ,
1063 808 1142 879 τῷ
1188 807 1490 877 σκανδάλῳ.

205 904 495 977 μερίμναις
538 901 571 966 ἢ
616 902 965 969 συγγενικαῖς
1013 900 1213 968 φιλίαις
1246 898 1322 970 μὴ
1366 915 1493 951 συν-

192 1017 194 1023 ·
235 995 370 1049 ἀλλὰ
424 995 537 1065 γὰρ
595 992 689 1045 καὶ
719 992 854 1063 πρὸς
883 989 1102 1055 τούτους
1134 991 1331 1054 αὐτοὺς
1362 1008 1492 1044 συν-

193 1089 387 1160 τυχίας
420 1075 713 1158 παραιτοῦ,
757 1083 965 1156 μήποτέ
1009 1099 1069 1135 σε
1108 1082 1491 1153 ἀποσυλήσωσι

192 1181 239 1251 ᾧ
283 1178 485 1248 κελλίῳ
531 1177 781 1248 ἡσυχίας,
832 1174 926 1229 καὶ
979 1174 1108 1246 περὶ
1156 1172 1256 1235 τὰς
1284 1172 1491 1226 ἑαυτῶν

191 1288 263 1334 εις
308 1268 609 1339 ἀγάγωσιν.
657 1285 677 1319 ι
706 1269 898 1337 Ἀφες,
922 1284 942 1319 s
981 1264 1147 1336 φησὶν
1185 1266 1215 1317 ό
1255 1263 1492 1335 Κύριος,

197 1361 360 1432 κρους
393 1358 559 1429 θάψαι
604 1359 732 1421 τοὺς
782 1355 989 1410 ἑαυτῶν
1036 1354 1289 1426 νεκρούς·
1334 1356 1398 1409 σὺ
1438 1354 1495 1407 δὲ

192 1451 399 1506 ,ολούθει
438 1469 545 1522 μοι.
573 1468 593 1502 t
632 1449 757 1503 Ἐἀν
785 1449 843 1503 δὲ
880 1448 976 1502 καὶ
1019 1446 1078 1500 τὸ
1124 1447 1333 1500 κελλίον
1362 1447 1421 1500 ὲν
1451 1439 1495 1514 ᾧ

191 1545 534 1616 ὓπερίστατον
563 1538 620 1616 ᾖ,
654 1538 846 1611 φεῦγε,
877 1539 972 1593 καὶ
1001 1537 1165 1593 αὐτοῦ
1201 1539 1275 1612 μὴ
1309 1538 1491 1611 φείσῃ,

192 1640 256 1708 ᾖς
299 1638 379 1700 είς
415 1636 634 1707 ἀγάπην
667 1632 834 1696 αὑτοῦ
856 1650 870 1663 ·
912 1632 1090 1687 πάντα
1121 1630 1286 1695 ποίει,
1316 1631 1493 1685 πάντα

191 1725 301 1789 πῶς
336 1725 567 1797 δυνηθῇς
616 1723 886 1796 ὴσυχάσαι
935 1722 1028 1776 καὶ
1068 1721 1355 1793 σχολάσαι,
1398 1724 1492 1776 καὶ

191 1834 217 1869 ,ι
256 1816 506 1885 γενέσθαι
542 1817 601 1868 ἐν
624 1816 736 1878 τοῖς
774 1812 870 1866 τοῦ
893 1812 1028 1866 Θεοῦ
1071 1812 1356 1883 θελήμασι,
1400 1814 1493 1867 καὶ

191 1920 241 1978 tp
272 1905 379 1959 τῶν
411 1904 676 1978 ἀοράτων.

216 1999 290 2070 μὴ
331 1997 553 2053 δύνασαι
593 1995 794 2068 ῥᾳδίως
836 1997 1107 2068 ήσυχάσαι
1141 1999 1201 2051 ἐν
1239 2000 1348 2063 τοῖς
1383 2001 1493 2063 σοῖς

192 2089 250 2152 ός
281 2106 371 2142 σου
400 2088 491 2142 ἐπὶ
533 2087 798 2155 ξενιτείαν
827 2089 926 2160 τὴν
960 2081 1238 2159 πρόθεσιν,
1271 2089 1366 2144 καὶ
1402 2091 1495 2144 ἐπὶ

191 2181 338 2253 ιύτὴν
377 2181 721 2238 κατάσπευδέ
759 2201 852 2237 σου
891 2181 983 2235 τὸν
1023 2182 1300 2252 λογισμόν.
1330 2180 1493 2237 Γενοῦ

198 2292 282 2339 τις
319 2278 744 2349 πραγματευτὴς
779 2276 1022 2349 ἄριστος,
1057 2275 1125 2328 τὰ
1154 2274 1332 2329 πάντα
1360 2275 1496 2347 πρὸς

191 2366 509 2438 δοκιμάζων,
530 2369 639 2434 ᾖκαὶ
669 2368 737 2422 τὰ
773 2367 912 2442 πρὸς
955 2365 1158 2438 ταύτην
1190 2365 1369 2438 ἥσυχα
1400 2365 1496 2421 καὶ

191 2458 275 2512 διὰ
305 2460 521 2514 πάντων
552 2459 821 2531 κατέχων.
868 2459 1017 2533 Πλὴν
1056 2458 1200 2529 λέγω
1227 2475 1331 2526 σοι,
1359 2455 1498 2524 ξενι-

191 2550 324 2604 ina·
376 2550 712 2604 ἀπαλλάττει
773 2549 882 2623 γάρ
935 2566 994 2603 σε
1053 2548 1162 2603 τῶν
1209 2547 1350 2603 κατὰ
1398 2549 1496 2623 τὴν

191 2660 282 2714 ραν
327 2644 726 2715 περιστάσεων,
759 2642 853 2697 καὶ
891 2640 992 2712 τῆς
1039 2641 1179 2702 κατὰ
1223 2641 1320 2715 τὴν
1365 2645 1498 2714 ἡσυ-

191 2733 340 2797 λείας
383 2734 542 2803 μόνον
586 2732 877 2787 ἀπολαύειν
911 2736 1073 2787 ποιεῖ.
1102 2734 1213 2798 Τὰς
1246 2737 1303 2788 ὲν
1345 2734 1496 2790 πόλει

191 2839 205 2884 ς
255 2821 459 2891 φεῦγε,
502 2821 598 2875 καὶ
631 2822 732 2885 τὰς
781 2822 838 2875 ὲν
888 2823 1107 2897 ἐρημίᾳ,
1139 2824 1494 2897 καρτέρησον.

198 2911 327 2983 γὰρ,
353 2913 516 2984 φησιν
542 2912 570 2964 ὀ
596 2912 768 2982 ἅγιος,
801 2930 820 2965 t
844 2913 1129 2985 ὲμάκρυνα
1158 2914 1496 2984 φυγαδεύων,

191 3003 318 3071 πθην
365 3006 423 3057 ὲν
454 3006 522 3077 τῇ
567 3005 777 3078 ἐρήμῳ.
807 3023 826 3057 s
867 3003 931 3059 Et
983 3004 1227 3073 δυνατὸν,
1262 3003 1324 3058 τὸ
1363 3005 1498 3061 καθ·

1596 530 1803 585 habitat
1827 547 1950 585 cnm
1988 532 2299 586 hominibus
2340 529 2711 586 materialibus
2755 546 2821 587 ae
2861 532 3165 602 impeditis,

1595 633 1648 677 ct
1688 624 1803 693 ipse
1833 620 2054 693 pro‘rsus
2097 638 2285 679 eorum
2342 622 2634 679 turbulenti
2680 632 2856 680 status
2901 623 3169 695 particeps

1596 714 1807 769 futurus
1849 722 1956 781 est,
2008 715 2313 785 servietque
2361 714 2611 769 immanis
2665 716 2956 780 mandatis,
3014 717 3170 772 vanis

1598 806 1909 877 colloquiis,
1934 807 2257 877 caeterisque
2289 808 2542 862 omuibus
2568 807 2734 872 vitiiS,
2758 806 2871 872 irae,
2912 808 3168 872 tristitiae,

1597 897 1818 953 insanire
1860 913 1985 970 erga
2023 914 2111 955 rcs
2149 899 2478 965 materiales,
2523 899 2725 967 timori,
2774 899 3050 956 scandalo.
3091 898 3171 956 Ne
3249 930 3258 938 κ

1593 989 1910 1058 corripiaris
1971 992 2119 1047 curis
2181 991 2555 1061 parentalibus
2581 1025 2598 1057 ,
2656 999 2751 1045 aut
2816 999 3199 1061 cognatorum,

1595 1082 1849 1137 amicitiis
1901 1100 1915 1137 ι
1952 1082 2195 1153 quinimo
2225 1092 2280 1138 et
2317 1080 2563 1139 assiduos
2593 1097 2715 1138 cum
2748 1082 2815 1139 iis
2848 1097 3171 1152 congressus

1593 1174 1725 1239 vita,
1752 1189 1818 1229 ne
1859 1174 1999 1239 forte
2026 1192 2056 1228 a
2088 1175 2236 1231 cellae
2269 1174 2452 1244 quiete
2486 1184 2537 1230 te
2563 1177 2835 1242 auferant,
2879 1177 3028 1231 etad
3074 1192 3169 1230 sua

1597 1266 1881 1320 traducant
1928 1266 2161 1336 negotia.
2216 1286 2236 1319 ‹
2290 1266 2529 1332 Dimitte,
2580 1286 2601 1319 ι
2657 1268 2837 1338 inquit
2879 1267 3161 1337 Dominus,

1603 1373 1621 1407 ι
1667 1369 1913 1412 mortuos
1947 1359 2179 1427 sepelire
2208 1368 2453 1413 mortuos
2480 1373 2643 1426 suos;
2671 1368 2724 1413 tu
2746 1376 2876 1416 vero
2898 1363 3018 1418 veni
3039 1403 3053 1427 ,
3086 1378 3173 1417 so-

1595 1460 1766 1515 qnere
1793 1462 1881 1501 me
1907 1445 1975 1501 ⁸⁹.
2015 1466 2034 1499 ο
2070 1445 2125 1501 Si
2172 1460 2302 1501 vero
2330 1446 2462 1502 cella
2502 1447 2553 1501 in
2584 1463 2689 1517 qua
2715 1450 2921 1505 resides
2946 1450 3173 1520 impedi·

1597 1548 1778 1593 mento
1810 1539 1922 1603 sit,
1953 1536 2158 1618 fugito,
2209 1553 2385 1608 neque
2426 1538 2500 1593 illi
2530 1554 2753 1609 parcaS,
2798 1556 2895 1598 nec
2925 1543 2978 1597 in
3018 1558 3171 1600 amo-

1595 1644 1710 1683 rem
1750 1629 1863 1699 ejus
1897 1629 2223 1684 resolvaris:
2291 1629 2471 1683 omnia
2528 1631 2641 1699 sac,
2687 1632 2866 1686 omnia
2894 1647 3013 1702 age,
3054 1647 3163 1703 qno

1596 1720 1887 1790 tranquille
1912 1721 2093 1775 vivere
2120 1729 2175 1775 et
2206 1736 2399 1777 vacare
2434 1736 2621 1792 queas,
2641 1739 2742 1779 nee
2770 1740 2873 1781 non
2901 1729 3167 1783 contende

1599 1814 1654 1867 in
1685 1812 1777 1868 Dei
1816 1811 2179 1869 voluntatibus
2209 1827 2275 1869 ac
2300 1813 2354 1868 in
2388 1827 2567 1885 pugna
2596 1816 2856 1873 adversus
2880 1818 3166 1875 invisibilia

1599 1901 1921 1958 consistere.

1669 1992 1757 2048 Vt.
1800 1994 1856 2049 si
1915 1993 1967 2048 in
2016 2004 2102 2049 tua
2163 1994 2381 2065 regione
2426 2011 2533 2052 non
2581 2007 2734 2067 potes
2793 1998 2952 2056 facile
3009 1999 3174 2054 vitam

1597 2082 1835 2153 quietam
1873 2083 2091 2151 ducere,
2121 2086 2459 2154 propositum
2500 2096 2651 2142 tuum
2682 2089 2747 2144 ad
2778 2088 3176 2161 peregrinatio-

1599 2191 1718 2231 nem
1753 2177 1971 2243 tradito,
2021 2185 2184 2247 atque
2213 2179 2279 2233 ad
2313 2178 2460 2234 illam
2509 2180 2677 2249 ipsam
2716 2182 2884 2237 incita
2931 2184 3173 2239 animem

1599 2277 1771 2322 tuum.
1822 2268 1951 2323 Esto
1997 2268 2148 2324 velut
2201 2270 2439 2339 optimus
2482 2270 2809 2341 negotiator,
2857 2284 3053 2329 cuncta
3108 2274 3175 2329 ad

1599 2360 1833 2429 quietem
1869 2360 2127 2430 probans,
2166 2376 2393 2432 quaeque
2436 2361 2503 2419 ad
2535 2377 2653 2419 eam
2686 2363 3172 2419 constabiliendum

1598 2451 1910 2508 conducunt
1954 2452 2174 2508 omnino
2228 2454 2484 2512 retinens.
2542 2452 2806 2510 Caeterum
2860 2455 2980 2511 dico
3037 2456 3171 2523 tibi,

1599 2544 2089 2617 peregrinationem
2142 2544 2333 2617 dilige3
2379 2556 2429 2602 te
2467 2548 2608 2603 enim
2654 2547 2723 2603 ab
2764 2548 3174 2605 incommodita-

1602 2638 1747 2695 tibus
1771 2638 1962 2709 patriae
1990 2648 2092 2693 tuae
2117 2637 2388 2706 liberabit,
2421 2637 2725 2710 efficietque
2752 2650 2811 2696 ut
2835 2641 2983 2697 solns
3009 2641 3175 2696 silen-

1603 2731 1662 2787 tii
1708 2731 2077 2787 emolumento
2109 2730 2326 2788 fruaris.
2381 2729 2437 2786 ln
2483 2732 2619 2789 urbe
2657 2734 2987 2790 commorari
3023 2733 3177 2805 luge,

1602 2823 1657 2877 in
1704 2822 1995 2879 solitudine
2044 2824 2302 2894 perdura.
2340 2842 2361 2875 c
2398 2822 2539 2881 Eece
2567 2843 2587 2878 s
2639 2826 2806 2891 enim,
2854 2826 3180 2881 aitsanctus

1601 2914 1705 2980 vir,
1741 2931 1762 2968 ι
1792 2915 2039 2987 elongavi
2079 2916 2305 2989 lugiens,
2350 2925 2406 2973 et
2434 2916 2608 2973 mansi
2640 2917 2695 2972 in
2720 2914 3011 2972 solitudine
3043 2914 3114 2968 ⁸⁸.
3151 2933 3171 2968 s

1604 3005 1662 3063 Si
1695 3007 1812 3064 lieri
1846 3016 2047 3080 potest,
2093 3009 2397 3069 nullatenus
2435 3010 2503 3067 ad
2534 3010 2724 3067 urbem
2770 3007 3174 3081 proficiscaris;

191 3097 337 3151 πόλιν
370 3097 446 3169 μὴ
487 3098 824 3171 &mv-:fiem-
851 3097 1006 3152 οὐδὲν
1039 3099 1150 3170 γὰρ
1178 3097 1498 3170 εὔχρηστον,
1527 3123 1570 3182 C
1605 3101 1740 3158 nibil
1771 3102 1969 3174 quippe
1997 3103 2363 3171 commodum,
2396 3102 2530 3160 nibil
2560 3103 2716 3170 utile,
2758 3102 2893 3159 nihil
2916 3101 3179 3160 conduci-

191 3191 407 3262 ἡσιμον,
456 3188 607 3243 οὐδὲν
655 3188 933 3261 ὠφέλιμον
987 3192 1052 3262 τῇ
1104 3189 1348 3263 πολιτείᾳ
1406 3206 1500 3242 σου

192 3299 248 3354 ῃ.
284 3299 304 3332 r
333 3275 547 3346 Εἶδον,»
587 3280 721 3350 φησὶ
755 3278 919 3334 πάλιν
945 3281 973 3334 ὁ
1003 3280 1186 3349 ἅγιος,
1225 3297 1245 3331 ι
1269 3279 1500 3350 ἀνομίαν

191 3371 348 3441 ογίαν
391 3374 449 3426 ὲν
481 3373 548 3443 τῇ
595 3370 775 3425 πόλει.
804 3390 824 3424 t
870 3372 1008 3435 Τοὺς
1054 3367 1147 3424 οὖν
1200 3371 1362 3435 ἰδίους
1405 3368 1502 3423 καὶ

191 3479 360 3525 ιστους
385 3462 547 3517 δίωκε
571 3463 789 3526 τόπους,
816 3462 890 3534 μὴ
911 3462 1188 3534 δειλιάσῃς
1219 3458 1363 3533 εἶχον
1391 3461 1500 3534 (58)

191 3553 292 3608 aaa
321 3553 376 3607 δὲ
402 3555 494 3607 καὶ
523 3553 791 3626 δαιμόνων
835 3553 1133 3623 φαντασίας
1170 3554 1285 3606 ἐκεῖ
1310 3553 1501 3624 θεάσῃ,

192 3639 323 3714 θῇς,
365 3643 498 3716 μηδὲ
544 3643 836 3716 ἀποφύγῃς
883 3642 945 3696 τὸ
978 3643 1192 3707 στάδιον
1219 3642 1321 3713 τῆς
1364 3645 1503 3714 ἠμε-

192 3732 434 3804 φελείας·
480 3737 698 3807 ἀφόὸως
747 3735 1058 3807 ὑπόμεινον,
1105 3736 1198 3788 καὶ
1245 3734 1365 3806 ὄψει
1409 3734 1501 3788 τοῦ

191 3826 480 3896 μεγαλεῖα,
508 3828 608 3901 τὴν
655 3827 956 3900 ἀντίληψιν,
1006 3828 1104 3898 τὴν
1150 3825 1500 3898 κηδεμονίαν,

191 3934 211 3973 υ
233 3918 448 3974 ἃπασαν
471 3921 564 3972 ἐπὶ
594 3920 838 3993 σωτηρίᾳ
860 3919 1250 3991 πληροφορίαν.
1286 3938 1304 3970 ι
1331 3919 1502 3991 Προσ-

207 4029 226 4063 s
273 4011 402 4083 γὰρ,
445 4012 608 4084 φησιν
638 4012 667 4063 ὁ
709 4012 979 4084 μακάριος
1019 4013 1180 4084 ἀνὴρ,
1226 4031 1244 4063 ι
1269 4010 1360 4064 τὸν
1396 4009 1501 4063 σώ-

215 4103 324 4159 άπδ
353 4104 700 4175 ὀλιγοψυχίας
729 4106 822 4158 καὶ
847 4106 954 4158 ἀπὸ
992 4103 1319 4173 καταιγὶδος.
1351 4123 1369 4157 ι
1409 4104 1501 4174 Μή

191 4195 282 4267 '1⁶11
346 4195 584 4267 ρέμδους
647 4194 913 4266 ἐπιθυμία
979 4195 1076 4267 τὴν
1147 4195 1501 4268 προαίρεσιν·

191 4284 333 4356 ,σμὸς
356 4304 375 4336 s
444 4285 553 4358 γὰρ
587 4304 605 4338 t
637 4286 774 4355 μετὰ
817 4286 1157 4356 ἔπιθυμίας,“
1184 4285 1501 4359 μεταλλεύει

192 4392 305 4432 κον.
323 4394 343 4429 s
370 4377 562 4430 Πολλοὶ
585 4377 673 4431 διὰ
696 4376 854 4432 τοῦτο
886 4379 1205 4451 πειρασμοί.
1238 4376 1408 4436 <boson
1442 4378 1503 4432 τὸ

191 4505 202 4534 ‚
227 4468 319 4522 καὶ
352 4469 409 4522 ὲν
439 4468 517 4538 τῷ
551 4469 744 4540 κελλίῳ
777 4487 870 4523 σου
899 4471 1109 4543 ἑδραῖος
1139 4474 1248 4528 ἔσο.

191 4645 255 4702 ἀν
283 4647 465 4718 φίλους
507 4650 656 4722 ἔχῃς,
692 4651 860 4720 φεῦγε
891 4652 1095 4706 τούτων
1127 4653 1225 4718 τὰς
1256 4659 1499 4725 συνεχεῖς

191 4755 248 4806 ς·
297 4740 386 4796 διὰ
440 4743 653 4816 μακροῦ
704 4745 816 4816 γὰρ
867 4745 1050 4809 αὐτοῖς
1114 4748 1498 4817 συντυγχάνων

191 4848 221 4897 ς
265 4830 387 4905 ἔσῃ.
422 4833 550 4891 Ἐὰν
589 4835 646 4888 δὲ
676 4835 770 4890 καὶ
803 4838 1143 4910 κατανοήσῃς
1174 4837 1263 4891 διὰ
1294 4837 1497 4893 τούτων

191 4924 363 4995 λάὃην
408 4943 489 4979 σοι
536 4929 849 5001 γινομένην,
890 4928 1022 4999 μηδὲ
1073 4930 1207 4994 ὅλως
1253 4931 1500 5005 ἔγγίσῃς.

191 5017 252 5090 tp
299 5016 443 5088 ἔχειν
472 5035 531 5073 σε
563 5020 670 5093 χρὴ
710 5022 836 5083 τοὺς
872 5020 1181 5091 ὠφελίμους
1231 5024 1324 5075 καὶ
1365 5040 1502 5095 συμ-

192 5125 289 5173 ους
323 5126 415 5163 σου
447 5115 517 5185 τῇ
552 5114 818 5186 πολιτείᾳ.
847 5113 1020 5183 Φεῦγε
1070 5116 1164 5168 καὶ
1195 5115 1302 5169 τῶν
1339 5133 1503 5188 πονη-

191 5198 301 5274 ρῶν
348 5203 444 5257 καὶ
493 5203 747 5276 μαχίμων
799 5206 897 5270 τὰς
945 5205 1259 5276 συντυχίας·
1315 5207 1505 5278 μηδενὶ

191 5295 522 5370 υνοικήσῃς·
560 5296 697 5350 ἀλλά
736 5298 846 5369 γὰρ
884 5297 976 5351 καὶ
1016 5295 1117 5362 τὰς
1148 5298 1354 5368 φαύλας
1400 5298 1500 5353 αύ-

191 5381 373 5450 θὲσεις
423 5386 724 5459 παραιτοῦ·
769 5387 891 5443 οὔτε
948 5389 1055 5463 γάρ
1100 5389 1218 5462 Θεῷ
1274 5408 1498 5464 προσοι-

1602 3194 1714 3250 bile
1767 3195 2092 3266 professioni
2152 3204 2257 3251 tuae
2312 3197 2424 3255 illic
2481 3196 2801 3254 intueberis.
2855 3195 3058 3253 lterum
3101 3194 3181 3251 ait

1603 3295 1859 3341 sanctus:
1894 3305 1914 3339 ι
1948 3283 2067 3340 Vidi
2103 3286 2449 3356 iniquitatem
2491 3298 2545 3343 et
2592 3287 3077 3343 contradictionem
3124 3285 3178 3341 in

1602 3377 1822 3433 civitate
1859 3376 1928 3431 ⁸².
1968 3395 1987 3428 ο
2020 3373 2162 3432 Loca
2198 3389 2330 3446 ergo
2372 3383 2580 3432 secreta
2630 3386 2686 3430 et
2727 3377 2905 3445 quieta
2944 3385 3176 3440 sectare.

1604 3483 1780 3541 neque
1822 3466 2081 3525 formides
2116 3467 2329 3523 illorum
2363 3466 2620 3537 inopiam.
2665 3465 2816 3533 Quod
2840 3465 2885 3521 si
2919 3465 3029 3522 illic
3067 3469 3177 3524 dae·

1603 3569 2066 3632 monnmspectra
2114 3557 2484 3630 apparuerint,
2518 3558 2627 3615 noli
2673 3559 2890 3624 terreri,
2935 3574 3114 3629 neque
3147 3576 3179 3616 a

1604 3653 1778 3709 stadio
1815 3650 2164 3707 emolumenti
2193 3648 2365 3705 nostri
2406 3647 2656 3719 aurugias
2686 3664 2703 3704 ι
2736 3647 3017 3704 interritus
3052 3665 3181 3720 per-

1605 3759 1786 3811 mane,
1815 3753 1870 3801 et
1906 3762 1926 3795 t
1968 3742 2234 3812 magnalia
2271 3760 2292 3796 s
2318 3740 2414 3796 Dei
2446 3740 2747 3811 conspicies
2776 3739 2821 3773 ⁸¹
2843 3783 2859 3808 ,
2893 3740 3178 3808 auxilium,

1604 3851 1814 3903 curam,
1848 3835 2215 3905 reliquamque
2240 3846 2457 3889 omnem
2482 3833 2546 3888 de
2567 3829 2740 3887 salute
2768 3829 3175 3902 plenitudinem.

1612 3947 1630 3980 t
1669 3927 2056 3996 Exspectabam
2078 3944 2097 3977 ι
2129 3925 2299 3988 enim,
2335 3924 2410 3978 ait
2432 3924 2622 3978 beatus
2647 3922 2735 3978 ille
2757 3921 2860 3991 vir,
2890 3939 2910 3973 ι
2933 3935 3055 3977 eum
3085 3923 3179 3993 qni

1605 4018 1812 4075 salvum
1864 4031 1952 4072 mc
2022 4015 2151 4072 fecit
2189 4032 2217 4070 a
2262 4013 2701 4086 pusillanimitate
2756 4013 2981 4083 spiritus
3040 4022 3096 4068 et
3148 4029 3179 4067 a

1608 4119 1926 4180 tempestate
1972 4109 2041 4165 ⁸⁸.
2078 4126 2098 4161 t
2151 4106 2466 4177 vagationis
2513 4104 2839 4161 desiderium
2885 4104 3049 4160 animi
3102 4105 3178 4159 tui

1605 4201 1928 4258 sententiam
1957 4214 2061 4254 non
2095 4199 2275 4253 vincat
2301 4216 2314 4251 :
2355 4215 2373 4248 ι
2399 4193 2760 4252 Inconstantia
2797 4213 2818 4246 ι
2848 4194 2991 4250 enim
3017 4209 3178 4250 tcum

1604 4292 2045 4361 concupiscentia
2082 4332 2096 4358 ‚
2184 4288 2498 4346 transvertit
2566 4302 2783 4343 sensum
2845 4286 2962 4342 sine
3026 4287 3182 4341 mali·

1608 4385 1679 4440 tia
1737 4384 1803 4438 ⁸⁸.
1866 4404 1885 4437 ο
1923 4383 2101 4439 Multae
2148 4396 2211 4437 ea
2246 4381 2314 4438 de
2346 4393 2507 4436 causa
2555 4378 2825 4433 exsistunt
2876 4378 3179 4433 contentio-

1608 4493 1722 4534 nes.
1761 4476 1913 4534 Time
1940 4491 2160 4542 casum,
2207 4485 2260 4532 et
2298 4473 2351 4530 in
2398 4472 2533 4528 cella
2585 4481 2673 4527 tua
2720 4469 2930 4529 stabilis
2963 4471 3180 4528 firmus-
3230 4505 3239 4516 ·

1610 4587 1715 4642 que
1744 4571 1837 4626 sis.
1903 4576 1907 4580 ’

1684 4663 1794 4720 vii.
1838 4661 1895 4716 Si
1956 4660 2163 4716 amicos
2205 4659 2495 4724 habueris,
2555 4656 2841 4712 continuos
2900 4670 3024 4710 cum
3075 4655 3183 4711 illis

1609 4753 2130 4826 congressuslnge:
2176 4766 2301 4809 cum
2354 4750 2500 4807 enim
2550 4747 2708 4817 longa
2757 4761 2853 4818 per
2899 4746 3178 4804 intervalli

1608 4847 1903 4901 collocutus
1937 4844 2017 4900 eis
2053 4844 2240 4911 fueris,
2280 4847 2427 4902 utilis
2465 4846 2596 4902 eris.
2644 4845 2745 4901 Sin
2775 4859 2902 4901 vero
2945 4846 3184 4901 senseris

1609 4938 1702 4994 tibi
1731 4954 1827 5008 per
1854 4938 2071 4993 eosdem
2096 4938 2352 4994 damnum
2380 4939 2564 4994 afferri
2582 4979 2599 5007 ,
2650 4939 2955 4994 nullatenus
2984 4952 3181 5008 appro-

1605 5032 1862 5101 pinques.
1904 5029 2041 5085 Nam
2076 5038 2289 5101 oportet
2331 5031 2535 5087 babere
2582 5041 2634 5086 te
2685 5031 2890 5086 amicos
2933 5029 3095 5085 utiles
3128 5038 3182 5084 et

1607 5121 1673 5174 ad
1707 5121 1830 5176 vitae
1858 5130 1966 5176 tuae
2008 5119 2311 5176 institutum
2345 5131 2521 5192 aptos.
2558 5118 2666 5178 Sed
2695 5129 2752 5177 et
2792 5119 2961 5191 fugito
2992 5133 3182 5190 pravo·

1608 5229 1724 5268 rum
1753 5214 1989 5272 virorum
2018 5227 2072 5272 et
2099 5218 2420 5288 pugnacium
2446 5229 2801 5285 congressus3
2832 5228 2960 5268 cum
2986 5213 3178 5267 borum

1608 5304 1755 5363 nullo
1784 5320 1850 5362 ne
1875 5307 2125 5374 habites;
2160 5308 2400 5377 quinimo
2461 5321 2653 5376 pravas
2681 5306 2893 5362 iliorum
2924 5301 3180 5359 intentio·

1611 5412 1707 5455 nes
1757 5399 2168 5471 repudia;·non
2206 5397 2349 5456 enim
2388 5398 2500 5455 Deo
2548 5396 2847 5464 adbaerent,
2898 5406 3077 5466 neque
3126 5392 3183 5449 in

192 5584 283 5645 tb.
335 5602 471 5652 vm,
502 5588 591 5643 ΞΕ.
668 5591 715 5624 ⁸⁹
768 5590 911 5650 Psal.
944 5610 1047 5662 mv,
1091 5596 1143 5654 8.
1220 5596 1263 5630 ⁸¹
1289 5596 1416 5653 ibid.
1456 5597 1537 5654 10.
1613 5598 1660 5631 ⁸²
1703 5600 1867 5660 Exod.
1901 5618 2013 5669 nv,
2047 5602 2131 5660 ¹3.
2208 5603 2256 5637 '³
2281 5602 2429 5662 Psal.
2459 5605 2644 5673 mm).
2725 5605 2770 5640 '⁸
2798 5606 2927 5677 Sap.
2965 5623 3039 5670 tv,
3078 5601 3167 5660 {2-

192 5778 228 5819 n
261 5763 480 5834 πτωχόν
503 5779 567 5819 ex
596 5766 908 5826 ‘theodomir

249 5856 526 5920 Pauor..
574 5860 690 5922 Gn.
738 5863 871 5925 XL.

2866 5873 2965 5927 RQ
