3725 6125
855 310 914 367 S.
950 310 1156 367 tSAtAE
1195 312 1489 365 ABR-&TIS
1525 314 1946 369 ottA'rtoNEs.

2896 328 3036 386 {190

191 437 411 491 trumut
438 428 745 483 ostenderet
773 445 832 485 se
877 431 1080 486 nonde
1109 430 1361 486 omnibus
1393 443 1433 492 Α
1468 432 1675 487 habitet
1743 432 1977 504 Spiritus
2030 445 2274 493 sanctus.
2331 438 2395 494 Si
2446 456 2527 496 me
2571 405 2826 514 ditipitis,
2870 447 3040 517 inquit

191 540 200 577 ε
230 521 338 578 illis
371 521 464 591 qui
502 520 750 592 proprias
792 531 1080 592 amputant
1107 522 1356 577 volunta-

191 630 224 670 Β
267 613 438 685 ipsius
496 612 759 668 voluntati
813 624 1026 683 parent,
1079 623 1135 669 et
1174 616 1358 669 omnia

191 704 518 760 continereia
561 718 592 757 a
627 719 685 759 se
731 704 976 771 rejiciunt
1020 726 1033 761 :
1068 705 1239 775 Eleqi,
1274 705 1358 761 in·

191 794 343 857 undo,
379 801 656 861 propterea
680 793 788 848 odit
815 809 901 849 eos
933 795 1181 861 attendas,
1206 811 1334 866 qno·

191 903 219 941 a
239 895 363 940 suat
393 885 464 939 ⁸⁸.
496 883 599 951 Qui
632 899 696 939 ea
729 900 849 956 quae
876 888 1059 941 mundi
1088 896 1236 950 sunt,
1263 902 1351 941 re·

191 977 265 1045 gni
325 974 458 1031 l'acti
486 983 652 1040 sunt,
695 976 1142 1046 quemadmodum
1175 978 1353 1043 vides,

192 1086 230 1123 ,ιι
260 1079 479 1138 sponsae
502 1064 611 1120 sint
633 1107 648 1132 ‚
673 1077 727 1120 et
759 1067 810 1120 in
838 1067 954 1136 ejus
983 1069 1213 1122 veritate
1243 1084 1359 1139 per-

191 1170 323 1230 »pter
363 1157 460 1209 hoc
480 1194 496 1219 ,
539 1155 711 1225 inquit
741 1156 1029 1224 Apostolus
1056 1196 1072 1220 ,
1104 1158 1356 1222 relinquet

214 1260 262 1304 et
315 1257 558 1311 matrem,
599 1256 650 1302 et
691 1248 975 1301 adhoerebit
1015 1249 1170 1303 uxori
1211 1265 1354 1310 aaoe,

191 1344 240 1396 itt
287 1357 442 1395 carne
481 1356 608 1394 una.
654 1337 1055 1394 Sacramentum
1087 1339 1185 1394 hoc
1242 1358 1356 1395 uta-

191 1450 215 1487 ο
250 1442 428 1486 autem
478 1433 596 1486 dico
629 1433 684 1485 in
729 1429 941 1486 Christo
969 1441 1016 1485 et
1059 1432 1114 1486 in
1162 1431 1350 1486 Eccle-

191 1523 465 1592 spostolus
490 1533 667 1593 pentes
706 1522 843 1576 dixit
886 1538 1004 1577 esse
1057 1524 1351 1577 cohoeredes

191 1614 277 1668 iles
336 1624 384 1667 et
423 1613 817 1682 comparticipes
873 1613 1236 1681 promissionis
1297 1614 1352 1667 in

1465 518 1764 588 Dominus,
1840 524 2098 580 mandata
2143 542 2261 581 mea
2315 540 2531 586 sert-ate.
2579 530 2649 587 Et
2700 550 2793 606 eqo
2854 538 3043 608 rogabo

1469 606 1680 663 Patrem
1706 648 1723 675 ,
1757 620 1804 666 et
1849 612 2020 668 mittet
2049 617 2192 671 vobis
2236 619 2563 686 paracletum
2614 620 2872 692 Spiritum
2912 630 3041 684 veri·

1463 701 1587 752 tatia
1614 699 1681 755 ⁸⁸.
1733 700 1796 755 Et
1832 703 2125 773 Apostolus
2158 730 2170 763 ε
2214 707 2437 779 Nonne,
2483 712 2678 783 inquit,
2709 721 3043 790 cognoscitis,

1464 786 1604 859 quod
1631 787 1871 845 Christus
1899 793 2056 848 Jesas
2104 794 2311 852 habitat
2341 799 2396 853 in
2435 800 2618 856 uobis?
2649 803 2753 857 nisi
2792 804 2928 873 [orte
2965 823 3040 864 re·

1463 878 1612 945 probi
1651 883 1777 935 estis
1811 880 1876 938 ⁸⁸.
1916 883 2106 951 Vides,
2162 889 2471 957 quomodo,
2519 891 2622 947 nisi
2667 894 2791 964 quis
2832 894 3042 952 Domini

1465 970 1737 1026 actionem
1771 972 2038 1040 imitetur,
2074 979 2336 1046 reprobus
2364 981 2508 1036 sitet
2542 995 2743 1051 sponsa
2774 985 2893 1055 ejus
2921 1001 3040 1044 esse

1465 1063 1730 1131 nequeat?
1785 1062 1851 1119 Et
1904 1066 2140 1138 virgines
2171 1084 2363 1126 omnes
2392 1085 2722 1139 paraverunt
2769 1076 3039 1149 tampades

1464 1165 1613 1214 suas,
1664 1153 1759 1207 sed
1787 1168 1909 1220 quae
1958 1170 2064 1210 nou
2106 1157 2371 1215 habebant
2421 1176 2585 1231 opera
2634 1163 2796 1230 bona,
2834 1166 3039 1237 rejecta‘

1464 1253 1594 1295 sunt
1621 1242 1688 1297 ⁸⁸.
1739 1241 1951 1313 Sageda
1995 1248 2156 1303 missa
2212 1250 2263 1303 in
2302 1266 2452 1306 mare
2484 1256 2829 1326 congregavit
2866 1267 2922 1311 et
2948 1257 3035 1311 in-

1466 1330 1589 1385 tulit
1621 1334 1790 1388 bonos
1829 1337 2005 1403 pisces
2053 1338 2106 1391 in
2154 1354 2377 1408 regnum
2407 1341 2666 1399 coelorum
2701 1346 2768 1401 ⁸⁸.
2819 1346 3037 1404 Zizania

1463 1423 1623 1476 simul
1647 1440 1769 1478 enm
1800 1427 1983 1483 tritico
2003 1440 2329 1496 creverunt,
2362 1433 2457 1488 sed
2501 1448 2624 1489 cum
2661 1438 2851 1495 messis
2875 1440 3035 1497 adve-

1463 1517 1635 1570 nisset
1662 1517 1827 1585 ligata
1869 1532 2076 1577 suntet
2106 1523 2157 1577 in
2200 1526 2375 1596 ignem
2409 1528 2651 1599 projecta
2686 1530 2752 1587 ⁸⁷.
2785 1530 3038 1592 palmites

1462 1609 1551 1675 qui
1581 1607 1813 1664 l'ructum
1844 1627 1948 1665 non
1988 1614 2243 1679 tulerunt,
2270 1617 2322 1670 iu
2352 1618 2528 1687 ignem
2565 1621 2785 1689 projecti
2812 1636 2937 1679 sunt
2967 1626 3037 1683 ⁸⁸.

217 1720 315 1775 per
363 1704 704 1774 &angelium
750 1705 816 1756 ⁸⁸¹.
872 1704 974 1770 Qui
1015 1704 1161 1775 dIgui
1221 1703 1347 1759 sacti
1460 1698 1602 1754 Oves
1642 1701 1801 1755 simul
1837 1717 1958 1756 eum
1995 1705 2162 1760 baedis
2197 1710 2580 1779 pascebantur;
2622 1714 2715 1768 sed
2751 1730 2878 1770 oves
2917 1725 3035 1772 tan-

191 1809 349 1851 unum
394 1809 589 1865 corpus
620 1812 740 1848 enm
782 1793 921 1865 ipso.
955 1794 1192 1864 Spiritus
1224 1809 1353 1849 san·
1390 1794 1431 1848 B
1464 1798 1576 1843 tum
1631 1806 1660 1845 a
1707 1790 1912 1849 dextris
1962 1796 2355 1866 constiterunt;
2419 1801 2556 1856 haedi
2590 1815 2770 1860 autem
2826 1820 2857 1859 a
2903 1808 3033 1862 sini-

196 1903 227 1943 n
258 1888 368 1953 eis,
411 1898 466 1943 et
499 1889 611 1957 ipse
644 1887 885 1957 suggerit
924 1886 1029 1941 illis
1062 1887 1276 1953 omnia,
1306 1896 1363 1944 et
1465 1881 1596 1937 stris
1631 1881 1769 1961 ⁸’.ls
1795 1885 1888 1953 qui
1917 1886 2149 1942 seminat
2174 1890 2466 1947 seminavit
2506 1907 2690 1949 semen
2718 1911 2903 1959 suum:
2942 1901 3037 1954 sed

191 1964 442 2036 “illicitus
475 1989 581 2036 est.
618 1979 799 2050 Neque
824 1978 958 2034 euim
989 1979 1249 2049 regestis,
1282 1980 1364 2035 in·
1466 1967 1595 2027 illud
1620 1972 1792 2030 solum
1819 1977 1962 2045 quod
1992 1978 2190 2034 cecidit
2222 1979 2277 2035 in
2311 1991 2510 2039 terram
2545 1984 2768 2053 bonam,
2801 1987 3039 2045 fructum

191 2072 381 2138 rimini,
423 2072 516 2124 sed
563 2068 797 2139 Spiritus
831 2069 1012 2124 Patris
1045 2072 1226 2135 vestri,
1267 2071 1359 2141 qui
1470 2064 1592 2119 tulit
1615 2058 1682 2119 ⁸⁸.
1712 2067 1871 2123 Dedit
1907 2079 2188 2140 argentum
2211 2086 2369 2128 suum
2412 2076 2531 2132 sine
2554 2077 2916 2149 simulatione,
2943 2083 3038 2137 sed

191 2163 257 2217 η,
279 2162 348 2220 ιι,
385 2161 445 2217 Ε,
479 2161 808 2230 Apostolus:
839 2159 1124 2229 Quoniam,
1155 2164 1358 2231 inquit,
1460 2171 1527 2211 eo
1563 2165 1744 2213 tamen
1791 2159 2007 2229 gavisus
2035 2170 2120 2217 est
2167 2162 2447 2234 duplicato
2472 2166 2544 2223 ⁸⁸.
2584 2168 2770 2226 Vocati
2814 2170 3033 2228 fuerant

191 2268 194 2302 ε
241 2251 382 2309 Deus
425 2270 517 2321 per
568 2253 830 2323 Spiritum
877 2268 1070 2307 saum:
1123 2252 1358 2321 Spiritus
1461 2264 1651 2304 annues
1675 2250 1740 2304 ad
1766 2253 2211 2323 nuptias‚sedqui
2235 2270 2340 2310 nou
2363 2258 3033 2335 babebatvestemnuptia·

191 2346 593 2409 tutatur-,etiam
618 2342 883 2414 profunda
908 2344 1025 2401 Dei.
1054 2344 1170 2399 Nos
1192 2345 1354 2412 enim,
1465 2355 1582 2395 rum
1609 2378 1627 2405 ,
1659 2339 1841 2411 jussus
1876 2353 1961 2399 est
2004 2345 2194 2417 projici
2237 2347 2288 2401 iu
2331 2351 2580 2406 tenebras
2613 2363 2755 2408 extet
2770 2354 2913 2411 iores
2953 2356 3023 2411 ⁸⁸.

191 2453 225 2490 n
261 2435 461 2491 Christi
485 2434 735 2490 habemus
762 2435 831 2489 ⁸⁸.
870 2435 1152 2503 Quomodo
1191 2436 1358 2507 igitur
1473 2431 1672 2489 Omnes
1716 2448 1777 2491 se
1818 2436 2043 2493 credere
2091 2438 2454 2508 profitentur,-
2482 2443 2576 2498 sed
2616 2445 2707 2514 qui
2737 2445 2877 2501 bona
2923 2462 3029 2503 non

224 2534 510 2598 peccatum
540 2523 760 2595 aliquod
786 2524 1127 2595 cogitemus?
1155 2523 1357 2597 Myste-
1460 2524 1665 2581 habent
1705 2541 1894 2598 opera,
1949 2528 2247 2600 ejiciuntur
2308 2531 2495 2589 roras:
2556 2533 2820 2601 Quoniam
2878 2538 3032 2595 mults

191 2628 298 2684 ier,
325 2618 509 2674 animo
537 2616 928 2686 contemplare.
1453 2628 1579 2674 sunt
1607 2621 1795 2687 uocati,
1824 2621 1984 2688 pauci
2012 2638 2130 2677 cero
2152 2621 2305 2678 electi
2331 2624 2398 2680 ⁸⁸.

192 2710 267 2765 iia
312 2723 516 2781 genera
571 2707 890 2764 animalium
947 2722 1069 2778 quae
1123 2715 1248 2762 sunt
1298 2708 1350 2763 in
1522 2709 1710 2768 xxtV.
1738 2712 2091 2782 Exploremus
2112 2717 2490 2787 nosmetipsos,
2554 2718 2775 2787 l'ratres,
2796 2729 2851 2778 et
2869 2736 3033 2793 opera

191 2801 314 2857 imili
340 2840 357 2868 ,
393 2815 499 2857 non
534 2815 658 2856 cum
710 2798 925 2855 diverso
968 2813 1168 2869 genere
1216 2814 1351 2855 eon-
1452 2813 1636 2857 nostra
1681 2805 2109 2875 perpendamus,
2170 2819 2460 2879 antequam
2510 2810 2608 2881 itti,
2629 2813 2701 2868 sit
2740 2813 2956 2871 obviam
3002 2831 3036 2872 a

191 2903 284 2963 tut,
313 2895 426 2951 sive
450 2892 698 2962 iumenta
729 2891 860 2958 sint,
887 2891 1004 2947 sive
1036 2890 1187 2959 lerze,
1237 2890 1351 2948 sive
1450 2892 1606 2949 nobis
1634 2895 2004 2962 prodeundum
2030 2914 2046 2964 ;
2082 2912 2150 2954 ne
2178 2898 2349 2954 simus
2372 2914 2437 2956 ex
2466 2915 2650 2956 eorum
2676 2918 2920 2971 numero,
2940 2907 3046 2975 qui·

191 3001 233 3044 ve
277 2985 541 3042 volucres.
587 2981 881 3054 Propterea
939 2981 1081 3037 Deus
1126 2982 1350 3038 adduxit
1449 2980 1630 3035 carnia
1683 2980 1893 3037 faciunt
1922 2983 2269 3041 voluntatem.
2304 2985 2538 3059 Operam
2577 2989 2792 3055 demuS,
2831 3001 2890 3046 ut
2936 3008 3033 3050 cao

191 3094 252 3134 ιω
273 3119 289 3146 ,
317 3086 377 3133 ιιι
414 3078 626 3133 videret
661 3089 730 3129 au
767 3074 1038 3130 inveniret
1069 3074 1211 3145 quod
1244 3074 1345 3131 sibi
1452 3070 1670 3127 divitias
1702 3086 2097 3145 assequamur,
2142 3093 2280 3148 quas
2311 3079 2365 3135 in
2397 3081 2485 3136 illa
2528 3083 2868 3139 necessitatis
2894 3085 3027 3143 bora

191 3173 242 3227 ⁸⁸.
280 3172 345 3228 Et
402 3169 608 3225 nullum
671 3183 736 3223 ex
785 3167 1038 3223 omnibus
1095 3166 1344 3235 invenit,
1450 3176 1638 3218 sumus
1661 3163 1955 3220 inventuri.
1982 3166 2091 3222 Eas
2118 3184 2238 3239 quae
2268 3172 2425 3228 nobis
2455 3173 2541 3228 liic
2571 3175 2882 3232 necessario
2901 3185 3034 3235 sunt.

191 3266 298 3337 ejus
347 3272 542 3318 natura
609 3274 717 3315 non
761 3269 898 3315 erat.
945 3259 1099 3316 Tunc
1142 3259 1367 3330 accepit·
1453 3251 1835 3324 relinquendae,
1868 3263 2300 3316 contemnamus.
2329 3262 2753 3323 Consideremus
2788 3267 2905 3325 utos
2934 3270 3034 3339 qu't

202 3356 375 3413 costis
398 3354 535 3426 eius,
558 3363 614 3409 et
637 3352 767 3408 l'ecit
793 3353 893 3422 ipsi
915 3353 1179 3418 uxorem',
1210 3365 1348 3423 quo-

197 3455 285 3499 rat
337 3459 456 3498 eam
497 3458 531 3500 e
578 3444 696 3500 viro
737 3458 855 3499 suo.
899 3442 1205 3515 mysterium
1247 3444 1348 3500 Ιιοο

191 3549 221 3588 ιι
269 3533 380 3590 illis
404 3533 495 3606 qui
539 3534 670 3591 llunt
698 3551 910 3606 sponsae
942 3535 1140 3591 Christi
1169 3577 1184 3605 ,
1221 3536 1346 3607 quia

191 3624 480 3682 substantia
519 3640 612 3698 per
655 3631 1156 3699 regenerationem,
1196 3636 1347 3685 etex

192 3729 286 3775 unt
313 3735 554 3791 corpore.
591 3719 728 3776 Nam
758 3762 772 3786 ‚
808 3732 865 3776 ut
903 3721 1197 3792 Apostolus
1217 3722 1291 3777 ait
1327 3739 1344 3777 ε

212 3828 388 3867 samus
433 3827 607 3867 omnes
642 3812 696 3865 in
732 3811 976 3878 Christo5
1014 3813 1209 3883 singuli
1250 3830 1348 3868 aa·

191 3901 270 3956 ius
311 3903 540 3956 membra
569 3901 648 3966 ⁸¹3
689 3913 745 3956 et
771 3917 980 3958 rursum
1018 3902 1345 3969 :Quoniam

191 4009 266 4047 vra
309 4008 489 4048 sumus
534 3995 770 4061 corporis
815 3993 968 4060 eius,
993 4010 1059 4049 etc
1103 3995 1347 4050 carnibus

197 4085 313 4141 ibus
334 4085 448 4154 ejus
473 4084 543 4140 ⁸⁸.
590 4085 753 4141 Vides
797 4086 1067 4155 quomodo
1095 4085 1226 4141 velit
1252 4086 1348 4141 ho·

191 4175 242 4231 in
296 4175 579 4240 onmibus,
641 4174 1094 4244 quemadmodum
1129 4173 1238 4228 Eva
1279 4190 1345 4232 ex

194 4273 322 4321 test
349 4266 539 4337 ipsein
567 4266 851 4333 omnibus;
892 4281 1015 4321 nam
1049 4267 1138 4338 qui
1167 4268 1347 4323 bruta-

191 4365 240 4412 ιιι
277 4357 505 4412 rationis
544 4365 826 4425 expertes,
853 4369 952 4413 aut
980 4358 1081 4416 sibi
1105 4358 1343 4417 vicissim

1447 3360 1665 3403 summo
1708 3347 1892 3402 stuclio
1931 3346 2150 3404 caducis
2177 3350 2299 3407 istis
2340 3354 2547 3410 divitiis
2573 3357 2915 3413 wmulandis
2946 3361 3019 3415 in·

1450 3436 1774 3500 cubuerunt,
1808 3437 2099 3506 quomodo,
2136 3438 2241 3493 illis
2273 3438 2498 3505 relictis,
2528 3443 2581 3497 in
2613 3444 2913 3513 gehennam
2944 3448 3028 3508 in·‚
3124 3498 3135 3508 ,

1449 3525 1702 3591 ciderint,
1730 3526 1854 3598 quia
1887 3529 2094 3583 Domini
2126 3529 2249 3585 lesu
2282 3533 2509 3603 vestigia
2558 3534 2711 3604 sequi
2763 3536 3025 3606 neglexe-

1448 3626 1594 3683 runt,
1646 3628 1705 3673 ut
1732 3617 1906 3688 dignae
1930 3620 2123 3677 lierent
2152 3621 2297 3679 illius
2316 3624 3027 3698 sponsae.1.acrymisigitua

1449 3723 1631 3764 coram
1664 3709 1794 3774 Deo,
1816 3719 1871 3765 et
1896 3709 2108 3768 occulto
2134 3713 2316 3769 cordis
2346 3714 2529 3770 dolore
2553 3730 2617 3770 ac
2648 3717 2849 3787 gemitu
2876 3716 3024 3775 labo-

1455 3813 1659 3868 remus,
1688 3816 1756 3858 ne
1785 3803 1835 3857 in
1881 3802 2115 3860 dedecus
2156 3805 2399 3876 ipsorum
2434 3807 2753 3865 incidamus.
2807 3809 3023 3869 Etenim

1449 3891 1494 3947 si
1529 3901 1820 3962 tempestas
1864 3893 1919 3948 in
1947 3895 2081 3950 mari
2110 3896 2339 3962 oriatur,
2364 3905 2421 3953 et
2449 3898 2613 3954 multa
2646 3899 2857 3970 navigia
2897 3902 3013 3957 sub·

1450 3995 1802 4056 mergantur,
1846 4001 1956 4042 non
1994 3988 2270 4045 dicimus:
2313 3988 2576 4056 Quoniam
2608 3990 2683 4047 illi
2727 3993 3021 4065 perierunt,

1450 4091 1734 4148 pereamus
1755 4088 1812 4133 et
1840 4093 1962 4134 nos.
2010 4078 2151 4146 Quin
2182 4079 2345 4136 etiam
2393 4078 2525 4135 totis
2564 4082 2771 4140 viribus
2799 4097 3010 4142 conten·

1449 4171 1648 4235 dimus,
1672 4178 1729 4226 et
1759 4170 1867 4225 Deo
1884 4181 2010 4225 vota
2042 4171 2289 4236 tacimus.
2308 4180 2368 4227 ut
2390 4170 2686 4229 incolumes
2708 4176 3020 4233 evadamus.

1454 4258 1590 4316 Vere
1622 4275 1837 4329 magna,
1871 4260 2092 4327 fratrea,
2121 4262 2174 4317 in
2200 4262 2303 4318 ltoc
2333 4262 2458 4318 vitae
2487 4263 2675 4334 pelago
2725 4276 3021 4337 tempestas

1448 4354 1640 4409 oborta
1667 4362 1770 4408 est.
1798 4351 2161 4409 Coliortemur
2206 4368 2306 4409 nos
2334 4357 2401 4411 ad
2448 4353 2705 4420 laborem,
2736 4364 2792 4411 et
2816 4356 3018 4414 elame-

191 4449 373 4504 ›ientes
419 4446 656 4502 terat-mn
710 4449 997 4505 avaritiam
1039 4451 1340 4515 imitantur,
1374 4478 1418 4533 D
1452 4458 1569 4499 mus
1595 4444 1663 4498 ad
1701 4443 2006 4511 Dominum,
2043 4459 2110 4501 ne
2156 4445 2405 4502 fluctibus
2429 4445 2746 4505 obruamur.
2777 4446 2890 4504 Nisi
2920 4448 3020 4506 tle·

199 4538 640 4604 inconstantiam,
685 4548 781 4595 aut
816 4553 1078 4596 venenum
1117 4554 1342 4610 serpen-

197 4632 357 4687 nimae
378 4646 589 4702 sponsae
607 4630 811 4687 Christi
834 4646 954 4687 esse
978 4645 1083 4686 non
1102 4638 1347 4698 possunt,

191 4730 284 4777 unt
322 4723 534 4778 actione
570 4720 1111 4786 dissimilestvidea,
1156 4720 1347 4786 frater,

1451 4550 1715 4607 ponamus
1760 4550 1929 4590 onera
1980 4547 2355 4608 peccatorum,
2406 4552 2779 4610 exuamusque
2816 4554 2914 4596 nos
2950 4538 3020 4596 ab

1446 4627 1596 4684 omni
1618 4627 2008 4694 sollicitudine,
2032 4643 2097 4683 ex
2118 4628 2222 4685 bac
2245 4629 2547 4685 turbulenta
2575 4639 2890 4700 tempestate
2912 4646 3017 4687 non

1444 4735 1730 4793 possumus
1761 4719 2015 4776 evadere.
2046 4720 2257 4794 Moyses
2290 4738 2396 4778 non
2425 4723 2576 4792 prius
2616 4723 2818 4780 cecinit
2843 4724 3019 4779 canti-

192 4814 489 4870 *bominem
508 4815 610 4870 sibi
646 4829 768 4870 esse
794 4815 1049 4882 similem,
1086 4819 1146 4867 ut
1163 4811 1346 4868 anima
1442 4826 1562 4867 cum
1607 4812 1861 4880 Domino,
1912 4827 2075 4883 quam
2107 4829 2254 4869 mare
2288 4813 2630 4881 trajecisset.
2684 4814 3013 4884 vidissetque

191 4921 214 4960 a
248 4905 437 4976 ipsius.
484 4905 561 4961 Ex
595 4907 830 4976 propriis
850 4905 1014 4976 igitur
1040 4900 1345 4961 actionibus
1440 4913 1667 4959 mortem
1698 4918 1886 4960 eorum
1912 4904 2004 4975 qui
2052 4907 2303 4962 volebant
2354 4905 2445 4960 Dei
2478 4905 2728 4977 populum
2756 4905 2810 4960 in
2844 4906 3016 4960 servi·

199 5014 229 5053 a
265 4999 605 5071 cognitiones
632 4994 743 5068 (20)
774 5009 935 5062 suas;
960 5007 1088 5049 nam
1117 4993 1163 5050 si
1192 5002 1338 5052 recte

204 5101 426 5147 sanctus
459 5089 667 5146 habitat
693 5089 747 5143 in
779 5102 864 5142 ea.
903 5086 1157 5143 Actiones
1186 5084 1342 5142 bonae'

190 5197 316 5237 nam
398 5197 428 5235 a
496 5179 997 5252 perturbationibus
1090 5175 1337 5233 liberam.

192 5288 230 5325 1ιι
265 5279 444 5340 potest
489 5279 548 5324 ut
584 5270 636 5324 in
679 5284 741 5325 ea
776 5283 897 5339 quae
924 5267 1048 5324 talis
1075 5277 1197 5334 est,
1236 5282 1340 5323 non

1446 5002 1558 5051 tute
1579 4995 1851 5052 detinere!
1892 4993 2044 5053 Tunc
2069 4997 2283 5053 demum
2309 4997 2443 5052 dixit
2473 5010 2489 5049 ε
2519 4994 2799 5051 Cantemus
2821 4994 3013 5050 Demi·

1445 5101 1512 5140 no
1534 5099 1556 5140 .·
1579 5086 1805 5157 gloriose
1821 5086 1962 5142 enim
1983 5088 2350 5157 magnificatus
2378 5099 2493 5153 est,·
2515 5102 2704 5158 equum
2734 5095 2786 5142 et
2825 5102 3013 5142 asceta·

1445 5191 1613 5230 sorem
1642 5176 1860 5245 projecit
1897 5176 1952 5232 in
1975 5192 2119 5230 mara
2139 5175 2208 5233 ⁸⁸.

1517 5267 1684 5324 XXV.
1715 5268 1773 5324 Si
1802 5284 1955 5326 meus
1985 5269 2149 5338 igitur
2178 5270 2373 5327 animae
2400 5284 2596 5328 sensus
2627 5284 2659 5325 a
2692 5269 2876 5326 carnis
2918 5283 3011 5325 vo·

228 5423 313 5478 to.
389 5424 436 5456 ⁸⁸
459 5422 658 5493 Ephes.
691 5438 744 5488 v,
775 5423 866 5487 31,
898 5422 988 5477 δί.
1063 5422 1106 5454 ⁸²
1135 5421 1328 5494 Epltes.
1359 5421 1510 5487 ttt‚6.
1575 5421 1622 5454 ⁸⁸
1647 5421 1837 5478 stant..
1861 5439 1915 5487 x,
1946 5422 2037 5478 20.
2115 5423 2202 5478 ⁸⁸!
2237 5423 2362 5480 Cor.
2401 5440 2462 5485 tt.
2506 5423 2590 5487 to,
2630 5423 2717 5481 to.
2793 5424 2837 5458 ⁸⁸
2868 5422 3006 5480 Gen.

229 5493 382 5546 Rom.
413 5509 508 5551 ιιι.
550 5491 604 5547 5.
678 5491 724 5524 ⁸⁸
757 5493 951 5560 Epltes.
982 5506 1034 5556 v,
1083 5493 1172 5546 50.
1235 5490 1294 5593 ⁸⁸⁸⁸
1330 5489 1487 5547 Joatt.
1522 5507 1632 5558 xtv,
1688 5493 1869 5549 tto-17.

555 5632 601 5664 ⁸·
641 5631 830 5687 nanu.
885 5631 1240 5697 amitas.
1316 5559 1728 5687 3⁸⁰3fssfuf‘vt't.⁶'

191 5565 305 5617 tttli.
332 5577 428 5617 xttt
451 5603 467 5626 ,
504 5563 593 5618 47.
704 5561 747 5594 ⁸⁷
791 5563 920 5617 ibid.
946 5560 1135 5616 25-3o.

191 5631 322 5700 ,2l,
362 5632 454 5688 23.

191 5755 349 5810 iones.
381 5755 541 5813 Forte
570 5752 944 5826 capitationes.

1968 5495 2015 5526 ⁸⁸
2053 5494 2095 5549 ll
2148 5495 2274 5550 Cor.
2306 5510 2424 5560 xttt,
2452 5493 2506 5548 5.
2615 5494 2661 5528 ⁸⁸
2693 5493 2881 5549 ssattln.
2912 5511 3007 5557 xv,

1805 5563 1850 5597 ⁸⁸
1881 5563 2070 5619 Mattlt.
2103 5581 2226 5630 xxv,
2266 5563 2355 5622 53.
2450 5561 2499 5597 ⁸⁸
2536 5564 2727 5622 flatu».
2754 5579 2869 5631 xut,
2895 5563 3003 5618 5-8.

1758 5632 1807 5667 ⁸⁸
1834 5632 1950 5690 Exo
1970 5638 2005 5691 l.
2034 5649 2121 5700 xv,
2147 5636 2199 5691 l.
