3725 6125
308 296 405 350 199
1568 299 1627 354 S.
1666 296 1943 354 Asmtttt
1980 300 2290 360 AMASENJ
3449 307 3561 363 200

305 419 618 491 cupiditate,
648 417 934 487 studtoque
974 415 1289 471 dominandi
1328 414 1617 484 peregrino
1657 414 1874 485 populo,
1908 420 1953 477 Α
1990 419 2271 490 βούλεσθαι
2303 418 2489 492 κύριος
2511 416 2651 475 εἶναι
2675 421 2828 491 ξένου
2853 422 2982 480 λαοῦ
3031 425 3127 480 καὶ
3157 422 3464 497 μηδαμόθεν
3492 430 3561 499 τῇ

307 512 397 581 qui
423 512 488 564 ad
515 509 629 576 cius
676 508 810 562 nibil
846 506 1130 576 imperium
1163 505 1470 573 spectaret?
1514 504 1650 560 Hinc
1679 505 1880 559 sactum
1984 512 2190 565 ἐκείνου
2238 511 2481 584 βασιλείᾳ
2522 514 2925 585 προσήκοντοςς
2955 518 3066 572 Καὶ
3096 517 3183 572 διὰ
3219 517 3400 576 τοῦτο.
3433 522 3566 584 τοὺς

306 613 414 670 est,
449 609 526 667 ut,
552 616 672 655 cum
705 600 913 653 alienos
939 613 1045 652 uon
1071 597 1388 664 dimitteret,
1414 613 1540 654 suos
1562 598 1882 669 perdiderit,

310 710 413 763 qua
445 702 624 760 strage
650 689 1156 760 primogenitorum,
1189 703 1295 757 qua
1329 690 1492 744 maris
1527 690 1719 742 itinere
1756 704 1882 759 per-

310 787 583 843 secutione
618 784 867 839 abeuntis
891 781 1095 853 populi.
1127 778 1336 837 Omitto
1365 783 1506 838 euim
1537 782 1734 839 fluenta
1758 799 1884 837 san·

309 879 501 950 guinea
521 918 537 942 ,
563 892 812 931 ranarum
846 876 1111 930 infinitam
1144 874 1419 941 sobolem,
1452 876 1637 931 bruchi
1688 884 1882 930 tetram

312 971 484 1035 luem,
536 968 877 1038 pustularum
920 982 984 1021 ac
1028 967 1346 1037 papularum
1396 965 1591 1021 l'oedatn
1640 966 1884 1036 eruptio-

312 1076 432 1115 nem
456 1097 471 1124 ,
501 1059 908 1128 quadrupedum
943 1070 1126 1109 necem
1146 1094 1163 1121 ,
1197 1066 1551 1125 caeteramque
1582 1055 1787 1109 cladem
1819 1068 1885 1109 ae

311 1162 535 1220 pestem,
555 1165 658 1220 qua
687 1146 974 1219 AEgyptuS,
1005 1145 1075 1201 ob
1097 1146 1356 1216 principis
1385 1146 1663 1201 avaritiam
1687 1147 1885 1215 impro-

311 1243 540 1310 bamque
563 1239 722 1294 alieni
743 1238 1114 1308 cupiditatem,
1141 1236 1395 1290 damnata
1447 1234 1566 1290 l'uit.
1599 1235 1738 1288 Alibi
1761 1250 1887 1289 rur-

311 1347 450 1397 sum,
477 1331 614 1386 mala
642 1330 743 1385 boc
766 1328 945 1384 scabie
971 1342 1032 1381 ac
1060 1327 1234 1395 spissa
1261 1327 1405 1396 lepra
1450 1325 1778 1379 vindicatum
1805 1325 1889 1379 di·

313 1425 440 1479 dici.
469 1422 532 1476 Et
561 1421 714 1491 juxta
746 1434 953 1473 mecum
985 1417 1075 1471 hie
1107 1416 1414 1480 recordare,
1441 1414 1685 1485 quisquis
1707 1416 1881 1470 bisto-

315 1516 449 1568 riarn
477 1526 648 1574 amne,
687 1524 751 1564 ae
790 1507 952 1563 Elisei
989 1506 1249 1576 praeclara
1275 1506 1411 1560 sacta
1441 1505 1670 1561 libenter
1694 1507 1845 1562 audis
1867 1547 1882 1572 ,

314 1601 765 1675 quemadmodum
817 1598 1058 1652 Naaman
1113 1597 1204 1652 ille
1252 1595 1454 1667 Syrus,
1508 1605 1793 1667 postquam
1831 1595 1885 1650 in

1984 599 2293 671 ἀλλοτρίους
2348 600 2449 653 οὐκ
2495 602 2673 670 ἀφεὶς,
2719 605 2846 668 τοὺς
2889 601 3051 670 ίδίους
3089 606 3389 663 ἀπώλεσεν·
3436 610 3569 675 τοὺς

1987 692 2087 762 μὲν
2112 694 2170 745 ὲν
2199 692 2383 764 πληγῇ
2416 693 2524 747 τῶν
2557 696 2935 764 πρωτοτόκων·
2971 698 3097 762 τοὺς
3127 700 3209 763 δὲ,
3249 702 3310 754 ὲν
3339 699 3407 773 τῇ
3441 700 3569 757 διώ-

1986 782 2065 847 ξει
2100 786 2166 855 τῇ
2191 783 2335 837 κατὰ
2365 783 2657 840 θάλασσαν.
2697 787 2919 860 Ἀφίημι
2950 788 3056 859 γάρ
3083 793 3363 861 ποταμοὺς
3388 796 3471 856 εἰς
3489 786 3570 848 αἶ·

1987 891 2065 945 μα
2123 875 2374 947 ῥυέντας,
2433 878 2526 930 καὶ
2571 878 2859 948 βατράχων
2915 879 3143 935 ἄπλετον
3191 881 3426 949 γένεσιν,
3471 883 3567 938 καὶ

1985 966 2215 1038 βρουχου
2248 968 2447 1040 λύμην,
2479 971 2574 1022 καὶ
2602 960 2943 1039 φλυκταινῶν
2980 972 3287 1044 ὲξάνθησιν,
3329 973 3419 1028 καὶ
3453 975 3561 1030 τῶν

1982 1060 2323 1128 τετραπόδων
2354 1059 2444 1113 τὸν
2469 1059 2716 1126 θάνατον,
2748 1062 2843 1115 καὶ
2872 1062 3050 1116 πᾶσαν
3089 1064 3187 1134 τὴν
3229 1064 3462 1119 κάκωσιν
3486 1065 3554 1137 ἢν

1985 1146 2257 1216 Αἴγυπτος
2304 1147 2662 1221 κατεδικάσθη
2716 1149 2806 1204 διὰ
2843 1150 2943 1222 τὴν
2990 1151 3303 1217 πλεονεξίαν
3339 1152 3431 1207 τοῦ
3463 1155 3559 1226 ἆρ-

1985 1254 2190 1307 χοντος.
2236 1237 2491 1308 Ἀλλαχοῦ
2520 1238 2678 1291 πάλιν
2712 1238 2861 1303 τέλος
2889 1240 2987 1311 τῆς
3013 1241 3288 1313 ἁμαρτίας
3324 1243 3567 1315 κατέμα-

1986 1328 2097 1393 θον,
2130 1327 2336 1400 λέπραν
2361 1328 2555 1399 ἀθρόον
2587 1329 2665 1401 τῷ
2693 1331 2989 1403 πλεονέκτῃ
3016 1335 3426 1404 περιχυθεῖσαν.
3455 1337 3568 1391 Καί

1990 1435 2079 1490 μοι
2128 1419 2709 1492 συνδιαμνημόνευσον,
2751 1422 2919 1486 εἴτις
2961 1423 3274 1498 φιλοῖστωρ,
3324 1427 3417 1481 καὶ
3460 1428 3568 1482 τῶν

1986 1509 2424 1580 κατορθωμάτων
2463 1511 2766 1566 Ἐλισσαίου
2799 1515 3073 1585 φιλήκοος,
3101 1517 3248 1581 ὅπως
3280 1518 3383 1589 μὲν
3408 1521 3438 1574 ὁ
3466 1520 3564 1574 Σύ-

1989 1615 2081 1670 ρος
2117 1599 2366 1670 Νεαιμάν
2400 1601 2732 1675 ἐκαθαρίσθη
2762 1601 2862 1674 τῆς
2898 1603 3124 1677 λέπρας,
3158 1608 3216 1659 ὲν
3247 1608 3330 1679 τῷ
3367 1610 3553 1682 Ἰορδά-

310 1694 540 1752 jordane
565 1692 804 1758 lavisset,
841 1706 868 1743 a
904 1688 1051 1759 lepra
1085 1687 1248 1742 luerit
1275 1688 1533 1743 liberatus
1557 1688 1637 1740 ⁸⁸:
1671 1669 1887 1742 conifa-
1989 1704 2055 1761 νῃ
2080 1688 2433 1760 λουσάμενος·
2468 1693 2615 1757 ὅπως
2640 1693 2697 1745 δὲ
2742 1692 3003 1765 μετῆλθεν
3028 1696 3088 1750 τὸ
3128 1698 3299 1763 πάθος
3339 1700 3416 1762 εἰς
3443 1699 3555 1754 ng-

313 1804 418 1859 que
479 1802 542 1843 ea
603 1792 889 1853 correptus
946 1796 1076 1852 puer
1111 1779 1259 1836 Giezi
1280 1820 1295 1845 ,
1330 1794 1526 1834 avarus
1580 1778 1890 1833 adolescens
1922 1757 1962 1815 Β
1993 1777 2075 1843 ζεῖ
2094 1780 2154 1833 τὸ
2186 1781 2490 1852 παιδάριον,
2520 1786 2799 1838 νεανίσκον
2829 1785 3154 1858 πλεονέκτην
3185 1791 3279 1842 καὶ
3307 1790 3558 1859 ἀφιλόσο-

312 1897 412 1936 nec
438 1879 711 1935 studiosus
730 1918 746 1944 ,
774 1876 865 1945 qui
898 1874 1197 1944 spiritalem
1241 1872 1469 1941 gratiam
1497 1870 1892 1940 gratuitamque

313 1968 552 2023 doctoris
581 1966 840 2020 medelam
901 1963 1070 2033 pretio
1107 1962 1419 2015 ventitarat.
1469 1960 1610 2027 Quid
1656 1958 1887 2013 Absalo-

315 2070 462 2119 nem,
487 2053 754 2109 mitissimi
790 2054 958 2123 patris
1005 2053 1236 2107 set-ocem
1287 2052 1658 2119 audacemque
1691 2049 1883 2106 lilium.

316 2150 382 2202 ad
398 2148 740 2217 parricidium
755 2146 930 2214 adegit
951 2144 1037 2197 ⁸⁸?
1065 2142 1247 2199 Nonne
1270 2142 1648 2211 intempestiva
1679 2154 1891 2193 succes-

316 2239 486 2294 sionis
526 2238 702 2303 regiae,
735 2237 1017 2303 alienaque
1043 2235 1326 2289 invadendi
1362 2248 1449 2287 ac.
1473 2231 1757 2300 diripiendi
1787 2245 1889 2284 cu-

316 2328 552 2399 piditas?
587 2328 722 2394 Quid
759 2325 948 2381 Judatu
1000 2342 1032 2381 e
1071 2326 1316 2394 catalogo
1369 2323 1762 2392 discipulorum
1790 2335 1889 2375 ex·

314 2420 526 2489 punxit,
572 2433 746 2486 exqtte
803 2416 1047 2486 apostolo
1111 2417 1439 2483 proditorem
1499 2411 1657 2465 fecit?
1707 2409 1891 2464 Nonne

320 2528 442 2567 eum
476 2512 843 2583 gazophylacii
867 2509 1031 2563 inlicta
1066 2503 1482 2565 administratio,
1518 2510 1628 2555 tom
1660 2500 1892 2571 pretium

315 2605 534 2667 infame,
567 2611 621 2655 et
652 2600 993 2653 denariorum
1033 2598 1234 2664 aliquot
1271 2593 1657 2663 propudiosum
1702 2600 1893 2646 aucto·

316 2702 616 2749 ramentum
659 2689 742 2741 ⁸⁷?
782 2689 1005 2740 Ananiae
1035 2686 1266 2754 deniqne
1296 2693 1350 2738 et
1401 2680 1681 2753 Sappltiroe
1726 2682 1895 2735 tristis

318 2783 458 2837 unde
495 2790 549 2834 et
596 2779 830 2849 tragicus
883 2779 934 2831 iu
990 2777 1137 2831 Actis
1181 2773 1545 2844 apostolorum
1595 2773 1774 2827 exitus
1804 2772 1894 2827 ⁸¹¹?

322 2871 507 2928 Nonne
531 2871 654 2940 quia
699 2885 920 2923 suarum
970 2883 1029 2921 se
1060 2867 1201 2922 furto
1238 2881 1437 2931 rerum,
1469 2879 1531 2918 ac
1553 2864 1890 2933 propriorum

319 2963 659 3018 denariorum
704 2958 988 3029 sacrilegio
1004 2938 1512 3011 contaminassent?
1553 2953 1775 3008 Deliciet
1808 2969 1893 3006 ute

320 3055 453 3117 dies,
485 3056 532 3110 si
569 3052 846 3108 ministros
872 3061 926 3104 et
957 3048 1221 3117 mancipia
1255 3046 1499 3101 avaritiae
1539 3046 1892 3100 ‘dinumerare

320 3161 559 3216 pergam.
598 3143 759 3197 Missa
800 3144 981 3211 itaque
1026 3139 1193 3194 veteri
1241 3138 1484 3202 historia,
1520 3137 1889 3206 quotidianam

321 3236 444 3288 vitae
466 3230 849 3303 experientiam
888 3230 1300 3298 interrogemus,
1332 3227 1633 3297 cujusmodi
1678 3225 1788 3279 sera
1820 3227 1892 3279 sit

322 3324 545 3380 avaritia
569 3362 584 3387 ,
616 3337 681 3377 ac
713 3336 875 3392 quam
920 3326 1082 3390 tegre,
1112 3334 1253 3389 quos
1298 3317 1464 3375 semet
1524 3316 1890 3391 prehendet-it,

321 3414 458 3469 elabi
485 3414 661 3478 sinat,
688 3422 746 3465 ut
770 3421 958 3481 vegeta
980 3423 1194 3478 semper
1213 3418 1373 3478 atque
1402 3406 1594 3470 valida,
1620 3391 1891 3476 nt‘tnq'naui

320 3503 629 3558 debilitetur
657 3517 719 3556 ac
750 3502 1002 3566 deticiat;
1037 3501 1271 3554 sedeunt
1300 3500 1384 3561 iis,
1420 3513 1555 3568 quos
1588 3498 1686 3552 sibi
1713 3497 1894 3566 subje-

321 3595 477 3661 cerit,
502 3601 856 3647 consenescat
887 3603 1048 3660 atque
1085 3599 1364 3660 perennet.

392 3685 730 3739 Libidinosus
778 3696 843 3736 ae
873 3696 1157 3752 corporum
1195 3689 1408 3733 amator
1459 3679 1674 3734 tametsi
1731 3679 1891 3747 longo

323 3776 602 3831 insanierit
634 3785 874 3844 tempore
921 3773 1252 3842 voluptatum
1305 3783 1451 3828 ostro
1498 3772 1758 3842 percitus,
1801 3770 1892 3824 ubi

326 3878 503 3920 tamen
528 3866 608 3919 vel
644 3867 757 3934 ipse
800 3864 1002 3918 seniles
1052 3863 1228 3932 attigit
1269 3878 1459 3926 annos,
1504 3863 1587 3917 vel
1619 3878 1775 3931 quam
1801 3862 1893 3915 de-

322 3957 502 4026 periit,
534 3956 796 4008 exoletam
830 3968 894 4007 ae
943 3951 1091 4005 floris
1124 3952 1377 4006 exstincti
1408 3953 1574 4017 videt,
1619 3952 1891 4006 remissio·

324 4061 443 4100 uem
473 4045 682 4098 tandem
736 4043 1008 4111 finemque
1056 4044 1225 4097 morbi
1274 4043 1496 4096 invenit.
1553 4041 1803 4107 Gulosus,
1836 4050 1892 4096 et

323 4139 438 4206 ipse
463 4151 491 4190 a
523 4135 725 4191 ventris
746 4135 1110 4204 voluptatibus
1143 4135 1364 4198 recedit,
1391 4134 1505 4189 sive
1545 4137 1756 4203 quaudo
1776 4134 1888 4203 Jam

323 4243 442 4283 enm
475 4227 698 4282 satietas
725 4225 890 4294 cepit,
917 4224 1033 4278 sive
1078 4239 1198 4278 cum
1223 4227 1558 4290 stomachus,
1597 4239 1660 4278 ac
1708 4236 1889 4292 partes

322 4316 447 4390 illoe,
493 4316 687 4384 quibus
717 4315 800 4369 vis
844 4331 906 4368 ac
950 4328 1143 4367 munos
1186 4313 1554 4382 concoquendi
1605 4312 1883 4374 incumbit,

1989 1884 2108 1937 φον,
2177 1871 2544 1939 πνευματικὸν
2609 1872 2935 1945 πωλήσαντα
2986 1875 3251 1945 χάρισμα.
3313 1876 3410 1929 καὶ
3467 1875 3564 1945 τὴν

1988 1957 2216 2028 ἄμισθον
2259 1960 2499 2032 ίατρείαν
2527 1960 2620 2014 τοῦ
2648 1960 2987 2016 διδασκάλου.
3027 1962 3194 2035 ῌόθεν
3230 1966 3258 2015 ό
3304 1964 3567 2020 Ἀδεσσα-

1988 2047 2108 2119 λὼμ
2168 2049 2502 2121 πατραλοίας
2572 2052 2818 2118 ἐγένετο,
2877 2054 2905 2105 ό
2957 2051 3050 2105 τοῦ
3123 2054 3298 2124 πράου
3364 2056 3568 2128 πατρδς

1990 2140 2335 2212 φλεγμαίνων
2377 2144 2469 2195 καὶ
2508 2140 2715 2213 θρασὺς
2770 2143 3085 2206 νεανίσκος;
3133 2145 3194 2197 οὐ
3225 2144 3332 2217 πρὸ
3374 2147 3567 2217 καιροῦ

1989 2230 2231 2302 ζητήσας
2283 2232 2382 2302 ’τὲ-,ν
2418 2231 2782 2301 κληρονομίαν
2819 2232 2919 2304 τῆς
2971 2232 3264 2302 βασιλείας,
3310 2236 3570 2308 ὲπιπηδή·

1992 2339 2086 2386 σας
2117 2322 2172 2376 δὲ
2192 2325 2303 2385 τοῖς
2335 2322 2653 2393 ἀλλοτρίοις,
2681 2324 2755 2387 ὡς
2788 2324 3002 2396 ἅρπαξς
3031 2327 3134 2379 Τὸν
3166 2325 3369 2381 Ἰούδαν
3389 2328 3446 2381 δὲ
3468 2330 3571 2383 πά·-

1990 2413 2094 2475 λιν,
2122 2412 2173 2465 τί
2202 2413 2295 2466 τοῦ
2323 2414 2620 2484 καταλόγου
2650 2416 2757 2469 τῶν
2785 2416 3042 2488 μαθητῶν
3068 2417 3346 2486 ὲξέδαλεν,
3384 2417 3570 2493 ἐποίη-

1994 2518 2082 2554 σεν
2104 2502 2160 2554 δὲ
2186 2503 2447 2574 προδότην
2469 2505 2582 2558 ἀντ’
2606 2506 2935 2573 ἀποστόλου;
2978 2509 3039 2562 οὐ
3063 2510 3123 2563 τὸ
3144 2510 3566 2581 γαζοφυλάκιον,

1992 2591 2205 2664 πρῶτον
2250 2595 2759 2667 ρᾳδιουργούμενον,
2790 2595 2964 2671 εἶταή
2999 2601 3188 2671 κτῆσις
3228 2605 3329 2675 τῆς
3373 2605 3570 2675 ἀτίμου

1992 2684 2189 2755 τιμῆς;
2227 2686 2473 2739 Ἀνανίαν
2507 2689 2601 2741 καὶ
2635 2688 2950 2762 Σὰπφειραν
2988 2690 3077 2744 διὰ
3109 2690 3160 2743 τί
3193 2693 3571 2765 τραγῳδοῦσιν

1990 2774 2099 2829 τῶν
2130 2777 2442 2832 ἀποστόλων
2496 2780 2551 2832 αί
2596 2780 2861 2850 Πράξεις;
2910 2783 3011 2835 οὐκ
3055 2784 3244 2857 ἐπειδὴ
3285 2785 3396 2839 τῶν
3428 2786 3571 2841 ίδίων

1990 2868 2237 2936 ἐγένοντο
2262 2870 2510 2935 κλέπται,
2541 2872 2634 2925 καὶ
2666 2872 2771 2925 τῶν
2798 2872 3009 2927 οἰκείων
3044 2875 3413 2948 ἀναθημάτων
3439 2879 3573 2952 2296-

1993 2959 2180 3026 συλοι;
2227 2960 2527 3032 Ἐπιλείψει
2575 2980 2643 3034 με
2689 2964 2829 3034 τάχα
2865 2966 2958 3018 καὶ
3000 2966 3033 3035 ὴ
3074 2966 3257 3039 ἡμέρα
3293 2967 3421 3034 τοὺς
3470 2968 3571 3041 τῆς

1919 3091 1963 3150 C
1994 3050 2304 3118 πλεονεξίας
2355 3052 2633 3124 ὑπηρέτας
2678 3054 3175 3128 ἀπαριθμούμενον.
3218 3057 3472 3130 Ἀφέντες
3508 3058 3566 3115 δὲ

1991 3141 2088 3212 τὴν
2131 3143 2368 3197 παλαιὰν
2413 3146 2685 3217 ’ίστορίαν,
2709 3147 2807 3216 τὴν
2855 3149 3048 3218 πεῖραν
3084 3149 3423 3223 ἐξετάσωμεν
3464 3150 3560 3222 τὴν

1994 3233 2503 3304 παρακολουθοῦσαν
2520 3236 2597 3307 τῷ
2625 3236 2743 3308 βίην
2759 3233 2869 3291 οἷον
2896 3235 3034 3294 οἶδεν
3050 3239 3237 3314 θηρίον
3252 3244 3349 3314 τὴν
3366 3241 3555 3294 πλεον-

1991 3321 2160 3390 εξίαν,
2201 3325 2304 3379 καὶ
2358 3319 2433 3380 ὧν
2491 3326 2558 3380 ἂν
2617 3327 2843 3399 λάδηται
2888 3331 3347 3387 δυσαπάλλακτον·
3377 3333 3551 3404 ἀκμά-

1993 3413 2083 3478 ζον
2123 3416 2210 3468 ἀεὶ
2242 3417 2335 3469 καὶ
2362 3418 2424 3470 οὗ
2469 3420 2882 3490 μαραινόμενον·
2927 3425 3315 3496 συγγηράσκον
3360 3425 3418 3478 ek
3453 3427 3562 3488 τοῖς

1993 3505 2197 3596 ἁλοξσι,
2232 3507 2325 3560 καὶ
2349 3509 2427 3569 είς
2453 3507 2603 3572 τέλος
2628 3509 2802 3561 συνόν.

2074 3680 2132 3732 Ὁ
2163 3679 2358 3747 λάγνος
2402 3683 2494 3735 καὶ
2536 3682 2801 3752 σωμάτων
2860 3685 3112 3757 ἐραστὴς,
3153 3682 3251 3740 κάν
3297 3688 3395 3742 ἐπὶ
3437 3691 3570 3744 πολὺ

1991 3773 2111 3834 ταῖς
2156 3770 2473 3840 ἐπιθυμίαις
2506 3772 2768 3846 λυσσήσῃ,
2810 3775 2841 3842 ἣ
2884 3773 3044 3838 αὐτὸς
3082 3777 3163 3841 είς
3193 3779 3570 3853 πρεσδυτικὴν

1990 3858 2207 3931 ἠλικίαν
2236 3857 2421 3913 ἐλθὼν.
2470 3859 2502 3929 ἢ
2539 3859 2597 3912 τὸ
2636 3859 2964 3929 ποθούμενον
3009 3861 3269 3933 ἑωρακὼς
3317 3865 3568 3918 παλαιω-
3620 3873 3643 3890 “

1992 3947 2101 4011 θὲν,
2129 3949 2224 4003 καὶ
2260 3942 2321 4001 τὶ
2351 3949 2509 4014 ἄνθος
2534 3949 2825 4014 ἀποὸαλον,
2854 3952 3040 4005 στάσιν
3068 3954 3302 4025 εὑρίσκει
3335 3953 3438 4023 τῆς
3470 3955 3557 4006 νό-

1992 4059 2107 4096 σου.
2143 4043 2201 4094 ‘0
2230 4043 2638 4114 γαστρίμαργος
2675 4045 2946 4116 ἀναχωρεῖ
2982 4046 3074 4099 καὶ
3119 4040 3276 4110 abde
3303 4043 3399 4114 τῆς
3427 4046 3548 4113 φιλ-

1988 4134 2224 4202 ηδονίας,
2258 4133 2290 4203 ἢ
2324 4131 2417 4187 τοῦ
2454 4135 2613 4204 κόρου
2642 4132 3041 4205 πληρώσαντος,
3077 4135 3109 4207 ἢ
3149 4135 3255 4190 τῶν
3277 4133 3552 4188 πεπτινῶν

1992 4224 2194 4296 μορίων
2227 4225 2657 4294 ἀσθενησάντων,
2693 4227 2784 4278 καὶ
2811 4228 3133 4281 παυσάντων
3171 4229 3269 4299 τὴν
3311 4228 3560 4281 ἐπιτετα-

1991 4314 2157 4384 μένην
2195 4313 2392 4386 δρεξιν.
2443 4315 2498 4366 ’0
2530 4314 2798 4383 φιλόδοξος
2828 4316 3045 4380 πολλαῖς
3075 4317 3435 4388 ὲγκομπάσας
3469 4333 3562 4371 πε-

323 4407 703 4463 imbecilliorcs
739 4407 914 4471 l'actae,
944 4405 1180 4461 hiantem
1228 4405 1370 4458 illam
1412 4404 1767 4474 appetentiam
1798 4417 1885 4457 se·-
1917 4427 1959 4481 D
1993 4406 2310 4474 ριφανείαις,
2347 4403 2440 4457 τοῦ
2475 4407 2738 4476 φανητιᾷν
2776 4407 3055 4478 ἀπολήγει.
3089 4408 3155 4460 Ἠ
3177 4408 3235 4462 δὲ
3250 4407 3352 4478 τῆς
3374 4407 3564 4462 πλεον-

321 4499 538 4550 darunt.
562 4495 912 4561 Autbitiosus,
950 4493 1037 4548 ubi
1071 4494 1251 4548 multis
1277 4494 1658 4562 splendoribus
1675 4491 1884 4559 magui·

323 4590 426 4646 lice
449 4587 672 4659 gloriam
713 4588 918 4652 babuit,
947 4587 1177 4657 spectari
1233 4586 1446 4640 tandem
1491 4584 1647 4648 velle,
1674 4597 1735 4637 ac
1769 4583 1877 4636 ina-

327 4698 423 4738 nes
448 4683 578 4736 tlare
605 4681 825 4752 glorias,
858 4680 1076 4736 desinit.
1117 4678 1314 4734 Vei-um
1360 4676 1605 4732 avaritiae
1632 4675 1881 4738 morbus,

321 4771 581 4840 eiusmodi
617 4770 811 4825 malum
836 4779 939 4835 est,
970 4778 1027 4822 ut
1049 4769 1134 4823 vix
1157 4784 1390 4837 unquam
1422 4782 1486 4821 eo
1509 4766 1728 4822 liberari
1760 4781 1886 4854 pes·

323 4863 417 4918 sis.
436 4863 512 4916 Ac
535 4862 674 4916 sicut
701 4872 955 4932 perpetuo
977 4860 1162 4914 vivens
1185 4868 1348 4928 atque
1381 4857 1637 4912 frondens
1658 4867 1662 4872 ·
1682 4856 1882 4910 hedera

322 4953 779 5022 adsitasirrepens
795 4953 1018 5006 arbores
1042 4949 1216 5003 valide
1238 4948 1682 5003 circumvolvitur
1707 4948 1886 5001 adbae-

325 5054 538 5112 retque,
573 5059 636 5097 ac
664 5060 730 5098 ne
760 5043 925 5096 ramis
963 5041 1178 5109 quidem
1216 5040 1591 5094 fatiscentibus
1627 5047 1717 5090 aut
1758 5051 1882 5090 are-

324 5134 476 5189 factis
527 5136 746 5200 recedit,
795 5134 897 5189 nisi
945 5133 1065 5201 quis
1099 5131 1267 5185 llexus
1319 5132 1449 5186 istos
1479 5138 1535 5184 et
1586 5129 1883 5198 anguiueos

322 5226 472 5294 quasi
524 5240 702 5295 gyroS‚
754 5226 898 5282 l'erro
940 5234 1131 5279 secet:
1179 5223 1250 5275 ita
1302 5237 1398 5276 nec
1440 5222 1586 5275 avari
1619 5230 1882 5286 utentem,

321 5316 437 5370 sire
471 5315 556 5369 bic
593 5317 801 5382 juvenis
826 5317 918 5380 sit,
948 5316 1063 5370 sive
1101 5330 1289 5379 senex,
1318 5314 1371 5367 in
1397 5313 1695 5367 libertatem
1732 5310 1891 5365 facile

322 5405 628 5468 vindicariS,
680 5406 779 5459 nisi
839 5408 1017 5459 sobrio
1056 5405 1415 5476 prudentique
1465 5404 1691 5460 consilio
1739 5402 1886 5458 velut

322 5498 584 5552 tnaeliaera
614 5497 854 5550 morbum
887 5495 1181 5552 discideris.

1987 4492 2135 4559 εξίας
2162 4493 2335 4558 νόσος,
2391 4493 2557 4547 κακόν
2593 4495 2707 4546 ἐστι
2739 4494 3195 4550 δυσαπάλλακτον.
3223 4497 3336 4549 Καὶ
3370 4495 3563 4567 ὥσπερ

1986 4588 2014 4638 ὁ
2043 4586 2227 4647 κισσὸς
2260 4579 2433 4648 οὗτος,
2472 4583 2533 4636 τὸ
2560 4584 2783 4648 εὐθαλὲς
2811 4585 2972 4654 φυτὸν
3006 4586 3100 4640 καὶ
3133 4585 3442 4655 ἀείφυλλον,
3470 4588 3565 4640 ἐπὶ

1986 4674 2053 4728 τὰ
2096 4674 2525 4746 παραπεφυκότα
2577 4675 2684 4729 τῶν
2716 4675 2945 4745 δένδρων
2992 4677 3263 4748 ἀνέρπων,
3322 4679 3563 4749 ίσχυρῶς

1985 4766 2377 4837 περιελίττεται
2415 4770 2529 4831 τοῖς
2566 4767 2763 4834 ξύλοις,
2802 4761 2991 4839 ὦνπερ
3038 4767 3102 4822 ἂν
3133 4768 3417 4839 δράξηται·
3467 4773 3562 4824 καὶ

1983 4855 2105 4910 οὔτε
2139 4857 2501 4923 πεπονθότων,
2526 4857 2646 4911 οὔτε
2676 4859 3045 4930 ξηρανθέντων
3073 4860 3363 4932 ἀναχωρεῖ,
3396 4863 3449 4914 εἰ
3483 4863 3561 4932 μή

1983 4964 2066 5012 τις
2104 4947 2266 5001 αὐτοῦ
2295 4949 2512 5022 σιδήρῳ,
2531 4949 2781 5022 καθάπερ
2814 4950 3124 5020 δράκοντος,
3168 4950 3402 5022 διατέμῃ
3431 4944 3559 5014 τοὺς

1985 5040 2262 5111 ἑλιγμούς.
2313 5042 2499 5105 Οὖτως
2545 5041 2664 5094 οὐδὲ
2702 5042 2941 5096 τοιούτου
2981 5042 3156 5114 ψυχὴν
3189 5040 3556 5114 ἐλευθερῶσαι

1985 5133 2163 5204 ῥᾴδιον
2186 5172 2201 5195 ,
2271 5133 2380 5186 εἴτε
2459 5133 2740 5198 νεάζοντος
2793 5134 2886 5188 τοῦ
2952 5132 3230 5204 σώματος,
3288 5134 3401 5186 εἴτε
3463 5135 3558 5188 καὶ

1984 5224 2479 5296 ὑπομαρανθέντος,
2516 5224 2611 5278 ὲάν
2646 5228 2719 5297 μή
2750 5244 2831 5289 τις
2866 5224 3129 5297 νηφαλέος
3164 5223 3425 5296 λογισμὸς
3459 5226 3555 5277 ὲκ·

1984 5315 2171 5379 ελθὼν,
2199 5315 2274 5379 ὡς
2309 5316 2545 5387 μάχαιρα
2569 5315 2801 5388 διακόψῃ
2826 5315 2923 5386 τὴν
2949 5315 3122 5368 νόσον.
3177 5309 3185 5317 ’

387 5699 509 5757 “lv
536 5702 663 5774 neg.
694 5717 743 5768 v,
781 5703 845 5758 Η
870 5715 1011 5771 sqq.;
1045 5699 1173 5758 Luc.
1199 5715 1273 5771 tv,
1299 5701 1388 5756 2⁷.
1456 5700 1497 5731 ⁸⁶
1524 5698 1564 5754 ll
1587 5701 1715 5769 neg.
1751 5715 1836 5763 xv,
1868 5705 1889 5751 ι
1929 5711 2050 5768 sqq.
2131 5695 2174 5728 ⁸⁷
2201 5693 2355 5752 Joau.
2384 5710 2478 5760 ιιι,
2503 5692 2553 5751 θ.
2635 5693 2677 5726 ⁸⁸
2699 5692 2821 5752 Act.
2852 5708 2904 5762 v,
2935 5692 2959 5748 1
2991 5704 3113 5764 sqq.
