3725 6125
242 289 355 349 813

1333 296 1615 358 nonnuli
1655 305 1721 360 X.
1766 306 1832 362 ΙΝ
1876 308 1976 367 SS.
2017 311 2418 373 MARTYRES.

3405 329 3511 391 314

241 397 408 469 ὦῖθς
440 403 473 458 ⁶
501 400 703 475 ²²51?ss
728 404 836 476 τῆς
856 402 1161 477 ἆῒορασίας
1193 410 1422 481 περιϊὼν
1459 415 1730 484 ἅπαντας,
1761 420 1837 473 δί-
1866 429 1910 484 Α
1939 426 2225 495 emptionis
2258 431 2538 488 universos
2567 432 2777 499 obiens,
2798 435 2968 505 partis
3005 444 3303 508 emptorem
3328 442 3509 511 quoti·

245 497 393 553 ὃωαι
427 495 745 568 καθημέραν
777 496 884 568 τῆς
925 499 1145 571 μερίδος
1188 501 1278 556 τὸν
1312 503 1549 578 ὠνητήν.
1589 509 1834 567 Ἐπειδὰν

250 588 320 645 Gk
342 588 524 661 ὅρμος
549 587 727 652 αὐτοὺς
750 587 1112 661 ὑποδέξηται,
1140 594 1236 646 καὶ
1259 595 1340 659 είς
1372 596 1476 667 γῆν
1506 600 1831 670 ἀφίκωνται,

264 676 555 753 μερίζεται
574 678 630 733 τὸ
659 677 935 752 ἀργύριον
966 685 1080 746 τοῖς
1112 684 1371 740 πεινῶσι·
1419 689 1634 764 τοῦτοή
1676 694 1834 768 μερὶς

265 770 369 825 τοῦ
389 771 555 835 *aad
578 771 828 844 πενήτων
854 774 1173 845 εὐεργεσία.

345 861 603 932 uosmet
628 863 829 917 τοῦτον
851 866 948 919 καί
975 865 1218 937 βασιλεῖς
1241 868 1333 924 τὸν
1362 875 1833 945 καρτερικιὶντατον

267 955 353 1010 καί
377 955 637 1025 φιλόθεον,
654 957 756 1011 καὶ
781 958 1088 1029 φιλοτίμοις
1104 963 1408 1033 κειμηλίοις
1426 969 1831 1040 κατακοσμοῦσι

252 1046 340 1100 τοῦ
368 1046 741 1118 περισλέπτου
784 1049 1020 1122 πένητος
1047 1052 1139 1106 τὸν
1176 1054 1324 1110 ναόν.
1367 1057 1735 1114 Φιλονεικοῦσι
1772 1062 1830 1116 δὲ

239 1139 288 1192 oi
339 1140 722 1212 ἐπιγινόμεναι
756 1143 889 1206 τοὺς
944 1144 1350 1217 πρεσὸυτέρους
1405 1150 1828 1222 ὑπερδαλέσθαι.

234 1229 345 1285 Καὶ
394 1231 562 1287 οὔπω
607 1233 952 1307 θαυμαστὸν,
998 1240 1048 1292 ει
1088 1238 1192 1309 τῆς
1227 1239 1512 1313 Ῥωμαίων
1536 1246 1831 1317 ἡγεμονίας

229 1323 431 1397 ἄνδρες
469 1326 848 1396 φιλευσεὸείς,
885 1328 1111 1402 θεσμοῖς
1148 1334 1244 1387 καὶ
1287 1335 1475 1406 νόμοις
1517 1336 1826 1409 σύντροφοι,

230 1415 414 1483 οὔτως
441 1416 696 1498 εὐλαόὧς
718 1420 904 1493 ἔχουσι
936 1423 1065 1495 περὶ
1093 1425 1185 1479 τὸν
1214 1424 1521 1500 θεράποντα
1564 1427 1661 1482 τοῦ
1690 1431 1827 1502 Χρι-

237 1508 396 1579 στοῦ,
420 1510 591 1565 ὁπότε
630 1514 732 1567 καὶ
773 1515 855 1576 είς
890 1513 1204 1589 βαρόάρους
1230 1517 1369 1589 ἔφθη
1398 1520 1460 1573 τὸ
1493 1520 1708 1592 θαῦμα·
1733 1522 1830 1575 καὶ

236 1604 447 1669 πάντες
470 1606 523 1659 oi
546 1604 883 1677 ἀγριώτατοι
908 1607 1134 1677 Σκύθαι,
1173 1610 1287 1663 ὅσοι
1309 1610 1373 1683 δὴ
1400 1612 1501 1683 τὴν
1528 1612 1828 1683 ἀντιπέρας

235 1695 334 1751 τοῦ
378 1695 641 1763 Εὐξείνου
673 1696 880 1751 Πόντου
920 1699 1150 1770 ἤπειρον
1183 1702 1474 1773 νέμονται,
1523 1701 1828 1766 Μαιώτιδος

237 1787 465 1860 λίμνης,
490 1784 588 1842 καὶ
614 1788 867 1859 ποταμοῦ
892 1790 1153 1854 Τανάϊδος
1179 1793 1483 1864 πρόσοικοι,
1516 1794 1631 1847 ὅσοι
1658 1809 1717 1846 τε
1737 1792 1831 1847 τὸν

242 1880 525 1954 Βόσπορον
550 1879 786 1947 οἰκοῦσι,
819 1884 915 1937 καὶ
953 1884 1080 1957 ἄχρι
1111 1886 1336 1950 Φάσιδος
1370 1886 1617 1958 ποταμοῦ
1649 1904 1830 1959 παρα-

240 1972 541 2039 τείνανται,
563 1974 765 2038 πάντες
809 1969 957 2029 οῦτοι
1004 1976 1359 2048 δορυφοροῦσι
1409 1979 1487 2049 τῷ
1530 1976 1828 2049 κηπουρῷ·

248 2065 371 2127 τοὶς
429 2062 492 2116 u
536 2063 703 2118 πᾶσιν
752 2063 899 2120 ῑθεσι
949 2064 1046 2119 καὶ
1094 2067 1491 2138 ἐπιτηδεύμασι
1544 2067 1831 2131 διεστῶτες

257 2153 444 2225 ἡμῶν,
488 2156 572 2218 είς·
611 2154 767 2210 τοῦτο
799 2156 957 2227 μόνον
998 2156 1382 2228 ὁμογνώμονες
1421 2160 1682 2228 γίνονται,
1729 2159 1830 2231 τὴν

255 2245 569 2318 ἀγριότητα
588 2245 929 2320 τῶντρόπων
953 2249 1058 2303 ὑπὸ
1087 2250 1189 2320 τῆς
1227 2250 1486 2322 ἀληθείας
1533 2250 1832 2323 ὲςημερού-

252 2354 432 2408 μενοι.
485 2332 583 2403 Εἷς
642 2337 770 2409 γοῦν
795 2339 983 2412 ἅρχων
1034 2338 1129 2394 καὶ
1191 2342 1444 2412 βασιλεὺς
1494 2344 1701 2396 ἐκεῖθεν
1737 2342 1830 2396 τὸν

246 2429 518 2497 στέφανον
545 2430 650 2502 τῆς
697 2431 943 2504 κεφαλῆς
972 2432 1328 2504 ἀποθέμενος,
1366 2435 1552 2507 χρυσῷ
1589 2436 1684 2490 καὶ
1735 2435 1830 2490 ἀν-

243 2522 364 2575 θεσι
391 2520 559 2577 λίθων
588 2523 1098 2597 περιλαμπόμενον,
1121 2526 1216 2580 καὶ
1244 2527 1336 2581 τὸν
1366 2526 1589 2599 θώρακα
1618 2526 1710 2582 τὸν
1733 2546 1832 2583 πο-

240 2611 469 2685 λεμικὸν
497 2614 727 2679 ἀποδὺς,
800 2613 936 2679 ῦλας
983 2615 1176 2687 ἔχοντα
1233 2616 1465 2670 πλούτου
1517 2616 1830 2689 (ἀλαζονικὴ

238 2706 351 2779 γὰρ
388 2707 487 2762 καὶ
535 2705 891 2780 θρυπτομένη
939 2707 1048 2761 τῶν
1108 2708 1398 2780 βαρὸάρων
1447 2711 1480 2778 ἡ
1510 2710 1828 2781 πανοπλία)·

242 2799 487 2872 ἐπεμψεν
526 2798 820 2870 ἀμφότερα
862 2798 1218 2870 ἀναθήματα,
1267 2799 1357 2853 διὰ
1405 2800 1499 2853 τοῦ
1554 2800 1832 2874 μάρτυρος

246 2891 326 2963 τῷ
349 2889 467 2963 Θεῷ
496 2891 594 2945 καὶ
616 2892 903 2961 δυνάμεως
921 2891 1013 2944 καὶ
1033 2890 1339 2962 ἀξιώματος
1361 2890 1704 2964 καθιερώσας
1731 2892 1834 2958 τὰς

244 2984 514 3056 ἀφορμάς.
552 2982 831 3056 Πρόδηλον
869 2982 1000 3054 γὰρ,
1045 2982 1119 3047 ὡς
1155 2986 1182 3037 ό
1238 2984 1333 3055 μὲν
1403 2984 1670 3055 στέφανος
1720 2986 1824 3057 τῆς

242 3077 522 3150 βασιλείας
552 3073 626 3149 ἦν
682 3077 1066 3149 χαριστήριον·
1111 3078 1139 3129 ὀ
1185 3076 1240 3129 δὲ
1274 3075 1480 3148 θώραξ,
1534 3077 1637 3149 τῆς
1687 3077 1830 3132 κατὰ

240 3171 518 3244 πολέμους
545 3168 756 3241 ἰσχύος.

307 3265 425 3329 Τάς
472 3263 534 3318 δὲ
564 3255 834 3334 ’συνεχῶς
867 3262 961 3316 ἐπὶ
997 3261 1211 3325 τούτοις
1241 3261 1642 3334 συμὸαινούσας
1676 3261 1833 3334 εὐερ-

236 3356 433 3426 γεσίας
459 3354 553 3408 διὰ
579 3351 692 3406 τῶν
717 3353 777 3406 ὲν
810 3353 1084 3423 ὀνείρασιν
1112 3352 1309 3425 δψεων,
1352 3354 1450 3408 καὶ
1485 3352 1575 3408 tn&
1600 3350 1710 3408 τῶν
1743 3352 1834 3408 θε-

241 3446 516 3523 ραπειῶν,
549 3439 627 3503 ὧν
655 3445 708 3499 oi
742 3444 1045 3517 κάμνοντες
1096 3442 1450 3510 ἀπολαύουσι,
1479 3445 1598 3509 πῶς
1639 3445 1705 3499 ἀν
1746 3462 1833 3509 τις

240 3540 342 3595 καὶ
364 3538 717 3612 διηγήσαιτο,
744 3534 1011 3591 ἀδυνάτου
1043 3537 1390 3602 καθεστῶτος
1427 3542 1548 3602 ταῖς
1592 3538 1832 3593 καθέκα-

251 3648 384 3686 στου
410 3629 716 3701 ἐνεργείαις
747 3632 1041 3699 ἐπαφεῖναι
1080 3629 1171 3682 τὸν
1198 3629 1390 3698 λόγον;
1437 3630 1628 3700 Ἡμεῖς
1653 3628 1833 3686 τοίνυν

258 3721 508 3775 ἐνταῦθα
534 3719 805 3791 λήξαντες,
841 3722 997 3785 δόξαν
1024 3721 1103 3793 τῷ
1144 3720 1360 3792 Σωτῆρι
1417 3719 1796 3792 προσοίσωμεν
1817 3761 1833 3788 ,

269 3807 337 3866 οῦ
367 3811 545 3867 δοῦλοι
565 3814 731 3869 πιστοὶ
756 3814 1028 3886 τοσαύτης
1055 3813 1366 3885 ἠξιώθησαν
1395 3814 1615 3885 χάριτος
1636 3854 1652 3880 ,
1694 3813 1834 3867 ὥστε

279 3906 419 3976 πρὸς
445 3906 615 3960 πᾶσαν
637 3908 826 3979 χρείαν
856 3909 949 3961 καὶ
982 3908 1303 3980 περίστασιν
1323 3945 1338 3969 ,
1378 3905 1522 3960 κατὰ
1553 3907 1652 3978 τὴν
1670 3905 1839 3960 δοθεῖ-
1868 3909 1877 3918 ”

267 4014 371 4052 σαν
394 3997 578 4061 αὐτοῖς
599 3997 831 4071 δωρεὰν,
869 4001 993 4064 τοὺς
1017 3999 1341 4071 ὁμοδούλους
1376 3998 1682 4088 εὐεργετεῖν
1704 4015 1718 4028 ·
1742 3997 1837 4051 καὶ

257 4091 435 4146 ταῦτα
473 4091 613 4164 μετὰ
633 4091 735 4163 τὴν
759 4092 969 4146 ἐνθένδε
996 4091 1203 4162 ἄφιξιν,
1238 4091 1439 4145 καὶτὸν
1463 4090 1556 4144 τοῦ
1588 4089 1839 4162 σώματος

261 4183 573 4258 χωρισμόν·
612 4177 688 4238 ὧν
714 4186 750 4255 ἡ
784 4184 970 4255 μνήμη
1007 4182 1144 4254 μετὰ
1170 4182 1265 4236 τοῦ
1298 4182 1460 4254 ἔργου
1484 4181 1603 4235 καθ’
1628 4180 1839 4253 ἡμέραν

258 4275 534 4348 διατρέχει
562 4275 749 4340 πόλεις
771 4276 866 4330 καὶ
891 4274 1103 4345 κώμας.
1134 4273 1409 4344 πανταχοῦ
1429 4272 1520 4326 τὸν
1550 4272 1840 4344 εὐεργέτην

259 4366 618 4440 κηρύσσουσα
652 4365 884 4440 Κύριον·
939 4359 983 4434 ᾧ
1033 4366 1231 4438 πρέπει
1263 4366 1415 4419 πᾶσα
1458 4360 1645 4434 [δόξα,
1699 4361 1838 4434 καὶ]

1938 516 2026 572 die
2054 521 2315 591 suggerit.
2351 521 2643 594 Postquam
2667 534 2847 581 autem
2878 542 2974 584 eos
2997 539 3188 599 portus
3209 533 3508 604 exceperit,

1937 610 2279 668 distribuitur
2314 613 2579 673 famelicis
2610 618 2837 674 collecta
2875 623 3099 690 pecunia
3140 640 3153 677 :
3189 623 3351 695 idque
3386 639 3515 697 pars

1934 702 2130 762 Pltocae
2177 716 2280 774 est,
2318 724 2616 781 pauperum
2642 712 3020 770 beneficentia.

2009 881 2143 937 Eum
2178 899 2392 955 qnoque
2440 902 2594 957 reges
2640 890 3002 956 admirantur,
3040 890 3132 962 qui
3181 890 3508 950 fortissimus

1934 972 2324 1044 religiosusque
2381 978 2694 1045 exstiterit,
2786 980 3225 1051 suspiciendique
3257 984 3506 1055 pauperis

1932 1064 2100 1118 aetlem
2122 1079 2355 1134 sacram,
2390 1070 2662 1139 praeclaris
2687 1084 2751 1126 ac
2781 1071 3083 1143 magnificis
3110 1085 3377 1130 exornant
3405 1077 3504 1132 do·

1934 1153 2121 1208 nariis.
2156 1153 2522 1222 Contendunt,
2548 1159 2899 1229 qniJuniores
2921 1162 3205 1230 accedunt,
3235 1179 3497 1233 superare

1932 1254 2161 1302 veteres.
2202 1246 2310 1302 Nec
2332 1249 2443 1317 jam
2469 1252 2686 1319 mirum,
2714 1260 2775 1307 ut
2804 1252 3027 1308 Romani
3086 1255 3294 1325 imperii
3329 1257 3504 1313 ltomi-

1933 1352 2031 1393 nes
2065 1339 2162 1409 pii,
2192 1354 2420 1409 quorum
2476 1342 2587 1397 vita
2647 1344 2856 1415 regitur
2885 1345 3127 1403 moribus
3166 1357 3329 1420 atque
3374 1349 3505 1422 legi·

1933 1430 2051 1495 bns,
2080 1444 2250 1500 usque
2276 1431 2412 1488 adeo
2438 1432 2643 1489 Christi
2689 1433 2948 1492 famulum
2994 1447 3347 1506 venerentur,
3380 1456 3503 1497 curn

1931 1521 1998 1576 ad
2038 1536 2210 1593 usque
2241 1523 2502 1581 barbaros
2522 1528 2831 1597 pervenerit
2862 1528 3188 1596 admiratio;
3216 1529 3499 1588 ferissimi·

1931 1627 2035 1683 que
2064 1629 2254 1670 omnes
2308 1613 2546 1688 Scytboe,
2603 1627 2888 1689 quotquot,
2954 1620 3172 1689 inquam
3193 1662 3209 1688 ,
3258 1623 3507 1681 habitant

1932 1702 2294 1760 continentem
2323 1719 2387 1760 ex
2412 1706 2640 1761 adverso
2669 1705 2855 1762 Pontis
2873 1708 3065 1765 Euxini
3089 1726 3106 1777 3
3132 1712 3331 1767 accolae
3355 1712 3507 1771 lacus

1862 1775 1907 1831 Β
1934 1791 2217 1862 Maeotidis,
2247 1811 2311 1850 ac
2337 1794 2483 1851 fluvii
2514 1796 2793 1864 Tattaidis,
2832 1814 2896 1855 ac
2936 1802 3241 1871 quicunqne
3264 1802 3506 1859 incolunt

1935 1882 2295 1952 Bosphorum,
2329 1893 2385 1940 et
2431 1886 2498 1940 ad
2527 1884 2815 1943 Phasidetn
2846 1903 3019 1961 usque
3054 1887 3273 1946 fluvium
3318 1903 3507 1949 exten·

1934 1975 2177 2041 duntur;
2236 1991 2445 2045 omnes,
2501 1978 2743 2047 inquam,
2803 1980 2884 2047 bi,
2935 1983 3257 2054 obsequium
3325 1984 3506 2042 olitori

1930 2077 2235 2137 praestent:
2271 2082 2503 2140 cumque
2558 2071 2801 2127 mor-ibus
2849 2076 3103 2130 omnibus
3142 2091 3206 2130 ac
3250 2078 3447 2135 studiis
3476 2095 3510 2134 a

1932 2159 2085 2214 nobis
2114 2158 2389 2225 differant,
2417 2158 2519 2215 hac
2561 2176 2665 2214 una
2706 2177 2767 2217 re
2798 2163 2912 2217 sola
2959 2164 3113 2220 nobis
3139 2170 3507 2237 consentiunt,

1931 2257 1986 2303 ut
2016 2264 2202 2306 eorum
2260 2249 2450 2306 feritas
2502 2266 2712 2307 morum
2768 2268 2798 2307 a
2849 2255 3079 2309 veritate
3131 2272 3497 2315 mansuescat.

1932 2341 2085 2398 Unus
2110 2350 2257 2398 certe
2289 2342 2436 2397 illinc
2460 2343 2710 2412 princeps
2763 2358 2984 2413 rexque,
3011 2361 3267 2403 coronam
3315 2352 3506 2420 capitis

1931 2433 2228 2501 deponens,
2284 2448 2420 2488 auro
2466 2448 2529 2488 ac
2574 2449 2907 2505 gemmarum
2942 2434 3164 2493 floribus
3218 2440 3504 2511 magnifice

1930 2522 2318 2591 splendentem,
2342 2536 2657 2593 exuensque
2683 2524 2936 2594 pretiosae
2962 2527 3200 2582 materia·¹
3257 2530 3501 2588 bellicam

1930 2609 2153 2666 loricam
2176 2612 2395 2682 (quippe
2410 2613 2639 2683 superba
2651 2609 2754 2668 ’est
2774 2628 2835 2668 ac
2853 2613 3126 2671 luxuriosa
3152 2616 3502 2678 barbarorum

1932 2705 2255 2774 armatura),
2286 2713 2513 2773 utraque
2538 2706 2680 2759 misit
2698 2706 2941 2771 donaria,
2968 2708 3074 2762 Deo
3098 2723 3193 2775 per
3217 2722 3505 2783 martyrem

1932 2796 2185 2865 potentiae
2215 2811 2279 2850 ac
2307 2796 2587 2865 dignitatis
2623 2811 2950 2853 consecrans
2982 2813 3321 2871 argumenta.
3379 2802 3507 2860 Cla-

1931 2903 2051 2942 rum
2076 2889 2218 2942 enim
2243 2900 2347 2955 est,
2381 2890 2591 2946 misisse
2623 2906 2905 2958 coronam,
2960 2900 3018 2945 ut
3068 2906 3165 2962 pro
3194 2908 3357 2962 reguo
3384 2910 3510 2965 gra-

1934 2978 2038 3034 tias
2058 2990 2246 3049 ageret
2272 2995 2286 3033 :
2325 2978 2548 3034 loricam
2581 2996 2729 3045 vero,
2761 2987 2820 3035 ut
2840 2996 2939 3051 pro
2965 2981 3161 3037 virtute
3188 2983 3401 3038 bellica.

2005 3269 2137 3341 Quae
2162 3277 2348 3325 autem
2365 3276 2584 3339 propter
2604 3267 2717 3327 brec
2750 3269 3006 3327 continue
3033 3269 3291 3325 eveniunt
3340 3269 3499 3325 bene-

1936 3360 2057 3418 ficia
2090 3374 2187 3432 per
2222 3359 2459 3415 visiones
2507 3358 2561 3413 in
2616 3358 2845 3424 somnis,
2900 3374 2966 3414 ac
3012 3359 3342 3424 curationes,
3373 3375 3509 3428 quas

1934 3450 2123 3520 aegroti
2154 3459 2580 3521 consequuntur,
2613 3464 2720 3520 quo
2776 3450 2897 3517 quis
2958 3449 3118 3503 modo
3170 3450 3509 3514 narraverit,

1934 3559 2057 3599 cum
2088 3557 2268 3598 sermo
2296 3541 2363 3595 atl
2415 3542 2621 3613 singula
2677 3543 2937 3596 accedere
2984 3555 3088 3595 non
3142 3539 3353 3610 possit?
3401 3539 3509 3596 Nos

1935 3624 2065 3704 ergo
2112 3633 2199 3689 bic
2229 3632 2537 3687 desinentes
2558 3671 2573 3695 ,
2605 3631 2870 3688 Salvator-i
2924 3631 3148 3700 gloriam
3182 3627 3507 3696 offeremus,

1937 3725 2089 3796 cujus
2111 3724 2251 3781 servi
2283 3722 2467 3780 fideles
2492 3733 2697 3779 tantam
2722 3723 2948 3794 gratiam
2974 3729 3101 3777 sunt
3122 3723 3419 3788 consecuti,
3450 3734 3510 3778 ut.

1940 3816 1992 3872 iu
2019 3816 2164 3871 otnni
2199 3814 2521 3870 necessitate
2547 3828 2612 3868 ac
2639 3829 2789 3878 casn,
2815 3825 2913 3878 pro
2961 3825 3221 3866 concesso
3262 3811 3342 3866 eis
3368 3812 3508 3868 ‹lono

1939 3910 2213 3967 conservis
2247 3908 2360 3965 suis
2374 3905 2716 3962 benefaciant
2747 3919 2762 3956 ε
2802 3902 2962 3974 idque
2980 3911 3259 3971 postquam
3292 3902 3360 3955 ab
3409 3902 3508 3957 lnt-

1940 4003 2113 4058 manis
2155 3999 2516 4066 excesserint,
2554 3999 2866 4068 fuerintque
2919 3995 3150 4066 separati
3185 4011 3215 4050 a
3256 4009 3507 4066 corpore.

1940 4096 2179 4164 Quorum
2214 4092 2476 4149 memoria
2500 4091 2714 4157 efficax,
2767 4089 3008 4161 quotidie
3054 4088 3356 4159 pervadens
3379 4089 3511 4143 civi·

1942 4196 2081 4243 tates
2130 4201 2196 4243 ac
2248 4187 2398 4241 vicos
2423 4224 2440 4249 ,
2504 4185 2704 4253 ubique
2763 4180 3164 4237 benefactorem
3223 4177 3509 4234 Dominum

1942 4279 2195 4353 praetlicat
2220 4295 2236 4333 ι
2266 4291 2424 4349 quem
2450 4276 2605 4332 decet
2637 4273 2815 4329 omnis
2854 4272 3045 4344 gloria,
3083 4271 3275 4336 bonor,
3316 4279 3370 4324 et
3411 4285 3511 4339 po·

1945 4380 2139 4437 testas,
2168 4385 2231 4425 ac
2262 4365 2678 4440 magnificentia,
2706 4379 2850 4420 nune
2877 4371 2932 4419 ct
2984 4363 3038 4418 in
3066 4360 3259 4419 saecula
3288 4362 3511 4418 saeculo-

257 4460 419 4533 τιμὴ,
456 4459 555 4515 καὶ
580 4460 802 4531 κράτος.
842 4459 934 4512 καὶ
979 4458 1439 4530 μεγαλοπρέπεια,
1485 4454 1581 4511 νῦν
1633 4455 1726 4508 καὶ
1759 4455 1841 4518 είς
1874 4475 1917 4530 1)
1947 4479 2085 4519 mm,
2117 4462 2309 4519 Amen,

259 4555 391 4620 τοὺς
420 4552 626 4617 αἰῶνας
648 4551 756 4606 τῶν
787 4551 1019 4606 αἰώνων.
1065 4551 1259 4622 Ἀμὴν.

1032 4664 1086 4718 1’.

470 4777 798 4850 Ἔγκὼμιον
827 4780 914 4844 εἰς
941 4778 1081 4845 τοὺς
1105 4777 1313 4847 ἁγίους
1326 4775 1654 4845 μάρτυρας.

339 4868 552 4937 Ἔστιν,
581 4871 658 4935 ὡς
681 4870 878 4933 ἔοικεν,
903 4871 997 4924 καὶ
1029 4868 1181 4941 παρὰ
1210 4868 1321 4922 τῶν
1340 4867 1542 4938 σφόδρα
1567 4864 1846 4938 δυσμενῶν

336 5104 454 5176 (49)
495 5102 571 5158 Ex
633 5100 879 5156 bibliam.
940 5098 1197 5156 cardinal.
1264 5097 1538 5153 Columna!
1569 5096 1602 5160 ,⁰
1648 5114 1700 5152 n.
1753 5097 1840 5164 12,

268 5177 618 5232 exscribente
646 5188 710 5225 ac
744 5173 1175 5225 communicante
1202 5171 1265 5223 tt.
1293 5170 1354 5221 P.
1384 5166 1497 5221 Jac.
1528 5166 1836 5222 Sirmundo.

268 5244 676 5318 -Opportnne
709 5242 920 5294 tandem
960 5240 1249 5299 detectam,
1293 5255 1355 5292 ac
1404 5237 1787 5292 humanissime
1811 5255 1842 5292 a

271 5317 592 5370 doctissimo
649 5311 892 5380 perinde,
948 5325 1011 5364 ac
1069 5309 1459 5363 humanissimo
1505 5306 1621 5363 viro
1671 5308 1733 5361 Ιὶ.
1780 5307 1839 5362 Ρ.

267 5382 478 5443 Jacobo
510 5379 805 5438 sirmundo
836 5394 1172 5435 communem
1213 5380 1427 5440 factam,
1473 5392 1592 5431 cnm
1621 5378 1706 5431 vix
1736 5392 1839 5431 nnn

271 5454 498 5527 praelum
534 5451 742 5507 Asu-rit
766 5450 968 5519 reliqna
991 5450 1320 5508 excudisset,
1347 5461 1454 5518 quo
1485 5446 1698 5500 tandem
1726 5447 1845 5502 locu

277 5525 516 5581 maxime
545 5521 944 5583 desiderabam,
990 5535 1053 5574 ae
1084 5529 1205 5586 post
1242 5517 1434 5571 Pbocae
1468 5518 1717 5587 martyris
1754 5532 1850 5571 eu·

274 5597 538 5659 connium,
573 5605 775 5659 ponere
820 5590 987 5644 licuit.
1044 5588 1253 5643 Titulus
1296 5587 1509 5656 quidem
1553 5587 1854 5641 communis

277 5675 393 5733 ειη
423 5664 576 5723 velut
607 5662 752 5715 dicta
790 5659 862 5715 sit
905 5659 958 5713 in
1003 5667 1269 5727 martyres
1305 5656 1546 5710 absolute
1571 5694 1588 5718 ,
1622 5671 1853 5726 quornm

281 5734 458 5793 Graeci
485 5740 609 5807 post
642 5728 1014 5788 Pentecostem
1054 5726 1497 5800 dicmcelebrem
1530 5725 1750 5788 babent,
1777 5726 1854 5782 uti

1768 5910 1807 5942 B

2704 4657 2763 4714 X.

2212 4773 2516 4830 Ericominm
2550 4774 2604 4826 in
2637 4782 2843 4826 satietas
2865 4779 3120 4842 martyres
3150 4769 3283 4841 (ta).

2020 4868 2192 4930 Licet.
2222 4881 2279 4923 ιιι
2312 4869 2544 4933 videtur,
2575 4869 2736 4922 etiam
2774 4882 2803 4919 a
2844 4867 3189 4922 veliementer
3216 4862 3438 4919 infensis
3462 4872 3513 4918 ct

1952 5098 2063 5154 fere
2090 5113 2187 5154 nos
2209 5112 2261 5152 tn
2293 5097 2469 5165 capite
2491 5094 2850 5152 Kalendarum
2885 5090 3285 5173 Novembrium,
3322 5091 3516 5174 festum

1950 5169 2200 5226 Omnium
2256 5167 2578 5222 Sanctorum
2616 5185 2629 5222 ε
2666 5182 2722 5221 re
2761 5176 2938 5221 tamen
2986 5176 3111 5218 vera
3154 5161 3295 5243 dicta
3325 5171 3430 5225 est,
3464 5176 3517 5214 m

1952 5249 2128 5294 certos
2162 5239 2421 5307 quosdam
2464 5246 2755 5303 martvres,
2789 5250 2852 5290 ac
2891 5234 3035 5289 velut
3059 5231 3209 5286 urbis
3243 5229 3520 5313 tutet-ares.

1954 5308 2005 5363 in
2046 5324 2149 5376 qua
2197 5317 2323 5360 tnnc
2355 5305 2605 5361 Asterius
2644 5317 2867 5376 egeret:
2900 5318 3036 5374 quos
3081 5299 3170 5356 ille
3220 5316 3521 5372 praecmttott

1953 5378 2095 5431 inter
2128 5387 2390 5446 martyres
2424 5375 2647 5439 indicat,
2701 5391 2820 5430 cum
2852 5387 3035 5428 eornm
3062 5388 3127 5426 κο
3164 5370 3394 5441 υφαίους
3429 5369 3521 5424 καὶ

1952 5446 2284 5519 προπότας,
2311 5445 2428 5515 ipso
2448 5445 2626 5499 statim
2657 5445 2881 5500 exordio
2911 5453 3089 5497 vocat.
3157 5453 3276 5497 orte
3304 5440 3520 5496 excide-

1951 5525 2077 5570 runt
2109 5520 2325 5570 nomina
2368 5515 2582 5584 propria
2619 5515 2827 5568 illorum
2859 5526 3181 5584 martyrum,
3213 5513 3265 5565 iu
3292 5524 3517 5579 quornm

1953 5588 2067 5642 inec
2114 5585 2384 5642 Natalitiis
2445 5584 2688 5639 Asterius
2716 5593 2998 5648 oraveram
3049 5582 3130 5637 vel
3172 5582 3329 5637 ctiam
3378 5585 3519 5661 mota

1954 5657 2174 5713 suntab
2201 5672 2288 5723 eo,
2356 5655 2406 5709 ui
2443 5661 2731 5708 tractatum
2771 5654 2873 5708 sibi
2908 5653 3146 5721 reposuit
3175 5665 3239 5704 ac
3274 5662 3385 5702 suae
3414 5646 3515 5699 bc·

1954 5727 2155 5793 etesiae,
2188 5741 2284 5798 pro
2354 5726 2404 5782 ie
2430 5721 2571 5780 festo
2591 5723 2835 5781 omnium
2879 5732 3203 5792 martyrum.
3233 5717 3520 5774 Commen-
