3725 6125
951 273 1009 330 S.
1051 273 1335 332 ANTONu
1373 275 1446 331 Μ.
1490 277 1780 335 annuis
1821 278 2204 338 EPlsTOLAE.

3082 282 3224 340 1022

197 415 208 452 ι
245 392 568 461 Thesbitcs,
608 400 663 447 et
703 390 929 449 Elismns
971 408 1094 448 cum
1143 393 1368 464 reliquis
1412 410 1538 465 pro-
1568 402 1612 458 Α
1641 398 1707 453 ‹le
1755 408 1872 455 toto
1910 402 2097 467 corde,
2143 411 2200 456 ct
2240 402 2307 457 de
2356 409 2467 456 tota
2509 401 2856 471 cogitatione,
2897 411 2950 456 et
2992 403 3059 458 de
3113 410 3223 458 tota

197 488 292 547 lec
313 485 570 557 cogitetis
602 484 657 539 in
689 482 945 539 cordibus
967 485 1183 552 vestris,
1204 494 1260 540 et
1283 485 1537 556 ancipitis

196 580 307 648 itis,
337 577 590 634 dicentes
624 592 641 631 z
673 573 807 641 Quis
847 574 990 630 valet
1031 574 1178 630 bunc
1209 575 1488 646 suscipere
1514 578 1538 630 ζ’

196 685 351 737 aaut,
391 666 548 725 lilioli
595 666 740 730 mei,
791 680 1135 738 nequaquam
1180 667 1377 724 sinatis
1439 668 1538 724 bas

196 778 311 822 ines
356 761 411 817 lu
463 768 645 814 vestra
698 760 883 815 venire
917 760 1104 826 eorda,
1159 762 1254 815 sed
1310 759 1539 830 quaerite

196 854 435 913 ztitudine
456 851 662 917 cordis,
691 860 746 907 et
763 851 1076 921 suscipietis
1097 851 1248 907 illum
1271 851 1536 923 prolecto.

195 962 285 1004 em
313 944 478 1002 Patet·
519 951 706 999 vester
745 958 850 999 una
880 958 1096 1015 quoque
1127 944 1407 999 vobiscum
1444 944 1534 998 de·

196 1031 257 1095 ro‘
288 1036 445 1095 vobis
492 1050 692 1106 rogans
736 1044 799 1089 ut
827 1034 979 1089 illum
1021 1033 1376 1103 suscipiatis;
1414 1031 1537 1087 novi

220 1146 320 1188 vos
347 1127 626 1201 perlectos
655 1142 798 1194 esse,
829 1126 1093 1197 illumque
1120 1126 1403 1196 suscipere
1440 1140 1538 1179 va·

195 1225 503 1294 Juieunque
542 1221 688 1277 enim
715 1228 892 1276 semet
936 1220 1113 1291 ipsum
1170 1219 1271 1274 bac
1326 1216 1539 1274 cultura

196 1318 365 1375 ibitur
386 1317 435 1374 ei
469 1314 710 1385 Spiritus
745 1314 836 1368 ille
869 1326 1085 1383 semper
1112 1320 1280 1379 atque
1299 1311 1354 1366 in
1384 1318 1541 1364 aeter-

195 1410 260 1468 do
288 1417 472 1464 autem
513 1408 799 1477 quosdam,
876 1406 968 1475 qui
1003 1420 1125 1461 cum
1161 1404 1312 1459 illum
1353 1416 1542 1458 susce-

225 1512 281 1558 et
301 1500 448 1557 lianc
484 1513 591 1552 non
630 1494 994 1566 perfecissent
1027 1494 1323 1560 culturam,
1351 1492 1542 1548 inillis

202 1592 590 1668 permansisse.
620 1591 691 1646 At
720 1588 1192 1656 vos,dilectissimi
1227 1585 1385 1651 milti,
1407 1599 1544 1656 quos

194 1686 326 1758 :upio
341 1693 562 1756 propter
584 1682 957 1739 intellectuum
994 1688 1298 1736 vestrorum
1323 1678 1546 1734 rectitu-

1641 500 1840 556 mente,
1889 502 1945 548 et
1991 493 2059 548 de
2089 502 2200 549 tuta
2235 493 2434 549 virtute
2476 508 2597 561 sna,
2636 493 2888 549 timorem
2935 495 3224 563 consequi-

1641 590 1760 644 tnr;
1787 582 1949 637 timor
1978 589 2159 637 autem
2199 594 2425 653 generat
2458 582 2680 651 fletum3
2710 582 2867 639 fletus
2898 598 3027 638 vero
3056 599 3223 654 gene-

1641 680 1728 725 rat
1764 669 2185 728 fortitudinem:
2228 676 2423 744 quibus
2465 673 2862 729 consummatis
2903 673 2958 728 in
3017 673 3223 736 anima,

1641 764 1849 819 fructus
1882 764 2021 820 leret
2054 766 2107 820 in
2145 767 2420 823 omnibus.
2464 767 2609 823 Deus
2639 775 2821 822 autem
2852 765 3098 837 pulchris
3137 764 3224 821 his

1648 858 1914 915 l'ructibus
1966 859 2017 914 in
2051 862 2233 916 anima
2274 864 2575 932 perspectis
2607 861 2830 916 attrabit
2870 859 3016 915 illam
3059 859 3126 915 ad
3166 874 3225 915 se

1651 957 1909 1021 tanquam
1934 953 2157 1007 odorem
2196 953 2369 1009 tburis
2397 955 2578 1020 electi,
2613 953 2809 1022 illaque
2839 954 3053 1008 laetatur
3097 966 3221 1005 cunt

1641 1044 1846 1113 angelis
1875 1043 2023 1098 omni
2062 1053 2328 1114 tempore,
2378 1045 2652 1116 elargiens
2701 1043 2776 1098 illi
2822 1058 3037 1111 quoque
3090 1041 3223 1095 lat-ti·

1645 1136 1798 1200 tiam,
1826 1149 2056 1206 eantque
2082 1136 2318 1192 custodit
2348 1136 2401 1191 in
2432 1136 2683 1191 omuibus
2713 1136 2812 1189 viis
2838 1134 2975 1205 cius,
3004 1142 3062 1186 ut
3099 1147 3223 1203 pcr-

1641 1217 1821 1282 v'eniat
1857 1228 1925 1282 ad
1965 1227 2143 1284 locum
2189 1243 2302 1284 suae
2347 1228 2593 1299 requici;
2646 1235 2702 1283 et
2752 1242 2857 1282 non
2910 1223 3224 1297 praevalebit

1642 1321 1902 1375 adversus
1934 1333 2053 1376 eam
2082 1320 2349 1384 diabolus,
2378 1321 2570 1376 videns
2588 1319 2904 1375 altissimum
2934 1316 3217 1373 custodem

1646 1410 1791 1465 illam
1848 1411 2320 1477 circumdantem
2362 1410 2568 1466 idcirco
2610 1409 2815 1464 bomini
2858 1407 2932 1462 illi
2966 1406 3224 1461 accedere

1645 1516 1872 1571 prorsus
1923 1502 2097 1569 timet,
2147 1503 2218 1555 ob
2268 1516 2519 1572 magnam
2572 1499 2718 1554 illam
2761 1498 3040 1553 virtutem.
3072 1494 3225 1550 Nunc

1646 1606 1852 1657 autem,
1908 1593 2250 1650 dilectissimi
2305 1594 2410 1648 mei
2460 1595 2510 1648 in
2568 1593 2819 1655 Domino,
2869 1604 3004 1661 quos
3053 1586 3226 1655 diligit

1652 1689 1833 1744 anima
1861 1701 1979 1745 mea
2011 1690 2269 1758 novitque
2295 1702 2419 1743 csse
2449 1684 2544 1740 Dei
2581 1694 2875 1750 amatores,
2913 1690 3227 1751 comparate

200 1774 475 1850 Ρθῐῦῖδῑὶῑθ
512 1776 568 1830 ῙΙΙ
608 1775 863 1844 precibus
911 1787 1034 1828 ⁰⁰¹⁰
1075 1770 1445 1828 ΒΟΙΙῑῡῑῑῑῑᾶῑΙΙθ
1473 1785 1541 1823 0¹
1575 1756 1619 1816 Β
1649 1778 1801 1834 vobis
1839 1778 2095 1833 virtutem
2142 1778 2303 1842 lianc,
2338 1786 2398 1831 ut
2444 1785 2678 1847 paveant
2709 1790 2806 1829 vos
2846 1775 3139 1836 daemoueS,
3174 1779 3228 1825 ct

194 1869 383 1929 :dibus
422 1870 656 1936 vestris,
704 1877 758 1923 et
799 1868 1020 1924 dabitur
1066 1867 1260 1924 vobis.
1307 1865 1545 1935 Spiritus

194 1989 199 2013 ι
233 1962 325 2020 ille
366 1960 421 2017 in
447 1960 703 2018 cordidus
733 1958 1008 2016 inhabitat
1048 1958 1234 2015 rectis.
1273 1957 1377 2025 Qui
1411 1970 1545 2011 sane

194 2054 513 2112 ”revelabit
531 2053 684 2110 vobis
703 2052 918 2132 excelsa
941 2066 1165 2118 arcana,
1187 2050 1361 2106 aliave
1381 2064 1543 2119 quam

195 2162 277 2204 ιιι
313 2145 524 2214 charta,
565 2144 777 2201 calamo
809 2152 1227 2215 atramentoque
1271 2155 1545 2211 exponere

193 2252 284 2307 σος
316 2247 374 2294 et
404 2237 674 2294 amovebit
698 2251 729 2291 a
759 2236 915 2292 vobis
955 2235 1206 2292 timorem
1238 2234 1542 2300 bominum,

193 2346 367 2398 arum,
397 2337 453 2386 et
480 2329 806 2386 charitatum
855 2328 1198 2396 aliorumque
1237 2324 1540 2396 ejusmodi3

193 2424 324 2481 'obis
345 2422 567 2480 coeleste
600 2422 850 2492 gaudium
886 2429 1046 2476 noctu
1086 2422 1310 2490 diuque,
1355 2416 1543 2474 eritis-

199 2514 301 2572 boc
341 2526 571 2583 corpore
618 2522 878 2581 tanquam
915 2510 991 2565 illi
1030 2511 1120 2580 qui
1150 2509 1266 2579 jam
1312 2517 1442 2563 sunt
1487 2508 1542 2562 in

192 2608 296 2665 Nec
350 2620 452 2677 pro
502 2604 787 2661 animabus
821 2604 1021 2660 vestris
1077 2600 1344 2672 rogabitis
1401 2600 1542 2655 dun-

191 2715 367 2758 rernm
395 2700 562 2756 etiam
589 2710 689 2768 pro
722 2695 867 2761 aliis,
898 2710 1021 2749 cum
1050 2695 1363 2763 quicunqne
1400 2692 1546 2747 bunc

192 2793 263 2848 rit
309 2792 598 2860 Spiritum,
629 2803 727 2860 pro
788 2804 849 2844 se
893 2799 1085 2857 rogare
1139 2784 1282 2840 baud
1341 2781 1545 2853 indiget

191 2902 217 2949 ·.,
236 2882 331 2939 sed
359 2894 458 2952 pro
489 2880 633 2936 aliis.
647 2876 1116 2948 Quemadmodum
1149 2871 1539 2945 l'ecitssoyses;

192 2990 213 3030 a
246 2974 397 3031 bunc
427 2973 666 3044 suscepit
700 2970 963 3042 Spiritum
986 3008 1004 3036 ,
1048 2967 1258 3037 rogavit
1309 2982 1409 3037 pro
1446 2982 1542 3036 po·

1648 1868 1930 1926 laboribus
1969 1883 2104 1939 quos
2145 1867 2427 1939 peragitis,
2472 1866 2747 1932 leventini,
2781 1876 2835 1920 ct
2866 1864 3043 1919 divina
3072 1862 3227 1918 vobis

1648 1959 1968 2017 dulcescant
1998 1975 2015 2014 ε
2045 1958 2313 2029 siquidem
2359 1958 2528 2016 divini
2582 1957 2788 2013 amoris
2835 1956 3058 2012 dulcedo
3104 1954 3228 2011 savo

1654 2053 1811 2124 longe
1838 2053 2050 2109 dulcior
2076 2061 2179 2108 est.
2223 2052 2370 2109 Multi
2396 2067 2528 2109 sane
2559 2068 2628 2109 ex
2661 2052 2943 2107 monacbis
2976 2058 3031 2106 et
3055 2049 3225 2122 virgi·

1648 2146 1806 2200 nibus
1844 2145 1939 2216 qui
1982 2145 2033 2199 in
2067 2144 2573 2215 congregationibus
2606 2151 2751 2209 sunt,
2802 2156 2927 2198 cum
2967 2141 3108 2197 banc
3154 2140 3232 2195 di-

1651 2235 1759 2290 vini
1793 2235 1998 2291 annot-is
2025 2235 2364 2292 dulcedinem
2402 2236 2626 2292 minime
2662 2235 3077 2307 degustassent,
3128 2249 3230 2290 nec

1649 2327 1890 2384 divinam
1922 2327 2290 2384 tortitudinem
2319 2337 2505 2385 essent
2527 2329 2828 2393 consecuti,
2848 2325 3227 2394 autumabant,

1646 2435 1707 2476 se
1725 2435 1844 2477 eam
1861 2419 1976 2490 jam
2030 2430 2218 2477 nactos
2246 2436 2388 2489 esse,
2420 2436 2583 2493 quam
2619 2429 2798 2476 tamen
2822 2419 3019 2475 lucrari
3049 2418 3225 2474 haud·

1649 2528 1920 2584 quaquam
1951 2524 2079 2569 sunt
2104 2514 2287 2569 conati
2322 2530 2338 2568 ε
2375 2514 2604 2585 ideoque
2625 2513 2848 2569 minime
2884 2527 3004 2569 eam
3030 2510 3228 2584 elargi-

1647 2613 1734 2659 tus
1767 2614 1851 2662 est
1886 2605 1997 2661 illis
2043 2606 2207 2661 Deus.
2252 2604 2504 2663 l‘rol'eeto
2547 2606 2690 2662 enim
2724 2606 3036 2676 quicunque
3078 2602 3226 2659 illam

1647 2697 1848 2755 lucrari
1876 2707 2130 2765 conatur,
2171 2711 2292 2753 eam
2319 2698 2678 2769 consequitur
2700 2697 2795 2754 Dei
2825 2697 3176 2753 concessione
3206 2710 3223 2750 z

1604 2813 1609 2817 ·
1646 2791 2469 2862 quandoquidem'personarum
2523 2805 2628 2846 non
2656 2800 2741 2845 est
2765 2797 3019 2859 acceptor
3046 2788 3226 2855 Deum

1647 2898 1834 2938 verum
1864 2882 2120 2938 omnibus
2142 2883 2196 2937 in
2224 2882 2691 2954 generationibus,
2722 2881 3077 2953 generatione
3109 2890 3232 2953 post

1648 2977 2055 3050 generationem
2079 3015 2097 3042 ,
2158 2976 2308 3031 illam
2370 2975 2601 3047 largitur
2664 2972 3013 3045 operantibus
3060 2986 3224 3041 opera

192 3083 291 3126 ΟΜ
312 3070 457 3126 ⁰0⁰²
488 3067 549 3126 3¹⁶
575 3067 875 3138 481181·άέΓῆ
895 3060 1142 3130 ‘moda‘
1167 3077 1354 3117 ”Omffl
1371 3077 1540 3116 meum
1570 3096 1614 3156 C
1649 3073 1811 3128 illius.
1843 3070 2022 3137 Nunc,
2047 3070 2385 3128 dilectissimi
2417 3071 2523 3126 mei
2551 3070 2606 3125 in
2639 3067 2879 3135 Christo,
2914 3067 3054 3124 bene
3088 3066 3225 3133 scio,

198 3163 393 3220 ritae⁸⁸.
426 3159 705 3232 Ejusmodi
739 3171 958 3229 quoque
978 3163 1062 3211 est
1093 3154 1404 3224 deprecatio
1426 3167 1541 3206 otn-

191 3264 471 3318 inctorum,
497 3253 844 3319 aliorumque
871 3250 965 3322 qui
1002 3248 1068 3302 ad
1104 3247 1247 3301 bunc
1278 3259 1545 3315 pervenu—

192 3347 460 3408 rminutu,
512 3356 654 3411 quos
711 3338 1033 3405 nominatim
1090 3348 1382 3391 recensere
1431 3349 1539 3389 non

191 3455 291 3497 vos
317 3448 453 3495 uero
486 3446 613 3486 eum
641 3429 923 3497 sapientes
949 3428 1096 3494 sitis,
1127 3441 1223 3482 eos
1267 3424 1550 3496 cognosci⁴
1584 3452 1590 3457 -

190 3549 202 3581 t
232 3534 418 3578 autem
464 3516 777 3588 deprecatio
805 3525 965 3573 noctu
991 3518 1192 3586 diuque
1222 3524 1327 3581 est,
1358 3529 1418 3570 ut
1470 3515 1543 3568 sit

189 3634 207 3670 ι
240 3612 556 3683 magnitudo
591 3609 825 3680 Spiritus
862 3609 1058 3682 hujus',
1093 3624 1254 3680 quem
1289 3624 1541 3680 suscepe-

189 3706 293 3761 ncti
315 3716 523 3762 omnes.
554 3703 834 3772 Equidem,
869 3702 1017 3759 lilioli
1045 3703 1148 3758 mei
1177 3701 1541 3766 dilectissimi,

189 3813 253 3852 tm
287 3793 566 3868 epistolam
605 3793 742 3849 hanc
782 3795 1114 3863 scripseram
1138 3830 1155 3860 ,
1198 3793 1404 3864 Spiritu
1447 3790 1540 3847 Dei

189 3904 316 3955 tum,
348 3894 406 3942 ut
437 3885 725 3942 scriberem
769 3887 924 3943 vobis
976 3887 1030 3942 in
1081 3886 1242 3957 liujus
1278 3885 1429 3941 calce
1472 3884 1538 3939 de

227 3984 332 4040 boc
389 3984 574 4054 igneo,
603 3994 766 4055 atque
802 3985 873 4040 de
910 3984 1092 4039 divina
1137 3982 1422 4039 charitate.
1472 3980 1543 4036 At

189 4088 311 4131 aero
345 4074 414 4129 ad
433 4089 529 4130 vos
554 4074 762 4130 Dortiini
786 4088 911 4145 ope,
934 4073 1040 4130 alia
1060 4089 1221 4144 quam
1242 4074 1396 4144 plura
1415 4082 1542 4128 nota

189 4168 337 4224 iciam
363 4169 431 4224 de
458 4168 561 4223 boc
591 4167 821 4238 Spiritu,
855 4176 996 4223 utea
1025 4169 1208 4225 omnia
1236 4180 1543 4237 consequa·

189 4259 651 4329 Quemadmodum
705 4274 838 4315 vero
891 4259 1126 4317 salutem
1177 4261 1332 4318 vobis
1386 4259 1543 4314 initio

189 4367 204 4409 ε
233 4352 400 4422 liujus
430 4367 550 4408 sum
581 4352 922 4424 impertitus;
955 4353 1214 4410 similiter
1238 4352 1360 4408 dico
1388 4350 1542 4404 vobis

1649 3182 1742 3221 vos
1765 3165 1933 3221 Deum
1958 3164 2181 3235 diligere
2202 3181 2218 3230 ;
2249 3178 2437 3220 verum
2465 3163 2719 3234 satagite,
2742 3167 2799 3216 ut
2824 3161 2876 3215 id
2908 3158 2982 3216 sit
3004 3173 3073 3215 ex
3095 3157 3223 3214 totis

1646 3259 1904 3313 cordibus
1932 3257 2167 3325 vestris3
2197 3255 2251 3310 in
2282 3269 2391 3326 quo
2424 3254 2642 3326 quidem
2675 3253 2885 3310 lactatur
2900 3267 2995 3334 cot·
3021 3266 3221 3318 meum,

1646 3357 1704 3403 ut
1736 3347 1966 3404 valeatis
1993 3346 2243 3403 obtinere
2267 3346 2525 3401 virtutem
2553 3343 2672 3407 Dei,
2721 3353 2777 3400 et
2807 3343 3068 3412 reliquum
3101 3344 3224 3398 vitae

1646 3447 1838 3495 vestrm
1856 3455 1977 3494 cum
2000 3439 2197 3509 gaudio
2216 3445 2271 3493 et
2306 3436 2492 3492 laetitia
2520 3435 2840 3501 transigere,
2862 3443 2914 3488 et
2935 3441 2996 3489 ut
3020 3431 3223 3489 leviora

1648 3533 1802 3589 vobis
1833 3532 2126 3587 reddantur
2154 3545 2320 3601 opera
2360 3527 2593 3588 Domini,
2631 3542 2753 3581 cum
2782 3526 2953 3581 virtus
2980 3540 3100 3597 quoe
3127 3524 3225 3580 bo·

1655 3623 1787 3678 mini
1826 3622 2022 3688 datur,
2066 3637 2128 3677 ea
2170 3622 2282 3692 ipsa
2317 3622 2389 3677 sit
2427 3635 2549 3692 quae
2583 3618 2729 3673 illum
2770 3617 2952 3688 dirigit
2994 3616 3061 3671 ad
3101 3615 3221 3672 loca

1648 3715 1853 3785 requiei
1876 3755 1891 3778 ,
1946 3713 2205 3784 illumque
2245 3713 2485 3769 custodit
2546 3725 2827 3782 quousque
2884 3715 3218 3780 pertranseat

1647 3820 1839 3860 omnes
1875 3820 2064 3859 aereas
2097 3805 2356 3869 virtuteS,
2417 3801 2559 3858 sicut
2588 3801 2666 3856 ait
2695 3799 2983 3856 Psaltnus:
3024 3796 3219 3855 Beatus

1645 3898 1745 3964 vir,
1769 3913 1858 3967 qut
1886 3896 2103 3964 complet
2125 3895 2440 3950 desiderium
2467 3910 2621 3948 suum
2643 3909 2709 3949 ex
2742 3895 2908 3964 ipsiu
2939 3901 3063 3946 tunc
3083 3889 3222 3945 enim

1647 4003 1750 4040 non
1779 3985 2154 4056 confundetur,
2194 4001 2312 4040 rum
2360 3985 2660 4057 alloquetur
2708 3986 2951 4040 inimicos
2988 3999 3110 4038 suos
3147 3979 3219 4036 ‘in

1642 4082 1809 4152 portis
1828 4081 1899 4139 ⁸³.
1928 4081 2134 4137 Scitote
2168 4080 2371 4148 itaque,
2406 4078 2554 4133 lilioli
2590 4078 2715 4144 mei,
2740 4078 2882 4147 quod
2905 4080 3030 4131 dunt
3059 4077 3223 4132 babet

1646 4174 1813 4229 bomo
1844 4172 2025 4229 lumen
2047 4171 2139 4227 Dei
2159 4171 2522 4238 virtutemque
2544 4169 2680 4239 ejus,
2709 4169 2995 4238 opprobria
3035 4167 3218 4222 mnndi

1655 4264 1814 4334 ltuJus
1845 4265 2150 4321 contemnit
2192 4271 2353 4331 atque
2378 4263 2543 4317 etiam
2574 4262 2811 4317 bonores
2845 4259 2985 4330 ejus,
3018 4269 3075 4315 et
3097 4259 3223 4315 odio

1646 4358 1811 4413 babet
1841 4356 2025 4414 omnia
2058 4371 2179 4429 quae
2223 4367 2350 4412 sunt
2399 4357 2452 4411 in
2490 4357 2592 4411 boc
2620 4354 2844 4420 mundo,
2874 4362 2930 4409 et
2975 4352 3223 4425 corporis

218 4443 273 4498 in
309 4442 579 4499 charitate
607 4441 824 4499 Domini
867 4442 919 4497 in
964 4443 1072 4499 fine
1095 4442 1241 4498 illius
1261 4459 1354 4513 per
1389 4443 1534 4496 butte
1571 4451 1612 4506 D
1644 4449 1888 4518 requiem
1910 4489 1928 4517 ,
1971 4451 2339 4522 emundatque
2363 4464 2457 4504 cor
2485 4463 2641 4504 suum
2682 4446 2749 4503 ab
2777 4445 3030 4502 omnibus
3064 4444 3223 4502 malis

189 4550 225 4588 n
270 4534 515 4607 igneum,
564 4548 726 4605 quem
795 4535 1138 4604 suscepimus
1181 4550 1281 4604 ego
1333 4544 1388 4591 et
1439 4550 1538 4590 vos

188 4628 409 4682 hmini.
452 4627 601 4699 Rogo
641 4628 858 4683 demum
915 4643 1045 4692 νος,
1102 4635 1161 4681 ut
1221 4627 1540 4697 relinquatis

188 4718 529 4775 ¹sensualem
562 4718 894 4774 voluntatem
917 4759 932 4782 ,
974 4727 1030 4773 et
1067 4718 1235 4788 quieti
1289 4718 1539 4774 omuibus

192 4811 520 4876 ucumbatis,
553 4818 613 4867 ut
645 4810 952 4866 inltabitent
994 4811 1137 4880 apud
1183 4825 1280 4866 vos
1312 4809 1538 4865 excelsae

221 4901 378 4972 liujus
410 4893 650 4973 Spiritus
705 4903 878 4958 sancti
919 4902 1123 4967 afflatu,
1177 4917 1335 4972 opem
1383 4901 1537 4957 vobis

187 5006 198 5048 ι
239 4993 306 5048 ad
350 4994 691 5064 operandum
742 4992 897 5061 juxta
960 4992 1291 5047 voluntatem
1335 5002 1538 5047 sanctae

187 5089 265 5153 is,
300 5086 500 5151 Patris,
535 5095 591 5142 ct
620 5085 767 5150 Filii,
803 5097 857 5142 et
893 5085 1132 5157 Spiritus
1180 5085 1355 5140 sancti
1390 5101 1405 5138 :
1446 5085 1533 5142 cui

187 5195 317 5253 uper
351 5182 404 5236 in
436 5192 720 5237 aeternnm.

524 5268 855 5326 sst‘tstoba
877 5270 968 5326 tx,

186 5342 243 5394 :is
260 5342 564 5395 monachis:
583 5353 757 5395 uotum
775 5345 848 5396 eis
867 5343 996 5410 [ecit
1014 5358 1309 5396 mensuram
1327 5342 1536 5397 virtutis

188 5429 205 5465 ι
234 5415 459 5468 sanctis.
477 5411 743 5465 Hortatur
772 5428 860 5467 eos
873 5423 1129 5480 proeterea
1155 5415 1223 5467 nd
1253 5413 1400 5468 illum
1419 5430 1539 5467 corr·

185 5487 360 5546 ndum,
374 5494 428 5536 ut
445 5484 713 5536 obtineant
733 5499 945 5554 requam
961 5486 1349 5552 sempiternum.
1368 5482 1535 5540 Dixit:

185 5575 378 5631 tissimi
411 5575 465 5631 in
491 5573 745 5641 Domino,
794 5575 841 5630 si
879 5565 1042 5631 Ιιὸιιιο
1084 5574 1253 5633 Deutn
1282 5577 1533 5635 dilexerit

189 5736 279 5793 od.
309 5750 482 5808 sun,
521 5733 610 5792 52.
689 5733 735 5768 ⁸⁸
757 5733 898 5793 Psal.
933 5751 1116 5803 cxxvi,
1148 5735 1203 5797 5.

1643 4537 2106 4608 cogitationibus;
2159 4549 2269 4593 tum
2311 4537 2575 4609 jejunium
2629 4537 2789 4594 offert
2845 4546 2899 4594 et
2955 4537 3227 4610 lacrymas

1643 4637 1806 4685 noctu
1841 4629 2080 4700 diuque,
2132 4646 2230 4686 nec
2264 4646 2372 4686 non
2415 4646 2580 4701 puras
2629 4645 2862 4701 preces:
2918 4644 3086 4700 quare
3114 4629 3228 4686 lar-

1641 4724 1819 4794 gietur
1850 4722 2099 4784 ei,l)eus
2135 4725 2389 4779 virtutem
2440 4723 2620 4780 illam.
2662 4722 2883 4794 ltaque,
2925 4721 3075 4777 lilioli
3114 4723 3225 4779 inei

1643 4817 1947 4882 benedicti,
2000 4816 2143 4872 banc
2185 4818 2437 4874 obtinere
2482 4819 2738 4873 virtutem
2783 4816 3053 4887 satagite,
3109 4830 3218 4886 qua

1644 4910 1918 4965 mediante
1937 4909 2297 4980 operablmini
2313 4910 2491 4965 omnia
2513 4925 2678 4980 opera
2697 4917 2877 4966 vestra
2896 4924 3022 4964 cum
3035 4909 3221 4980 requie

1642 5010 1698 5055 ct
1741 5001 2031 5068 levamine,
2068 5017 2427 5074 magnamque
2466 5003 2854 5059 nanciscentini
2894 5017 3082 5058 coram
3115 5002 3223 5059 Do-

1645 5094 1792 5148 tniuo
1840 5093 2126 5165 liduciam,
2168 5104 2223 5151 et
2277 5094 2517 5166 implebit
2558 5096 2714 5153 vobis
2764 5109 2958 5152 omnes
3012 5102 3223 5150 vestras

1643 5187 1953 5257 petitiones.
2004 5186 2269 5244 Praeterea
2326 5190 2525 5245 scitote
2574 5190 2720 5260 quod
2776 5188 2933 5260 plura
2977 5187 3217 5243 scribere

1643 5279 1797 5334 vobis
1829 5279 1993 5336 verba
2023 5280 2374 5338 decreveram
2402 5281 2473 5337 ob
2493 5296 2671 5337 meam
2709 5297 2839 5354 erga
2873 5297 2971 5339 vos
2987 5281 3223 5337 charita

1645 5386 1777 5446 tem,
1811 5394 2000 5434 verum
2033 5381 2185 5437 brevi
2210 5385 2309 5437 bac
2338 5383 2572 5453 epitome
2593 5392 2880 5442 contentus
2903 5383 3002 5442 l'ui.
3032 5383 3218 5440 Domi-

1643 5494 1769 5534 num
1823 5486 2004 5538 autem
2055 5481 2317 5552 deprecor
2354 5479 2542 5540 lesum
2601 5482 2927 5552 Christum,
2976 5491 3036 5540 ut
3083 5496 3213 5540 eatn

1642 5580 1939 5642 constituat
1962 5583 2029 5657 ‘in
2069 5595 2301 5644 vestram
2347 5586 2577 5645 salutem
2618 5595 2673 5644 et
2715 5586 2994 5660 gaudium.
3043 5586 3119 5656 Qu
