3725 6125
171 316 338 370 t7.

1588 312 1978 368 PRAEFaTtO.

161 430 517 488 notissimum
541 436 619 483 est
650 428 906 482 onmihns
954 428 1042 497 qni
1078 428 1160 479 vet
1187 426 1215 477 t.
1238 428 1372 481 viter
1401 426 1501 480 hoc
1542 426 1747 481 studio·
1772 430 1822 488 Α
1853 433 2239 480 commentum.
2268 422 2619 493 Carpathium
2666 437 2793 479 vero
2820 432 2877 479 et
2902 426 3346 481 commentarium
3376 428 3428 482 in

166 537 293 577 rum
317 535 486 590 genus
518 518 818 587 attigerint.
855 516 1063 588 Lapsus
1096 533 1222 571 vern
1261 518 1536 574 memoriae
1565 518 1617 571 in
1649 533 1744 571 an·

168 612 417 667 ctoribns
485 609 827 665 nominandis
892 607 1168 678 complura
1255 606 1433 663 all'erri
1525 618 1750 679 possunt

183 702 444 769 exempla.
474 701 747 756 Melchiori
778 699 925 755 Cano
951 700 1050 772 (a),
1073 711 1123 753 et
1145 699 1405 755 Garnerio
1437 700 1533 771 (h),
1568 698 1736 768 suspi-

175 798 260 851 cio
289 795 381 848 snit
408 793 731 862 Gregorium
755 791 1004 862 Magnum
1033 790 1103 860 (c)
1123 807 1217 862 pro
1247 791 1548 846 Sozomeno
1567 792 1745 846 Thon-

176 887 409 941 doretum
467 885 746 954 posuisse;
776 883 841 937 de
887 898 995 952 quo
1043 884 1318 937 nictum-ize
1380 883 1524 961 lapsu
1563 883 1744 938 Fahri·

168 981 283 1035 cius
311 978 390 1048 (d)
422 994 528 1031 nou
569 977 896 1046 suspicatur,
933 975 1035 1030 -scd
1070 993 1169 1028 mm
1219 974 1430 1029 dubium
1467 992 1576 1029 esse
1603 972 1744 1027 affir-

164 1081 294 1136 mat,
325 1069 648 1140 Gregorium
683 1066 915 1124 voluisse
967 1066 1365 1121 Theodoretum
1420 1082 1515 1133 pro
1575 1068 1743 1121 Sozo-

160 1176 323 1217 meno
363 1159 564 1216 dicere.
611 1159 728 1227 Quo
766 1159 816 1214 i'n
845 1159 962 1215 loco
997 1159 1231 1214 Fabricii
1261 1161 1411 1227 ptura
1447 1159 1551 1213 alia
1589 1174 1744 1228 repe-

159 1253 274 1310 rias
306 1252 570 1322 ejusmodi
610 1252 795 1323 lapsus
843 1251 1114 1322 exempla.
1163 1251 1226 1305 Et
1264 1260 1416 1306 certe
1456 1261 1560 1305 tam
1603 1265 1744 1318 swpe

159 1344 214 1399 id
245 1344 463 1410 accidit,
512 1355 567 1398 ut
601 1344 668 1399 de
720 1341 1023 1411 hujusmodi
1071 1341 1333 1410 exeutp!is
1383 1342 1745 1413 Hieronymus

162 1436 507 1493 Tartarottus
534 1434 604 1507 (e)
629 1437 823 1490 librum
867 1439 985 1491 sive
1016 1435 1457 1491 dissertationem
1479 1436 1746 1489 conticere

160 1528 420 1597 potuerit.
455 1526 722 1582 Praeterea
779 1536 830 1580 ct
871 1525 1000 1581 illud
1056 1525 1252 1595 aliquis
1287 1539 1483 1594 urgere
1534 1524 1740 1594 possit;

159 1618 302 1688 qnod
327 1632 423 1671 nos
453 1617 519 1670 ad
569 1615 981 1685 explicationem
1033 1615 1404 1669 Philonianam
1457 1629 1606 1667 num.
1637 1612 1748 1667 22⁸2

163 1708 563 1771 adnotavimus,
588 1706 766 1774 quoin
793 1704 912 1761 loco
945 1704 1142 1758 locutio
1166 1706 1432 1774 reperitur
1453 1702 1518 1756 de
1542 1701 1741 1766 Verbo,

171 1812 336 1866 quam
381 1797 713 1865 Epiphanius
765 1798 954 1852 haeresi
991 1813 1193 1862 mxxi-tt,
1228 1812 1376 1850 num.
1405 1794 1498 1859 29,
1529 1793 1743 1847 videtur
1776 1772 1815 1827 B

175 1888 532 1958 improbasse.
569 1887 678 1942 Nec
720 1889 910 1959 aliquis
943 1889 1173 1944 sortasse
1219 1887 1471 1950 deluerit,
1500 1887 1591 1957 qui
1661 1901 1744 1940 re-

175 1979 413 2049 spiciens
441 1979 509 2032 ad
540 1978 845 2033 cassiodori
902 1978 1191 2033 chronicon
1216 1988 1269 2033 et
1292 1977 1633 2046 Tripartitam
1658 1977 1735 2030 lti-

170 2073 415 2137 storinm,
440 2071 706 2140 judicium
752 2069 867 2141 ejus
902 2071 1202 2136 desideret3
1251 2072 1334 2145 cui
1369 2079 1648 2140 propterea
1687 2070 1740 2124 iu

173 2162 295 2218 aliis
328 2177 549 2233 quoque
577 2162 738 2216 rebus
785 2161 838 2215 in
870 2160 1070 2230 quihus
1100 2160 1281 2215 critica
1311 2170 1396 2215 est
1450 2175 1595 2231 opus,
1636 2174 1738 2213 non

172 2265 343 2311 tutum
373 2268 498 2309 csse
527 2252 827 2307 arbitretur
845 2253 1072 2307 omnino
1097 2251 1276 2305 lidere.

237 2346 344 2404 Sed
381 2345 746 2415 Epiphaniani
795 2343 1173 2400 commentarii
1211 2344 1602 2398 eruditissimus
1622 2342 1743 2397 edi·

163 2446 247 2493 tor
267 2438 335 2492 ad
374 2436 517 2491 hanc
547 2437 932 2490 removendam
974 2431 1329 2488 difficultatem
1365 2434 1524 2487 alian·
1557 2433 1738 2504 ingre-

157 2529 303 2585 ditur
332 2528 474 2582 viam
519 2542 535 2581 :
587 2524 850 2590 Primum,
918 2525 1363 2580 commemartmn
1416 2525 1647 2594 aliquem
1684 2526 1750 2579 in·

158 2615 430 2673 Canticum
460 2614 787 2668 canticorum
835 2628 864 2668 a
917 2612 1142 2667 Philone
1185 2614 1435 2683 quopiam
1465 2618 1740 2685 composi-

159 2715 268 2762 tum
292 2704 448 2759 facile
467 2702 743 2759 concedit.
766 2703 975 2759 Etsane
993 2702 1190 2758 Suidas
1208 2704 1260 2757 iu
1296 2704 1485 2759 Leoeico
1506 2722 1524 2760 :
1542 2706 1737 2774 Φίλων,

158 2799 256 2862 ait,
273 2794 591 2868 Καρπάθιος
622 2794 858 2867 ἔγραψεν
882 2794 1180 2866 ὑπόμνημα
1202 2798 1288 2860 εἰς
1311 2796 1377 2849 τὸ
1398 2791 1600 2867 ’ᾼσμα
1622 2796 1741 2851 τῶν

167 2888 450 2959 ᾀσμάτων
471 2901 488 2917 ·
532 2884 684 2941 Philo
721 2886 1037 2955 Carpathius
1072 2886 1278 2956 scripsit
1307 2890 1738 2943 commentarium

165 2984 216 3035 iu
233 2980 511 3037 Canticum
537 2979 886 3033 canticorum.
901 2976 1164 3040 Praeterea
1184 2977 1409 3032 Cosmas
1427 2978 1734 3050 AEgyptiuS.

1852 532 1976 573 eum
2010 514 2205 570 librum
2235 513 2539 585 scripsisse,
2570 522 2625 569 et
2665 513 2815 584 plura
2874 530 2939 570 cx
2969 514 3252 586 Epiphauii
3283 531 3431 573 cotu-

1851 608 2122 663 mentario
2153 614 2403 677 excerpta
2436 604 2488 659 in
2524 620 2682 660 suum
2716 607 3185 669 commentarium,
3220 608 3269 662 in
3315 608 3432 676 epi-

1855 711 2036 757 tomen
2073 700 2310 762 redacta‚
2350 698 2667 755 inseruisse.
2700 697 2897 755 Verum
2947 700 3281 771 probandum
3316 700 3428 755 lue-

1850 803 1935 848 rat
1966 793 2141 861 primo
2171 800 2385 847 exstare
2410 793 2642 863 aliquem
2664 802 2755 847 aut
2775 794 3050 850 exstitisse
3078 794 3179 849 sub
3208 794 3426 850 nomine

1851 884 2097 939 Philonis
2132 883 2185 937 in
2218 883 2437 938 Cantica
2480 885 2805 938 canticorum
2850 884 3118 947 eiusmodi
3145 898 3427 939 commen·
3479 875 3488 884 ”

1849 978 2068 1043 tarium,
2102 976 2193 1048 qui
2224 975 2482 1047 pleraque
2525 975 2627 1045 ipsi
2652 975 2858 1031 Philoni
2888 975 3102 1045 propria
3128 984 3185 1029 et
3215 974 3284 1030 ab
3312 973 3429 1044 ejus

1847 1068 2064 1139 ingenio
2122 1067 2361 1137 prosecta
2399 1067 2719 1130 contineret,
2772 1076 2827 1120 et
2875 1070 2941 1121 ab
2973 1066 3037 1122 iis
3065 1066 3276 1122 diversa
3306 1080 3427 1136 qum

1848 1161 1902 1216 iu
1930 1160 2307 1230 Epiphaniauo
2329 1158 2721 1215 commentario
2752 1157 3110 1226 reperiuntur.
3135 1156 3338 1214 Deinde
3360 1171 3423 1213 ea

1847 1250 2042 1307 afferre
2098 1267 2233 1322 opus
2266 1251 2462 1316 suerat,
2524 1264 2645 1320 quae
2683 1248 2835 1304 Philo
2873 1263 2939 1303 ex
2978 1248 3273 1319 Epiphanio
3326 1262 3425 1302 ex·

1845 1349 2031 1411 eerpta
2056 1341 2109 1395 in
2138 1355 2294 1396 suum
2346 1337 2793 1394 commentarium
2828 1336 2918 1392 vel.
2956 1336 3237 1392 decurtata
3260 1336 3341 1391 vel
3370 1336 3422 1391 iu

1846 1433 2222 1502 compendium
2284 1431 2498 1487 redacta
2541 1428 2900 1485 transtulerit.
2955 1428 3062 1484 Sed
3110 1427 3196 1483 vir
3237 1426 3426 1484 doctus

1846 1534 2096 1581 neutrum
2130 1534 2387 1594 praestare
2414 1524 2608 1594 potuit.

1920 1616 2031 1671 lmo
2062 1631 2189 1671 vero
2216 1616 2260 1672 si
2281 1615 2458 1672 Graeci
2488 1615 2864 1673 commentarii
2899 1614 3052 1687 copia
3098 1614 3175 1670 illi
3208 1614 3421 1679 suisset,

1847 1706 2097 1775 profecto
2122 1706 2551 1778 Epiphanianum
2581 1705 3032 1762 commentarium
3055 1704 3430 1776 perspexisset.

1845 1797 2090 1853 Latinam
2124 1814 2248 1855 esse
2300 1798 2602 1854 Philoniaui
2658 1798 2833 1854 Graeci
2890 1796 3230 1862 versiouent;
3263 1806 3316 1850 et
3368 1795 3421 1848 in

1843 1889 2032 1946 Graeco
2059 1891 2245 1945 eadem
2268 1890 2430 1962 plane
2454 1891 2568 1945 loca
2602 1889 2889 1960 reperisset
2923 1891 3150 1961 integra,
3186 1902 3305 1958 quae
3336 1885 3424 1942 ilie

1843 1990 2046 2034 catenoe
2081 1978 2297 2034 Meursii
2328 1988 2383 2034 et
2414 1978 2685 2035 Vaticanae
2741 1977 2905 2034 nimis
2939 1977 3200 2040 conlisus.
3230 1976 3419 2031 existi·

1843 2069 2012 2122 mavit
2067 2067 2340 2124 Philonem
2378 2068 2515 2124 sacta
2575 2068 2821 2125 breviora
2872 2068 2925 2123 in
2974 2065 3420 2124 commentarium

1841 2174 1995 2215 sunm
2028 2160 2381 2231 compegisse.

1914 2251 2125 2307 Primus
2168 2252 2311 2307 enim
2364 2251 2514 2307 locus
2562 2261 2646 2307 est
2676 2250 2747 2322 (k)
2778 2250 2867 2320 qui
2916 2249 3112 2320 legitur
3145 2250 3196 2303 in
3229 2247 3424 2302 Latino

1841 2345 2230 2401 eotnmentario
2289 2361 2343 2417 p.
2375 2345 2458 2413 ll,
2509 2345 2601 2400 lin.
2636 2345 2723 2409 t9,
2770 2359 2929 2416 quem
2997 2345 3217 2399 totidem
3243 2341 3423 2398 verbis

1841 2438 1996 2493 affert
2027 2454 2093 2493 ex
2152 2436 2376 2495 Philone
2411 2439 2638 2494 Cosmas
2671 2436 2955 2508 AEgyptins
3014 2435 3101 2507 (l).
3163 2433 3269 2489 Sed
3315 2448 3419 2489 nou

1843 2541 1990 2585 recte
2010 2545 2075 2585 ea
2102 2539 2185 2585 cst
2208 2529 2603 2599 argumentatio
2620 2528 2874 2584 conclusa
2919 2545 2935 2581 ε
2967 2526 3021 2580 ln
3044 2524 3412 2595 Epiphaniano

1840 2623 2234 2678 commentario
2255 2636 2318 2677 ea
2359 2620 2599 2676 Philonis
2623 2619 2785 2675 verba
2808 2619 2998 2674 Latine
3038 2617 3243 2673 reddita
3267 2630 3418 2684 repc-

1843 2714 2071 2769 riuutnr.
2106 2712 2253 2769 Philo
2310 2712 2475 2783 igitur
2524 2728 2586 2769 ea
2633 2727 2698 2768 ex
2753 2711 3053 2783 Epiphanio
3103 2707 3411 2778 desumpsit.

1842 2805 1947 2861 Sed
1979 2806 2151 2862 solnm
2205 2805 2326 2860 iude
2370 2804 2673 2871 conficitur,
2709 2803 2894 2859 eadem
2942 2802 3102 2857 verba
3162 2799 3320 2854 unius
3364 2807 3418 2852 ct

1840 2894 2081 2964 ejusdem
2115 2910 2237 2951 esse
2264 2894 2499 2951 auctoris
2549 2909 2641 2949 seu
2676 2892 2931 2957 Philonis,
2970 2908 3061 2946 seu
3102 2889 3418 2961 Epiphanii;

1840 2995 1895 3041 et
1924 2986 2104 3041 verius
2142 2984 2406 3049 Philonis,
2443 2984 2598 3055 cujus
2646 2984 3089 3040 commentarium
3121 2980 3173 3034 iu
3210 2979 3422 3035 caeteris

164 3071 537 3142 Topoqrapltioe
569 3069 885 3125 christiam
906 3069 1000 3124 lib.
1030 3085 1057 3123 x
1093 3069 1182 3139 (s),
1212 3071 1316 3124 tria
1345 3070 1459 3125 loca
1487 3072 1642 3126 affert
1668 3088 1734 3127 ex·
1766 3111 1810 3170 C
1843 3079 2083 3148 partibus
2120 3077 2174 3133 in
2205 3077 2575 3147 Epiphaniano
2614 3078 2857 3132 videmus
2888 3076 3077 3131 Latine
3123 3087 3417 3145 repraesen-

157 3158 377 3216 Philone
399 3159 710 3230 Carpathio.
736 3159 850 3215 lluc
873 3160 1099 3222 accedit,
1126 3161 1266 3229 qnod
1294 3161 1345 3214 in
1375 3171 1564 3215 catena
1587 3163 1739 3217 Grze-

157 3269 219 3305 ca
247 3250 462 3306 Meursii
492 3250 805 3304 Graecorum
837 3247 939 3303 1‘1‘.
970 3249 1023 3302 in
1050 3249 1268 3303 Cantica
1304 3251 1648 3314 canticorum,
1685 3261 1737 3306 ct

158 3344 210 3398 iu
265 3351 451 3396 catena
501 3339 688 3394 Graeca
735 3337 990 3392 Vaticana
1050 3337 1295 3407 Prot-opii
1344 3337 1521 3393 Gazzei
1585 3341 1733 3409 plura

158 3435 454 3504 fragmenta
483 3447 547 3487 ex
581 3429 804 3485 Philone
845 3426 1178 3494 afferuntur3
1211 3439 1268 3481 ut
1320 3444 1423 3483 non
1469 3430 1605 3484 satis
1637 3430 1730 3482 mi·

158 3525 266 3580 rari
334 3537 530 3593 queam
571 3519 832 3575 ,iacobum
896 3519 943 3573 le
992 3519 1142 3590 Long
1192 3521 1369 3574 virum
1432 3520 1739 3577 eruditione

160 3625 530 3686 praestautent,
574 3613 664 3664 uhi
725 3613 832 3678 agit
876 3612 941 3664 de
967 3610 1368 3664 commentario
1399 3609 1454 3664 itt
1515 3611 1735 3667 Cantica

162 3707 517 3766 canticorum,
539 3699 824 3768 scripsisse
856 3701 968 3770 (ωε
1019 3700 1178 3755 muto
1223 3703 1493 3768 Carpathii
1533 3707 1734 3770 episco-

170 3812 278 3867 pus
301 3794 358 3845 in
394 3790 561 3862 Cypro
591 3805 769 3844 auctor
791 3795 1172 3862 supposititius.
1208 3791 1342 3847 Nam
1368 3793 1533 3848 Eliam
1575 3796 1737 3866 Dupi-

177 3889 323 3943 nium
367 3886 458 3954 qui
503 3886 646 3940 idem
690 3897 950 3948 senserat,
1006 3902 1111 3941 non
1169 3879 1327 3942 modo
1379 3887 1741 3958 castigaverat

174 3978 404 4036 Oudinus
430 3977 504 4049 (li)
530 3977 824 4044 affirmauS,
863 3995 981 4032 euru
1020 3980 1120 4033 sibi
1152 3979 1317 4033 videri
1343 3981 1568 4034 absurde
1594 3980 1732 4048 falli,

159 4086 275 4125 cnut
305 4069 463 4139 nujus
485 4081 593 4123 tum
618 4072 910 4138 scriptoris,
939 4081 1049 4123 tunt
1087 4071 1446 4124 commentarii
1485 4073 1735 4125 memine-

158 4163 268 4217 rint
290 4170 342 4217 et
368 4161 717 4217 Cassiodorus
746 4173 793 4216 et
838 4162 1063 4227 Suidas,
1105 4162 1291 4232 quibus
1326 4162 1585 4218 elevandis
1613 4163 1740 4217 Elia

158 4254 379 4308 idonens
415 4255 598 4323 (verba
644 4266 770 4309 snut
809 4255 980 4324 ipsius
1030 4253 1252 4323 oudini)
1309 4255 1435 4308 utilti
1475 4271 1586 4310 esse
1631 4274 1732 4310 uon

154 4344 379 4400 videtur.
445 4345 554 4399 Sed
584 4346 747 4400 etiam
807 4346 1014 4414 Dupiuii
1056 4346 1372 4401 ratiunculis
1412 4348 1625 4404 abunde
1647 4363 1733 4403 sa-

1844 3180 2033 3225 tatum.
2067 3169 2173 3224 Sed
2199 3180 2484 3240 autequam
2517 3170 2741 3226 ulterius
2774 3170 3202 3240 progrediamur,
3244 3163 3419 3219 admo·

1840 3264 2048 3319 nendos
2072 3274 2152 3318 est
2182 3263 2346 3320 lector
2377 3264 2548 3319 locum
2584 3263 2728 3318 illum
2769 3278 2799 3316 a
2845 3263 3038 3318 Cosma
3063 3259 3314 3332 AEgyptio
3342 3260 3419 3312 al-

1839 3355 2028 3420 latum,
2064 3356 2275 3425 aliaque
2302 3356 2468 3411 multa
2496 3357 2744 3415 etttndent
2781 3357 2956 3410 locum
2983 3354 3302 3423 praecedenti
3327 3376 3335 3401 ι
3365 3373 3375 3399 ⁴
3399 3363 3416 3404 t

1837 3448 2242 3516 subsequentia,
2274 3464 2393 3519 quac
2424 3450 2476 3503 in
2517 3448 2888 3518 Epiphaniano
2922 3427 3308 3504 contituentarizi
3339 3445 3414 3497 tv-

1834 3548 2038 3613 guntur
2073 3555 2195 3613 pag.
2222 3541 2277 3607 7,
2306 3541 2360 3610 8,
2395 3540 2448 3604 9,
2479 3541 2565 3605 to,
2598 3542 2655 3595 ll
2690 3550 2743 3596 ct
2771 3539 2860 3609 12,
2893 3558 2923 3597 a
2959 3540 3147 3597 Gra-co
3177 3538 3417 3593 Philonis

1835 3645 1995 3701 quem
2023 3630 2127 3688 bac
2151 3633 2385 3690 editione
2416 3645 2598 3690 nostra
2622 3635 2781 3689 modo
2806 3635 3173 3703 producimus,
3196 3632 3417 3698 abessc;

1836 3733 1899 3774 ea
1953 3734 2083 3774 vero
2149 3723 2201 3775 iu
2252 3722 2454 3779 Graccis
2508 3739 2642 3793 quos
2706 3723 2982 3788 habemuS,
3018 3721 3415 3793 exemplaribus

1837 3811 1959 3867 ideo
1988 3811 2178 3867 deesse
2204 3813 2647 3875 existimaverim.
2689 3817 2831 3884 quod
2860 3815 2964 3869 dno
2998 3813 3196 3868 luerint
3227 3812 3412 3869 Philu-

1837 3900 1987 3956 niani
2041 3905 2417 3959 commentarii
2452 3904 3008 3978 editiones'antiquat,
3045 3920 3276 3975 quarum
3305 3907 3416 3974 pri-

1836 4006 1980 4047 mam
2014 3994 2182 4050 nostri
2237 3995 2453 4051 codices
2491 3994 2661 4051 Graeci
2718 4006 3143 4068 repraeseuteut;
3194 4011 3298 4051 nou
3332 4012 3415 4052 se·

1835 4084 2092 4151 nitidam,
2130 4104 2233 4154 qua
2260 4089 2511 4144 utebatur
2557 4091 2783 4146 Cosmas
2812 4089 3117 4161 AEgyptins‚
3141 4090 3229 4145 ubi
3262 4090 3415 4145 Philo

1836 4173 1939 4228 alia
1988 4178 2233 4246 quandam
2273 4181 2559 4235 addiderit.
2624 4182 2937 4252 Exetnphnu
2986 4182 3163 4237 simile
3220 4183 3408 4246 habes,

1837 4267 2028 4333 lector,
2079 4269 2131 4323 iu
2175 4273 2419 4326 oratione
2459 4273 2833 4330 Demosthenis
2869 4276 3005 4344 Περὶ
3052 4275 3157 4330 τοῦ
3191 4277 3410 4345 στεφά·

1835 4375 1968 4423 νου,
1997 4359 2047 4412 in
2081 4375 2181 4428 qna
2237 4365 2481 4432 quaedatn
2513 4381 2542 4418 a
2598 4366 2823 4421 diversis
2865 4370 3219 4437 scriptotihus
3246 4371 3408 4425 citata

158 4434 428 4491 tisfeeerat
496 4435 875 4493 Tittenznntins
930 4440 1057 4510 (i);
1117 4440 1338 4509 ejusque
1407 4444 1730 4495 seutentiam
1763 4450 1816 4506 Ι)
1843 4449 2040 4504 frustra
2073 4453 2383 4521 qttaesiet·is;
2414 4459 2557 4527 quod
2608 4459 2861 4529 Ulpianus
2901 4463 3021 4516 inde
3066 4463 3263 4517 factum
3289 4480 3406 4517 nto-

157 4526 271 4598 lpse
299 4527 588 4599 Foggtnius
629 4529 696 4600 (j)
729 4533 971 4584 omnium
1011 4534 1242 4587 maxime
1264 4531 1584 4587 confutavit.
1634 4533 1732 4589 Se-

154 4621 409 4686 cundum,
435 4623 566 4676 duos
607 4632 754 4689 putat
811 4625 975 4677 fuisse
1010 4621 1282 4688 Philonos,
1332 4622 1558 4678 alterum
1601 4623 1733 4680 Car-

155 4714 395 4785 pathium
442 4718 751 4786 episcopum
811 4719 862 4773 in
919 4718 1189 4789 Carpatho
1239 4720 1416 4775 insula
1471 4735 1592 4790 qum
1649 4730 1731 4776 est

153 4820 258 4859 una
278 4822 344 4860 ex
373 4807 727 4878 Cycladihus;
751 4810 1064 4880 Carpasium
1093 4810 1343 4879 alterum,
1372 4813 1643 4883 Carpasiae
1678 4814 1731 4868 iu

157 4896 324 4953 insula
363 4898 523 4970 Cypri
551 4903 885 4972 episcopum.
917 4904 980 4959 Et
1011 4904 1331 4975 Carpasium
1371 4905 1609 4976 quidem,
1636 4922 1731 4961 cu·

154 4987 237 5054 jus
263 4992 405 5058 apud
433 4990 715 5063 Polybium
738 5005 823 5049 est
859 4997 1084 5060 mentio,
1111 5009 1388 5051 auctorem
1422 5011 1545 5053 csse
1577 5012 1728 5052 com-

154 5079 404 5134 mentarii
433 5081 487 5134 in
509 5080 788 5138 Canticum
812 5086 1157 5152 canticorum,
1179 5087 1367 5142 statuit
1393 5103 1586 5142 ranutn
1611 5102 1734 5142 esse

222 5254 277 5320 (a
344 5256 564 5314 Delocis
587 5261 837 5333 theolog„
869 5264 958 5333 lib.
992 5283 1065 5324 xt.
1092 5284 1210 5339 cap.
1243 5268 1293 5321 6.
1748 5232 1769 5258 ι

225 5322 278 5390 (0
327 5327 544 5383 Auctor.
573 5328 899 5390 Theodorei.
939 5336 1221 5393 Dhscrtat.
1248 5339 1302 5392 2.

228 5395 435 5457 (nhil).
483 5415 555 5464 rt,
593 5416 625 5455 e
668 5403 754 5454 ist.
797 5405 848 5458 5.

227 5460 316 5531 (d)
343 5464 588 5524 Bibliotlt.
652 5470 739 5530 'r..
774 5481 907 5528 tom.
947 5475 1030 5537 vt.
1065 5493 1185 5546 pag.
1222 5480 1340 5534 t22.

224 5535 298 5602 (e)
330 5534 517 5591 Exstat
548 5550 677 5594 tom.
706 5541 872 5606 XXV,
904 5547 1116 5602 collect.
1139 5548 1521 5622 Calugerianae.

224 5600 289 5672 υ)
324 5605 384 5660 ln
417 5605 575 5662 Nora
614 5611 815 5668 cottect.
870 5615 984 5670 121².
1034 5615 1267 5676 Graecor.
1322 5621 1725 5689 Montlaucouii,

155 5677 284 5724 lotii.
324 5672 385 5738 ΙΙ,
447 5693 533 5749 ag.
570 5678 698 5736 35⁰.

228 5741 302 5814 (q)
329 5742 395 5815 Bt·
431 5748 582 5804 liotlt.
607 5767 772 5821 sacr„
813 5762 938 5809 totu.
967 5752 1035 5809 ll.

1833 4546 1948 4601 net,
1974 4541 2115 4609 quod
2143 4543 2435 4612 scriptores
2460 4546 2532 4599 illi
2561 4548 2719 4604 aliam
2747 4550 2862 4618 ejus
2916 4552 3176 4606 orationis
3211 4552 3404 4607 editio-

1833 4643 1955 4682 nem
2017 4631 2319 4688 hahucrint.
2383 4635 2488 4691 Sed
2547 4639 2613 4692 ad
2660 4641 3001 4696 collationem
3054 4643 3290 4698 locorum
3342 4662 3404 4698 ex

1831 4719 2128 4791 Epiphanio
2156 4734 2211 4779 et
2233 4725 2457 4782 Philone
2495 4745 2660 4798 quant
2709 4733 2939 4789 instituit
2974 4737 3053 4788 vir
3098 4734 3404 4790 eruditissi-

1829 4829 1969 4877 ntus,
1998 4816 2293 4872 redeamus.

1903 4907 2182 4964 Secundus
2220 4911 2369 4968 locus
2402 4926 2486 4970 est
2515 4918 2603 4986 qni
2642 4919 2692 4974 in
2724 4917 2911 4975 Latino
2949 4921 3187 4975 occurrit
3225 4937 3277 4992 p.
3309 4923 3401 4985 25.

1831 4996 1926 5050 liu.
1964 4996 2047 5063 ¹2,
2079 5001 2164 5054 cui
2195 5003 2426 5060 adlatus
2464 5010 2683 5078 apponit
2724 5013 2970 5066 eumdem
3005 5012 3179 5066 locum
3208 5015 3402 5082 partim

1829 5103 1894 5141 ex
1943 5098 2133 5143 catena
2158 5089 2374 5149 Meursii
2412 5097 2530 5169 (m),
2575 5102 2769 5169 partim
2803 5119 2867 5158 ex
2915 5113 3106 5158 catena
3147 5103 3403 5160 Vaticana

1913 5274 1986 5356 (lt)
2013 5273 2208 5332 Tom.l
2246 5278 2319 5334 De
2345 5283 2639 5348 scriptorib.
2671 5279 2985 5352 ecclesiast„
3025 5302 3141 5357 pag.
3174 5288 3295 5344 891.

1913 5349 1972 5412 (ι)
1999 5346 2123 5403 Luc.
2153 5350 2243 5401 cit.
2280 5358 2387 5403 ιιοῑ.
2431 5351 2518 5407 tt).

1910 5415 1971 5482 (j)
2005 5415 2215 5472 Prafsat.
2244 5419 2309 5473 ad
2338 5419 2523 5490 Epiph.
2557 5421 2946 5492 commentar..
2979 5441 3102 5496 pag.
3132 5425 3223 5483 25.

1910 5484 1982 5555 (k)
2015 5484 2144 5541 Vide
2170 5488 2268 5541 has
2296 5489 2606 5544 collationes
2647 5491 2697 5544 iu
2732 5495 2936 5559 praelat.
2971 5499 3036 5552 ad
3072 5495 3393 5568 Epiphania·

1837 5569 1965 5608 num
1990 5566 2365 5621 commentar..
2396 5574 2517 5629 pag.
2553 5559 2619 5614 17
2648 5570 2704 5616 et
2723 5576 2873 5633 seqq.

1907 5622 1968 5692 (l)
1998 5623 2140 5681 Loco
2166 5641 2228 5680 su
2270 5643 2327 5681 ra
2367 5628 2462 5682 cit.

1906 5693 2000 5766 (m)
2031 5693 2159 5767 Pag-
2193 5696 2217 5752 ¹
2291 5697 2421 5756 edit·
2450 5698 2665 5758 Batava:
2693 5701 2859 5757 itt-8⁰.
