3725 6125
273 282 414 341 1093

1042 278 1101 334 S.
1144 279 1420 337 ANTONtt
1455 281 1522 335 tt.
1559 280 1848 336 ABBATtS
1883 278 2406 338 RESPONSIONES
2432 281 2771 349 QUAEmM.

3378 296 3512 354 tuot

258 410 386 450 cnm
412 390 712 446 colamnam
751 388 967 445 laminis
991 407 1106 461 qua·
1152 394 1417 449 decorat-it
1447 397 1620 450 orbem
1669 406 1832 452 terra·
1874 400 1923 459 Α
1952 396 2090 464 loca,
2118 397 2494 454 existimantes
2525 413 2585 454 se
2631 400 2869 469 requiem
2902 413 3156 460 nacturos
3188 421 3219 460 a
3260 412 3503 466 certami-

257 505 404 544 rum.

872 577 1244 648 Interrogatio.

338 675 483 730 Dixit
521 672 698 727 abbas
737 668 1005 723 Antonius
1029 684 1044 720 t
1070 665 1200 722 Ideo
1235 683 1335 721 non
1360 666 1684 735 proficimus,
1709 669 1836 733 quia

262 768 500 837 ,ratium
537 770 584 817 st
623 760 863 814 ordinem
920 766 1157 812 nastrum
1202 756 1412 810 minime
1461 757 1838 825 cognoscimus,

268 872 437 926 sumne
464 850 804 921 inteltiqimns
834 864 954 915 qnoe
996 848 1331 918 quredimnr
1362 861 1540 913 opera,
1586 852 1676 899 sed
1729 848 1840 901 sine

269 949 448 1003 labore
469 945 702 1000 virtatem
730 940 975 1008 consequi
1001 938 1258 991 colamus.
1288 935 1430 990 Nam
1459 939 1661 1007 quoties
1694 938 1839 992 vide-

267 1055 388 1093 nttts
413 1034 713 1091 certaminis
747 1031 1084 1086 tentationem
1133 1030 1186 1083 in
1214 1031 1327 1082 loco
1361 1030 1429 1081 acl
1470 1044 1618 1097 quem
1668 1030 1839 1083 vocati

226 1107 231 1112 Ι
261 1144 464 1191 sumas,
485 1127 555 1180 ad
580 1124 744 1179 alium
783 1121 1240 1191 transmiqramus,
1274 1119 1637 1173 existimantes
1666 1120 1836 1172 locam

256 1234 373 1274 esse
391 1218 622 1283 aliquem
641 1216 697 1269 in
715 1229 815 1283 qno
832 1229 934 1266 noa
957 1212 1025 1265 sit
1049 1210 1309 1264 diabolas.
1330 1207 1432 1274 Qui
1456 1208 1595 1262 norit
1623 1208 1837 1274 bellum,

256 1319 565 1370 constanter
596 1310 651 1359 in
673 1303 783 1358 Deo
820 1303 1081 1365 decertat3
1108 1299 1356 1368 qnoniam
1387 1297 1637 1352 Dominus
1667 1312 1841 1351 noster

259 1402 400 1457 dixit
427 1414 446 1453 τ
483 1396 674 1466 Utique
693 1410 907 1464 regnam
930 1391 1026 1447 Dei
1053 1392 1106 1448 in
1132 1391 1272 1447 uobis
1295 1398 1369 1444 est
1388 1389 1457 1441 δ’.
1488 1388 1627 1455 Quid
1668 1389 1840 1458 signi-

267 1489 398 1543 iicat
422 1486 506 1542 bis
531 1482 753 1539 verbis?

897 1571 1200 1641 Responsio.

342 1671 469 1739 Ejus
490 1670 781 1727 verborum
813 1667 860 1723 is
886 1681 1079 1723 sensus
1113 1674 1219 1721 est.
1236 1664 1393 1731 Quod
1421 1662 1632 1720 scilicet
1660 1673 1838 1719 trans-

1949 487 2106 542 nibus
2144 498 2197 544 et
2231 490 2483 543 solatium
2516 506 2546 544 a
2606 492 3046 560 cogitationibus.
3084 497 3519 568 transmigrando

1945 580 2012 635 de
2048 596 2151 635 nno
2176 582 2229 636 in
2261 581 2423 635 alium
2467 582 2664 648 locuni,
2692 592 2748 639 et
2773 585 2837 638 de
2872 600 2978 639 nna
3029 585 3084 642 in
3136 588 3297 642 aliam
3341 592 3522 657 regio-

1947 686 2087 724 nem.
2125 671 2485 739 Quamobrem
2509 674 2869 743 persistamus
2916 676 2970 731 in
3005 676 3138 733 loeis
3185 681 3428 747 nostris;
3461 691 3524 737 ct

1945 761 1988 815 si
2045 771 2318 818 certamen
2364 762 2448 817 vel
2501 765 2732 820 tentatio
2775 780 2874 821 nos
2902 765 3277 836 aggrediatur,
3304 769 3525 839 jejune·

1948 867 2391 920 mus,=oremus,
2448 869 2586 924 genu
2621 854 2919 924 nocturnus,
2976 857 3289 928 adoremus,
3327 873 3516 917 nostra

1944 946 2217 1012 pulsemus
2247 954 2464 1015 pectora
2500 959 2682 1001 coram
2729 962 2892 1002 eruce
2940 949 3151 1008 Domini
3188 952 3358 1007 nostri
3387 990 3408 1016 ,
3460 959 3524 1006 et

1942 1035 2202 1105 lacrymis
2228 1036 2517 1105 cordisque
2547 1037 2732 1092 dolore
2774 1041 3104 1108 postulemus
3128 1058 3286 1113 opem
3315 1042 3385 1097 ab
3424 1042 3518 1096 ilio

1942 1134 1996 1183 et
2024 1126 2256 1183 salutem
2283 1144 2299 1191 ;
2327 1128 2581 1197 qnoniam
2608 1130 2751 1183 onmi
2789 1141 3029 1200 tempore
3063 1135 3217 1189 nobis
3247 1135 3423 1200 adest,
3457 1142 3515 1189 et

1942 1220 1995 1273 in
2024 1219 2180 1274 nobis
2229 1219 2454 1274 habitat.
2490 1219 2761 1291 Scriptum
2809 1224 2952 1277 enim
2986 1235 3069 1279 est
3100 1243 3118 1283 z
3151 1224 3409 1281 Dominus
3434 1234 3516 1280 est

1938 1324 2099 1378 prope
2119 1311 2371 1364 contritos
2406 1311 2581 1375 corde,
2637 1320 2684 1364 et
2716 1313 2937 1366 humiles
2984 1317 3174 1383 spirita
3229 1316 3414 1371 liberat
3442 1316 3516 1364 ”-

1943 1400 2089 1454 Dixit
2137 1414 2353 1471 quoque
2407 1400 2664 1455 Dominus
2718 1414 2903 1457 noster
2934 1418 2949 1457 ;
2980 1403 3209 1475 Reqnam
3244 1406 3339 1460 Dei
3370 1408 3516 1463 intra

1940 1504 2027 1542 vos
2058 1498 2134 1542 est
2165 1488 2233 1556 ⁸⁸,
2272 1490 2323 1543 id
2358 1498 2466 1552 est,
2504 1490 2559 1543 in
2590 1490 2742 1545 vobis
2787 1492 2989 1548 habite.
3035 1494 3278 1565 Regnum
3318 1499 3516 1567 qnippe

1943 1579 2035 1635 Dei
2067 1591 2149 1636 est
2170 1580 2418 1636 Cltristus
2446 1579 2526 1651 (nt
2557 1581 2750 1635 asserit
2774 1595 2992 1640 sanctus
3031 1584 3386 1656 nuenarius),
3413 1589 3505 1657 qui

1944 1669 1995 1724 in
2026 1671 2181 1726 nobis
2205 1686 2417 1740 semper
2448 1671 2673 1727 inabitat.
2703 1672 2901 1729 Beatus
2926 1691 3139 1745 quoqne
3165 1676 3364 1733 Paulus
3392 1679 3504 1732 ait:

273 1764 561 1835 migramus
597 1762 669 1817 de
700 1760 824 1817 loco
853 1759 909 1815 in
946 1758 1145 1823 locum,
1179 1757 1245 1812 ad
1276 1758 1624 1827 qttaerendum
1659 1757 1836 1813 locum
1872 1733 1912 1788 Β
1945 1758 2197 1825 Nescitis,
2237 1761 2361 1829 quia
2394 1758 2632 1813 Christus
2658 1759 2856 1815 habitat
2896 1762 2951 1816 in
2993 1765 3137 1818 vobis
3165 1764 3249 1819 ”i
3271 1765 3381 1821 Nee
3421 1765 3513 1819 itt:

273 1857 500 1927 aliquem
527 1856 579 1910 iu
611 1868 721 1925 qno
748 1868 855 1909 non
879 1852 951 1907 sit
972 1851 1253 1915 diabolus:
1290 1865 1415 1904 cum
1437 1863 1568 1904 vero
1595 1848 1842 1904 videmus

272 1948 587 2006 certaminis
632 1946 987 2003 tentationem
1030 1959 1097 2001 eo
1143 1944 1306 2024 etiam
1348 1943 1403 1997 in
1435 1941 1553 1997 loco
1585 1942 1652 1995 ad
1680 1956 1840 2011 quent

273 2054 375 2099 nos
394 2037 736 2107 contulimus,
773 2035 885 2094 ali'o
916 2038 1286 2094 concedimus.
1322 2035 1509 2106 Atqui
1549 2034 1695 2087 novit
1731 2031 1843 2087 bel-

273 2132 405 2197 lum,
432 2131 508 2188 ibi
553 2130 609 2185 in
646 2130 757 2186 Deo
784 2129 1049 2193 decertat,
1076 2127 1192 2183 nec'
1219 2127 1381 2181 alium
1410 2126 1604 2196 nuaerit
1640 2124 1837 2180 locum.

270 2223 481 2280 Asserti
510 2230 689 2277 autent
718 2220 861 2278 illins
910 2220 1120 2275 Domini
1153 2219 1324 2273 nostri
1354 2235 1368 2271 :
1398 2216 1592 2288 Utique
1623 2232 1840 2286 requam

270 2314 372 2369 Dei
406 2314 461 2368 in
476 2312 617 2368 vobis
636 2321 731 2379 est,
750 2314 795 2369 ls
814 2320 900 2369 est
926 2325 1147 2374 sensus,
1187 2310 1330 2381 quod
1362 2323 1555 2379 nempe
1595 2315 1839 2375 oporteat

270 2411 333 2459 ut
366 2418 467 2458 nos
515 2401 761 2458 inonacbi
803 2402 894 2472 qni
930 2416 964 2456 e
1014 2400 1216 2455 mundo
1261 2400 1465 2467 egressi
1518 2412 1740 2462 snmus,
1785 2407 1842 2453 et

264 2507 481 2551 crucem
526 2492 858 2563 port-rimus
903 2501 1146 2547 nostram
1193 2491 1349 2560 ittxta
1394 2489 1602 2543 Domini
1665 2488 1835 2544 nostri

255 2593 624 2658 praeceptum,
659 2591 714 2639 et
743 2583 968 2653 vestigia
999 2580 1118 2650 ejns
1150 2581 1322 2637 secuti
1368 2594 1591 2643 snmus,
1644 2581 1697 2634 in
1728 2596 1838 2635 uno

256 2690 673 2748 permaneamus
725 2674 890 2742 ioco,
939 2682 999 2730 et
1050 2673 1120 2728 de
1175 2681 1484 2728 nostrarum
1536 2671 1837 2726 animarum

258 2770 433 2824 simus
453 2768 671 2823 solliciti
704 2765 899 2829 sainte,
927 2778 992 2821 ac
1014 2773 1209 2819 cuncta
1256 2761 1621 2818 sustineamus
1656 2769 1837 2816 certa-

1945 1850 1997 1904 in
2031 1850 2187 1905 nobis
2220 1849 2427 1905 habitat
2462 1852 2769 1917 duntaxat,
2798 1853 2894 1908 sed
2944 1868 3044 1909 nos
3088 1868 3302 1925 quoqne
3327 1855 3379 1910 in
3420 1856 3513 1911 illo

1943 1958 2242 2006 manemus,
2287 1953 2343 1997 ut
2391 1943 2504 2012 ipse
2537 1947 2611 1998 ait
2644 1962 2657 1999 :
2696 1943 2903 2001 Haiiete
2930 1961 2987 1999 tn
3017 1962 3118 2013 nte,
3150 1956 3198 2001 et
3223 1963 3311 2017 eqo
3336 1948 3390 2001 in
3416 1964 3501 2001 vo·

1942 2033 2020 2085 bis
2049 2032 2115 2087 ⁸⁸.
2143 2031 2341 2089 Beatus
2380 2034 2508 2090 item
2537 2036 2673 2091 dixit
2715 2035 2884 2091 David
2917 2053 2934 2093 ε
2974 2038 3103 2093 Esto
3130 2039 3261 2093 milti
3297 2037 3503 2093 liabita-

1940 2122 2139 2185 calam,
2179 2124 2247 2176 ad
2271 2128 2411 2193 qaod
2450 2125 2591 2177 omni
2625 2133 2853 2193 tempore
2880 2126 3166 2194 inqrediar,
3201 2136 3249 2181 et
3282 2127 3509 2196 prtrcipe

1939 2213 2162 2266 salntem
2193 2229 2382 2268 meant.
2415 2213 2471 2269 Si
2510 2215 2672 2285 igitur
2715 2214 2768 2269 in
2807 2215 2919 2271 Deo
2954 2216 3283 2280 habitamus,
3326 2227 3383 2273 et
3411 2231 3510 2272 nos

1943 2305 2067 2358 item
2098 2305 2170 2359 illi
2200 2321 2389 2361 sumus
2440 2305 2825 2370 babitaculum,
2859 2305 3140 2361 Dominum
3172 2316 3413 2363 nostrum
3444 2322 3508 2361 ne

1943 2394 2305 2463 relinquamus
2329 2404 2568 2463 tempore
2594 2395 2972 2457 tentationum,
3004 2393 3412 2448 tribulationum
3443 2407 3507 2448 :tc

1940 2487 2332 2551 certaminum,
2399 2495 2456 2540 et
2505 2485 2611 2541 alio
2666 2487 3109 2557 transmigrantes
3153 2485 3401 2542 solatium
3451 2496 3507 2539 et

1938 2592 2091 2648 opem
2118 2592 2148 2631 a
2181 2577 2489 2649 regionibus
2520 2588 2576 2642 et
2598 2576 2734 2633 locis
2761 2592 3094 2646 quaeramus3
3114 2577 3207 2632 sed
3233 2576 3286 2632 in
3310 2575 3509 2630 nostris

1940 2682 2254 2723 maneamus
2303 2666 2453 2734 lociS,
2495 2675 2550 2723 et
2597 2667 2923 2738 postulemus
2954 2682 2983 2722 a
3015 2666 3244 2722 Domino
3292 2665 3506 2721 inhabi-

1940 2769 2085 2813 tante
2122 2758 2175 2813 in
2216 2757 2395 2822 nobis,
2435 2766 2493 2812 ut
2529 2772 2629 2813 nos
2656 2758 2934 2825 vindicet,
2962 2765 3017 2813 et
3055 2757 3314 2812 auxilinm
3347 2754 3504 2811 seret.

262 2860 437 2915 mina.
460 2858 687 2925 Propter
715 2856 810 2928 Dei
840 2871 1076 2912 amorem
1125 2853 1352 2924 eiusque
1397 2852 1834 2922 adimpletionem
1937 2849 2017 2904 Ad
2077 2849 2230 2914 haec,
2286 2848 2537 2904 Patribus
2565 2848 2766 2904 nostris
2796 2849 3150 2919 cogitationes
3206 2847 3510 2917 aperiemus

262 2947 562 3005 voluntatis
588 2962 708 3018 quae
743 2947 795 3002 in
842 2946 1010 3017 ipsius
1047 2952 1443 3016 praceptorum
1483 2943 1830 2998 observantia
1941 2949 2175 3004 nostras,
2207 2951 2263 2996 et
2308 2941 2544 3013 ipsorum
2576 2941 2889 2996 orationum
2932 2954 3090 3010 opem
3136 2937 3504 3008 imploremus,

264 3039 852 3108 maniiestatur,omnis
881 3040 1037 3096 nobis
1062 3036 1341 3096 subeunda
1367 3044 1492 3092 sunt
1531 3033 1831 3090 certamina
1860 3066 1904 3125 c
1940 3030 2279 3089 Sustinentes
2327 3033 2488 3104 igitur
2527 3033 2581 3089 in
2630 3032 2762 3090 locis
2811 3033 3047 3099 nostris,
3099 3028 3167 3087 ad
3214 3026 3509 3085 Salvatoris

261 3134 724 3203 tentationesque;
758 3133 868 3189 sint
906 3130 1011 3187 ittae
1043 3145 1075 3185 a
1104 3128 1474 3201 passionibus,
1515 3127 1630 3182 sive
1659 3140 1689 3179 a
1725 3125 1835 3179 ὼε-
1942 3125 2114 3181 nostri
2155 3141 2370 3196 semper
2400 3124 2775 3194 confugiamus
2819 3124 3208 3194 protectionem
3233 3136 3260 3189 ,s
3293 3126 3350 3176 et
3381 3133 3507 3190 pro-

260 3228 531 3295 tnonibus,
582 3227 698 3282 sive
729 3244 759 3281 a
807 3224 962 3280 malis
995 3222 1326 3279 bominibus.
1380 3218 1461 3274 Ne
1488 3232 1623 3288 ergo
1656 3215 1833 3286 ignari

253 3319 463 3385 simus,
501 3318 644 3389 quod
695 3317 781 3373 isti
825 3313 1060 3384 imperiti
1108 3312 1249 3371 ballo
1292 3310 1539 3367 saltitent
1589 3316 1648 3363 ut
1698 3304 1833 3375 palti

238 3409 488 3467 sarcinae
523 3406 760 3463 terendae
777 3405 921 3461 haud
946 3404 1171 3475 assueti,
1190 3411 1250 3459 et
1280 3402 1351 3457 ad
1378 3400 1483 3457 alia
1507 3398 1832 3455 contendant

958 3552 1008 3586 ⁸⁸
1033 3548 1168 3609 Psal.
1202 3569 1397 3620 xxxin,
1431 3552 1520 3607 19.

1436 3649 1465 3665 ρ

352 3557 404 3589 ²⁸
434 3556 576 3608 Luc.
612 3566 749 3619 svn,
777 3550 870 3606 21.

1619 3552 1665 3584 ⁸⁸
1692 3551 1823 3607 Luc.
1867 3565 1998 3618 xvn,
2027 3549 2119 3605 21.
2197 3548 2240 3581 ⁸⁷
2270 3548 2288 3602 l
2320 3549 2449 3605 Cor.
2492 3563 2580 3613 tn,
2639 3544 2726 3600 16.

1940 3214 2083 3272 secto
2112 3216 2344 3272 victores
2374 3229 2474 3271 nos
2524 3215 2721 3271 efficiet
2755 3217 2807 3270 in
2838 3214 3091 3270 omnibns
3127 3208 3507 3269 certaminibus

1939 3305 2157 3363 nostris.

2136 3394 2618 3466 Interroqationam
2655 3404 2701 3450 et
2731 3392 3140 3462 Responsionam
3165 3389 3311 3453 fietis.

2836 3544 2882 3576 ⁸⁸
2920 3542 3075 3600 Joan.
3126 3559 3216 3611 xv,
3245 3543 3302 3599 t.

1013 3901 2174 4001 INTERROGATIONES
2247 3899 2775 4005 QUAEDAM

464 4095 516 4153 A
556 4089 810 4154 diversis
835 4092 938 4154 SS.
963 4091 1132 4155 Patri
1165 4098 1381 4156 nostro
1401 4091 1609 4156 abbati
1637 4089 1908 4154 Antonio
1933 4088 2137 4166 factae,
2164 4096 2423 4171 ejusque
2449 4086 2528 4151 ad
2555 4085 2808 4150 easdem
2835 4089 3305 4169 responsiones

341 4366 563 4435 Quidam
616 4365 784 4423 frater
827 4369 1179 4439 interrogavit
1228 4369 1483 4427 abbatem
1510 4371 1827 4438 Antonium,
1858 4403 1905 4458 D
1933 4369 2050 4437 Quo
2101 4381 2264 4449 opere
2296 4366 2458 4421 homo
2490 4363 2701 4435 placere
2730 4372 2906 4434 potest
2949 4363 3091 4420 Deo?
3144 4363 3444 4435 Respondit
3478 4383 3496 4422 s

253 4460 496 4518 dicens:
530 4456 664 4527 Quid
706 4456 936 4528 faciam,
974 4470 1033 4514 nt
1084 4461 1354 4515 inveniam
1400 4463 1827 4518 misericordiam
1932 4459 2041 4515 Lea:
2066 4469 2269 4526 etopus
2298 4457 2571 4513 eharitatis
2601 4464 2676 4511 est
2723 4456 2858 4510 bona
2905 4456 3182 4522 solantes,
3228 4472 3345 4527 qnoe
3385 4455 3498 4512 Deo

246 4552 406 4621 apud
432 4550 639 4606 Deum?
667 4549 965 4621 Respondit
993 4553 1041 4606 ei
1073 4561 1294 4608 sanctus
1330 4568 1518 4620 senex,
1553 4561 1608 4607 et
1640 4552 1776 4607 dixit
1810 4569 1824 4606 ς

242 4640 415 4710 Qstod
435 4641 528 4695 tibi
546 4639 686 4707 dieo,
706 4645 803 4697 noc
826 4642 1099 4711 diligenter
1116 4659 1303 4699 serva.-
1343 4643 1661 4713 Quocunqne
1682 4645 1826 4708 ieris,

244 4736 429 4790 Deum
458 4744 579 4788 ante
627 4735 803 4790 oculos
854 4752 1054 4805 semper
1080 4736 1295 4802 ponito:
1326 4734 1668 4805 qaodcunque
1699 4751 1826 4804 opus

242 4824 465 4895 seceris,
502 4824 691 4879 adhibe
718 4824 812 4879 tibi
843 4825 1190 4879 testimoniam
1231 4841 1295 4878 ex
1330 4824 1619 4894 scripturis
1644 4837 1662 4875 .·
1693 4836 1740 4879 et
1769 4827 1825 4879 in

240 4927 559 4986 quoeunque
591 4915 908 4970 habitaveris
939 4914 1077 4981 loco,
1121 4930 1414 4982 persevera,
1445 4930 1537 4969 nee
1572 4914 1692 4969 inde
1721 4918 1822 4971 cito

242 5002 465 5074 πύρνα.
494 5001 624 5058 Hoec
651 5007 757 5058 tria
794 5021 940 5059 serva
965 5023 983 5061 .·
1017 5005 1263 5076 quiesces.

320 5093 685 5166 interrogavit
708 5097 999 5165 aliquando
1027 5096 1193 5151 abbas
1242 5096 1403 5152 Bemo
1436 5095 1686 5152 abbatem
1711 5097 1824 5152 An-

232 5186 484 5253 tonium,
525 5188 654 5258 quid
691 5188 792 5243 sibi
832 5187 1136 5244 iaciendum
1177 5188 1249 5240 sit
1294 5189 1361 5241 ad
1386 5189 1819 5257 consequendam

226 5276 615 5341 saintetmcui
643 5277 922 5347 respondit
943 5290 1109 5333 senex
1141 5278 1330 5333 beatus
1358 5293 1372 5331 ε
1408 5276 1474 5331 In
1490 5277 1703 5347 justitia
1728 5290 1820 5334 tua

226 5386 305 5426 sse
330 5367 988 5438 confidas5proeteritornm
1004 5379 1333 5438 peccatorum
1364 5383 1472 5423 vere
1492 5378 1542 5424 te
1551 5368 1818 5439 poeniteat,·

226 5465 511 5530 tinqnam,
550 5478 640 5515 cor
663 5471 709 5516 et
737 5472 957 5517 ventrem
981 5464 1204 5517 contine.

314 5552 798 5622 Interrogaverunt
848 5566 969 5608 eum
1022 5568 1235 5626 quoque
1274 5552 1472 5612 iratres
1525 5554 1770 5622 dicentes
1799 5569 1813 5606 z

354 5706 399 5738 ⁸⁹
445 5706 603 5767 nent.
631 5721 706 5776 vt,
744 5708 798 5765 5.
872 5711 918 5744 “⁰
956 5710 1096 5769 Psal.
1141 5725 1252 5780 ιιι,
1277 5709 1334 5765 2.

1930 4551 2309 4623 perfectissime
2330 4550 2519 4620 placet.
2575 4547 2727 4603 Hanc
2755 4564 2871 4603 vero
2896 4547 3164 4617 adimplet,
3195 4549 3285 4619 qui
3333 4546 3497 4604 Deam

1921 4641 2122 4713 ,ἰκρίων
2156 4642 2337 4698 laudat
2368 4641 2578 4695 mandis
2605 4640 3026 4710 cogitationibus,
3057 4655 3176 4709 quar
3202 4638 3497 4708 producant

1930 4733 2234 4788 memoriam
2284 4731 2377 4786 Dei
2420 4739 2470 4786 et
2503 4731 2806 4785 memoriam
2837 4728 3089 4784 bonorum
3114 4743 3234 4800 qaoe
3255 4730 3493 4796 promisit

1928 4836 1978 4883 et
2008 4828 2274 4881 nobiscum
2304 4823 2575 4894 complevit
2604 4835 2749 4887 opert
2780 4862 2797 4890 ,
2842 4830 2890 4876 et
2941 4836 3095 4892 qaam
3142 4820 3253 4876 ltoee
3305 4838 3495 4891 mnqna

1928 4917 2054 4970 sint.
2097 4913 2180 4970 Ea:
2208 4915 2394 4968 norant
2420 4914 2557 4968 enim
2602 4913 2700 4965 Ιιαε
2742 4912 2992 4964 memoria
3023 4910 3265 4965 exoritur
3306 4912 3362 4965 in
3394 4912 3491 4964 leo·

1929 5004 2067 5057 ntiae
2087 5002 2392 5074 hujusmodi
2429 5011 2676 5071 perpetua
2705 4999 2913 5053 dilectio
2933 4999 3095 5069 juxta
3128 4998 3491 5070 praecriptam

1927 5095 2063 5149 illud
2090 5108 2108 5147 .·
2142 5112 2159 5144 ι
2192 5093 2366 5164 Dilige
2400 5093 2679 5147 Dominam
2722 5090 2890 5145 Deam
2922 5102 3068 5144 tunm
3100 5107 3163 5145 ex
3202 5100 3312 5146 toto
3337 5095 3493 5147 corde

1928 5196 2042 5251 tao,
2084 5194 2228 5240 etex
2262 5193 2370 5238 tota
2414 5185 2591 5237 anima
2626 5191 2737 5244 tua,
2781 5190 2828 5234 et
2882 5196 2948 5234 ea:
2993 5191 3103 5235 tota
3150 5180 3338 5236 virtute
3362 5181 3429 5237 ¹⁹.
3468 5204 3487 5236 s

1928 5278 2195 5347 Scriptum
2226 5291 2432 5346 quoque
2478 5281 2598 5329 est.-
2630 5291 2649 5325 t
2684 5271 2835 5328 Sicut
2891 5273 3154 5329 desiderat
3202 5288 3379 5328 cerras
3420 5276 3492 5328 ad

1923 5370 2092 5441 sontes
2133 5383 2425 5437 aquarum,
2469 5367 2545 5420 ita
2583 5375 2659 5420 est
2686 5365 3000 5420 desideriam
3030 5366 3220 5420 animoe
3254 5380 3384 5420 nteoe
3420 5367 3489 5420 ad

1924 5472 1993 5527 te,
2024 5460 2244 5515 Domine
2269 5457 2337 5514 ⁸⁸.
2389 5475 2409 5511 ο
2456 5455 2571 5511 Hoc
2625 5458 2800 5528 itaque
2843 5472 2973 5528 opas
2998 5498 3015 5526 ,
3066 5466 3113 5513 et
3152 5455 3288 5511 hanc
3324 5457 3489 5528 legem

1923 5552 2296 5622 adinipleamtts
2341 5560 2540 5623 oportet
2592 5551 2836 5620 Domino,
2893 5561 2950 5608 nt
2998 5554 3064 5609 ds
3094 5551 3245 5608 nobis
3288 5551 3485 5606 dictant
