3725 6125
333 316 434 374 ¹0¹
1608 313 1666 370 S.
1709 310 1983 370 astam!
2019 310 2360 368 masam..
3483 309 3602 366 tat

332 431 538 499 flagra;
577 444 684 484 non
737 429 1026 483 obscurum
1087 426 1414 492 pistrinum3
1465 440 1572 481 non
1627 425 1911 494 compedes
1938 429 1985 488 Α
2013 440 2147 487 νιον,
2177 422 2377 476 οὔποτε
2414 425 2558 492 φωτῖ
2587 424 3079 495 καταυγαζόμενον,
3126 424 3221 478 καί
3264 426 3294 479 ό
3341 423 3592 498 βρυγμὸς

333 520 566 586 l'erreae;
603 520 696 574 sed
721 520 860 589 iguis
889 516 1360 585 inexstingnibiliS,
1391 516 1482 571 sed
1519 515 1750 571 tenebrae
1779 530 1905 584 per·
2012 514 2122 569 τῶν
2151 514 2397 577 ὀδόντων,
2424 514 2483 569 ὃν
2512 516 2701 585 σαφῶς
2726 518 2860 587 ἡμῖν
2903 516 2965 570 τὸ
2997 516 3330 586 Εὐαγγέλιον
3353 518 3589 588 προεδηε-

335 620 534 682 petnae.
566 611 812 678 nullaque
836 610 971 664 lueis
1022 608 1422 676 intercapedine
1457 607 1756 669 distinctae3
1810 609 1904 662 sed
2013 602 2203 659 λωσεν.
2242 602 2307 655 Εἰ
2349 602 2449 673 μὲν
2478 598 2572 657 οὖν
2608 604 2863 657 οὐδέποτε
2894 602 3001 658 τῶν
3039 604 3289 671 ἐνταῦθα,
3322 604 3400 668 ὡς
3427 606 3589 660 ἀλλο-

334 703 539 758 stridor
560 701 816 764 dentium,
850 699 1016 766 ipsius
1044 699 1198 753 nobis
1248 696 1520 767 Evangelii
1572 696 1748 764 palam
1776 695 1902 750 olim
2009 688 2194 763 τρίων,
2224 690 2481 763 ἐκδάλλῃ,
2512 694 2931 764 κατατρύφησον
2952 692 3046 746 τοῦ
3073 693 3300 764 κόσμου,
3328 693 3425 747 καὶ
3447 694 3588 764 μετὰ

336 792 642 861 designatus
675 788 982 843 testimonio
1003 788 1073 842 '⁸.
1113 785 1263 853 Quod
1294 786 1338 841 si
1377 798 1646 855 nunqnam
1677 785 1905 841 terrenis
2010 783 2189 852 πάσης
2218 782 2521 854 αἰσθήσεως
2550 784 2827 839 ἀκώλυτον
2863 783 3000 853 ἀφες
3034 784 3131 856 τὴν
3167 784 3389 855 ἡδονήν.
3431 786 3497 839 Εἰ
3528 785 3589 840 δέ

338 882 490 937 hisce
546 878 700 934 bonis
751 889 1006 946 tanquam
1067 876 1259 931 alienis
1314 890 1536 940 exuere,
1594 888 1694 944 age
1750 890 1901 940 sane,
2011 872 2485 945 συντελεσθήσεται
2518 874 2713 941 ταῦτα,
2763 876 2859 929 καί
2912 878 3005 928 ἐπὶ
3055 876 3264 946 μακρὸν
3304 876 3352 907 ⁸⁰
3407 876 3585 930 αὐτῶν

334 970 515 1025 fruere
549 969 767 1032 mundo,
827 975 1044 1036 totaque
1084 965 1332 1021 libertate
1361 980 1615 1020 sensuum
1658 965 1900 1019 omnium
2006 962 2401 1035 ἀπολαύσομεν·
2435 966 2782 1036 φοδηθῶμεν,
2839 965 3078 1035 ἀδελφοὶ,
3117 967 3217 1036 τὴν
3254 966 3462 1020 ἐνθένδε
3485 984 3582 1038 με-

329 1058 662 1127 ⁴adminiculo
689 1057 949 1126 voluptati
982 1057 1231 1126 indulge;
1266 1058 1347 1110 sin
1391 1069 1569 1112 autem
1629 1058 1744 1110 ltaec
1781 1066 1909 1110 sunt
2008 1053 2289 1122 τάστασιν,
2322 1056 2415 1109 καὶ
2443 1056 2697 1129 ζήσωμεν
2730 1058 2788 1109 ἐν
2815 1056 2894 1127 τῷ
2922 1056 3098 1127 καιρῷ
3127 1056 3228 1127 τῆς
3265 1058 3568 1128 παροικίας,

333 1152 782 1215 consummanda,
809 1164 908 1204 nec
943 1149 1041 1202 nisi
1067 1163 1236 1217 pauco
1267 1157 1508 1217 tempore
1532 1162 1718 1202 eorum
1752 1147 1907 1202 nobis
2005 1144 2084 1210 ὡς
2119 1146 2149 1199 ό
2180 1146 2384 1219 Κύριος
2423 1149 2759 1204 ἐνετείλατο·
2811 1149 2885 1219 μὴ
2920 1147 3257 1219 ἀπαχθῶιίἐν
3308 1149 3574 1220 δεσμῖιται

332 1244 602 1299 constabit
635 1242 821 1297 fruitio
855 1255 870 1295 z
919 1241 1206 1295 timeamus
1229 1279 1245 1305 ,
1298 1240 1497 1294 fratres
1520 1281 1536 1306 ,
1571 1239 1908 1309 migrationis
2012 1235 2149 1306 μετά
2181 1237 2377 1308 χρεῶν,
2414 1239 2526 1293 ἀλλ’
2556 1239 2862 1310 ὀδεύσωμεν
2901 1239 3207 1311 ἐλεύθεροι,
3248 1242 3346 1294 καὶ
3380 1242 3583 1311 εὐπαρ-

332 1332 482 1389 illum
511 1332 676 1393 diem,
709 1345 883 1398 exque
906 1328 1113 1383 Domini
1144 1330 1478 1399 praescripto,
1514 1328 1779 1383 incolatus
1809 1342 1906 1380 no·
2010 1327 2299 1400 ῥησίαστον
2334 1332 2392 1385 τὸ
2414 1331 2651 1395 συνειδὸς
2679 1332 3032 1401 ἐπαγόμενοι,
3062 1333 3461 1402 ἀκατάγνωστα
3489 1333 3588 1403 φέ-

330 1424 435 1497 ρινί
461 1432 702 1492 tempore
731 1423 989 1476 vivamus).
1017 1418 1092 1473 Ne
1116 1435 1211 1489 pro
1241 1436 1350 1476 aere
1373 1421 1550 1476 alieno
1571 1420 1734 1474 vincti
1759 1418 1905 1472 abri-
2010 1434 2195 1488 ροντες
2227 1420 2295 1474 τά
2319 1422 2416 1492 τῆς
2449 1423 2543 1476 τοῦ
2585 1422 2700 1493 βίου
2725 1424 3001 1488 πολιτείας
3025 1422 3224 1493 βιδλία.

332 1517 583 1587 piamun
619 1516 713 1571 sed
775 1513 952 1581 liberi,
996 1529 1318 1585 ‚securaque
1373 1514 1727 1579 conscicntia,
1798 1512 1922 1565 vitae
1955 1512 2219 1567 rationum
2255 1513 2465 1571 libellos
2500 1516 2627 1570 nulii
2666 1516 2927 1571 obnoxios
2974 1515 3378 1586 reprehensioni
3412 1517 3583 1574 feren·

331 1618 433 1672 tes,
474 1622 538 1662 eo
565 1608 969 1662 contendamus.

401 1696 570 1752 Malus
601 1696 701 1749 luit
725 1696 884 1765 nujus
915 1696 1039 1751 vitae
1075 1711 1392 1753 oeconomus
1428 1696 1578 1751 dives
1611 1694 1719 1762 ille,
1748 1694 1901 1764 cnjus
1936 1677 1977 1735 Β
2073 1696 2255 1759 Κακδς
2298 1693 2367 1769 ἦν
2396 1698 2676 1769 οἰκονόμος
2705 1698 2804 1768 τῆς
2842 1697 3028 1752 ἐνθάδε
3061 1696 3207 1766 ζωῆς
3254 1682 3284 1748 ό
3329 1697 3569 1758 πλούσιος

331 1806 459 1861 ager
481 1791 685 1848 fruetus
705 1791 900 1846 uberes
925 1792 1232 1847 reddiderat
1263 1808 1277 1845 τ
1312 1793 1510 1863 quippe
1539 1792 1629 1861 qui
1659 1792 1709 1845 in
1758 1799 1903 1843 tanta
2005 1785 2210 1848 ἐκεῖνος
2230 1824 2244 1848 ,
2277 1778 2339 1838 οὗ
2381 1788 2415 1855 ὴ
2468 1784 2621 1856 χώρα
2651 1786 2979 1857 ηὐφόρησεν·
3025 1786 3212 1856 ἐπειδὴ
3244 1787 3311 1855 τῇ
3360 1786 3577 1855 εὐθηνίᾳ

329 1882 419 1937 illa
449 1882 658 1952 frugum
682 1882 858 1950 copia,
894 1882 1025 1938 nihil
1048 1884 1170 1939 boni
1194 1898 1257 1938 ac
1280 1883 1664 1937 humanitatem
1693 1881 1902 1958 liaben-

331 1974 402 2029 tis
429 1972 640 2028 consilii
692 1973 912 2039 inierit;
968 1974 1060 2029 sed
1123 1974 1305 2028 hiante
1357 1974 1560 2028 ventris
1610 1973 1900 2036 desiderio,

332 2061 559 2132 latisque
588 2078 652 2117 ac
688 2064 962 2118 immensis
1009 2064 1253 2119 avaritiae
1295 2063 1508 2118 sinibus
1543 2063 1763 2132 apertis,
1805 2077 1904 2117 suo

333 2153 501 2223 ipsius
533 2154 649 2208 usui
687 2170 751 2210 ac
791 2155 1051 2224 voluptati
1103 2155 1285 2209 omnia
1332 2155 1624 2218 addixerit,
1668 2154 1852 2209 diceus
1884 2170 1899 2207 z

331 2242 609 2298 Denta-uam
635 2245 822 2298 ltorrea
853 2261 993 2312 mea,
1033 2255 1082 2300 et
1107 2244 1312 2313 majora
1339 2253 1628 2311 exstruam,
1659 2253 1707 2296 et
1731 2244 1901 2296 dicam

328 2335 524 2389 animoe
549 2353 675 2390 meoe
709 2352 728 2390 .·
763 2335 934 2391 Habea
956 2336 1121 2390 multa
1144 2335 1282 2389 bona
1305 2337 1531 2403 reposita
1561 2350 1579 2398 ,·
1621 2336 1900 2403 requiesce,

327 2427 551 2487 comede.
587 2429 718 2494 bibe,
757 2429 970 2495 epulare
1017 2428 1088 2481 ¹¹¹.
1129 2428 1373 2495 Dumque
1420 2428 1534 2479 baec
1571 2425 1901 2494 loqueretur,

329 2516 502 2569 astitit
524 2517 614 2584 qui
644 2525 788 2570 esset
815 2517 1171 2570 abducturus,
1196 2514 1443 2568 Accessit
1467 2529 1762 2568 conservus
1794 2525 1897 2567 ter·

333 2604 479 2656 rzbtti
517 2604 716 2668 specie,
750 2605 840 2671 qni
896 2604 1140 2657 avulsum
1201 2618 1232 2656 a
1285 2602 1615 2656 villicatione
1669 2611 1901 2671 raperet.

325 2689 447 2746 «lam
478 2705 606 2744 vero
648 2692 775 2759 quid
822 2692 925 2744 vita
959 2691 1256 2761 voluptaria
1308 2690 1499 2757 juvat?
1557 2691 1734 2759 Atque
1792 2691 1906 2759 haec

331 2780 552 2851 quidem
595 2783 772 2837 vivide
798 2797 858 2836 ac
885 2784 1143 2853 graphice
1173 2785 1239 2837 ad
1266 2793 1508 2837 nostram
1540 2785 1740 2853 scripta
1777 2791 1905 2839 sunt

329 2870 771 2926 admonitionem.
807 2871 1025 2937 Quanta
1050 2887 1176 2927 vero
1199 2874 1307 2927 vita
1344 2873 1445 2927 ltac
1501 2874 1690 2927 liorutn
1741 2888 1903 2941 expe·

330 2961 561 3017 rientia?
593 2961 780 3017 Nonne
807 2964 920 3017 ltaec
955 2964 1171 3019 assidue
1210 2979 1389 3019 rernm
1424 2964 1536 3034 ipsa
1570 2964 1902 3019 exhibitione

332 3052 456 3106 talia
481 3053 865 3108 claritat21luxn
893 3070 1015 3109 eum
1054 3055 1291 3124 quidem,
1320 3055 1411 3126 qni
1466 3054 1686 3111 meridie
1715 3054 1902 3111 lirinus

330 3153 414 3198 est
440 3158 504 3197 ac
529 3145 733 3210 valeus,
764 3155 889 3199 aute
923 3147 1135 3215 hesperi
1165 3157 1366 3212 ortum,
1421 3157 1692 3203 mortuum
1724 3159 1905 3204 osten-

329 3237 440 3303 dit;
471 3235 730 3303 illumque
773 3237 862 3304 uui
888 3236 1099 3304 vesperi
1151 3252 1316 3292 sanus
1364 3248 1448 3293 est
1498 3254 1563 3294 ac
1601 3239 1901 3305 incolumis,

329 3326 558 3383 necdum
587 3325 857 3395 explicato
879 3326 1029 3381 radio
1050 3310 1656 3391 matutinoexstinctum
1686 3346 1707 3399 3
1740 3330 1902 3384 alium

330 3418 565 3487 denique
600 3417 738 3471 inter
763 3417 951 3485 epulas
980 3434 1041 3472 ac
1074 3417 1225 3473 cibos
1273 3419 1379 3472 vita
1419 3421 1730 3489 privatum?
1773 3421 1905 3489 Quis

330 3511 404 3562 ita
432 3509 684 3570 stolidus,
713 3520 768 3561 ut
803 3524 904 3561 non
928 3509 1125 3577 videat,
1154 3510 1274 3564 aliis
1302 3511 1528 3580 aliisque
1574 3513 1744 3567 modis
1772 3529 1906 3581 quo·

333 3602 458 3658 tidie
493 3617 589 3655 nos
619 3602 740 3656 vitae
771 3602 926 3668 liuius
970 3604 1376 3673 dispensatione
1434 3605 1682 3682 tuqveri?
1717 3605 1904 3659 Enim-

331 3707 460 3748 vero
507 3692 678 3749 bonus
708 3709 772 3749 ac
803 3694 976 3749 [idelis
1002 3710 1212 3760 servuS,
1244 3696 1428 3764 reique
1460 3697 1626 3766 probe
1677 3698 1906 3751 admini-

329 3790 513 3838 stratae
536 3785 861 3838 conscientia
904 3784 926 3836 l'
929 3794 1094 3850 retus,
1133 3786 1206 3838 ita
1232 3786 1411 3840 animo
1431 3796 1775 3854 comparatus
1799 3795 1903 3850 cst,

242 3912 254 3925 .
332 3875 409 3930 nti
437 3877 563 3931 olim
598 3876 816 3932 Paulus.
849 3877 941 3932 ille
969 3880 1257 3933 enimcum
1311 3893 1408 3935 nec
1446 3880 1701 3934 Dominus
1751 3895 1907 3950 urge·

333 3976 433 4029 ret,
470 3966 534 4020 ad
564 3981 683 4020 eum
715 3967 1029 4030 anhelabat,
1060 3984 1124 4023 ac
1154 3969 1288 4023 solvi
1343 3970 1616 4039 cupiebat,
1656 3971 1907 4040 ultroque

333 4052 724 4122 deprecabatur
756 4054 1155 4123 villicationem,
1180 4058 1378 4114 alicubi
1436 4061 1654 4130 quidem
1716 4062 1788 4116 ita
1824 4062 1908 4115 di·

330 4157 460 4197 cens
489 4160 502 4196 :
541 4141 734 4210 Infelix
759 4161 851 4212 eqo
880 4146 1052 4212 homo,
1078 4147 1196 4217 qaia
1223 4164 1303 4202 me
1331 4149 1567 4203 liberabit
1608 4151 1672 4204 de
1695 4166 1908 4219 corpore

331 4233 514 4286 ”tortis
539 4233 694 4303 liujus
715 4233 797 4286 ¹⁵¹?
819 4235 895 4289 Ac
940 4252 1129 4291 rursus
1158 4253 1172 4288 ε
1209 4237 1343 4293 mni
1373 4248 1548 4294 antem
1615 4242 1806 4296 bonum
1830 4253 1904 4297 eal

2002 1874 2112 1928 τῶν
2134 1876 2382 1949 καρπῶν,
2404 1877 2556 1930 ούδὲν
2574 1881 2602 1931 ὁ
2627 1877 2913 1948 ἄνθρωπος
2936 1895 3039 1949 χρη
3048 1878 3172 1930 στὸν
3196 1876 3575 1930 ἐδουλεύσατο·

2004 1965 2116 2019 ἀλλ’
2160 1966 2378 2031 ἀνοίξας
2422 1967 2656 2039 γαστρὸς
2693 1967 3019 2038 ἐπιθυμίαν,
3062 1968 3156 2021 καὶ
3197 1967 3327 2030 τοὺς
3359 1968 3581 2032 πλατεῖς

2004 2057 2096 2111 καὶ
2123 2058 2439 2128 ἀχωρήτους
2474 2059 2575 2128 τῆς
2607 2058 2922 2123 πλεονεξίας
2955 2058 3207 2123 κόλπους,
3238 2058 3421 2112 πάντα
3450 2060 3583 2112 ἀπε-

2004 2149 2206 2222 κλήρου
2248 2152 2317 2222 τῇ
2352 2150 2545 2204 ἑαυτοῦ
2598 2150 2916 2215 ἀπολαύσει,
2948 2151 3141 2219 λέγων·
3180 2150 3432 2205 Καθελῶ
3462 2169 3581 2221 μου

2002 2241 2109 2307 τὰς
2162 2240 2473 2308 ἀποθήκας
2496 2281 2511 2306 ,
2549 2241 2650 2296 καί
2697 2240 2972 2312 μείζονας
3018 2240 3431 2311 οἰκοδομήσω,
3481 2242 3580 2295 καί

2002 2332 2116 2401 ἑρῷ
2143 2332 2217 2400 τῇ
2253 2332 2428 2403 ψυχῇ
2446 2350 2566 2402 μου
2586 2350 2599 2364 ·
2637 2335 2835 2402 Ἔχεις
2862 2334 3062 2388 πολλὰ
3096 2333 3291 2403 ἀγαθὰ
3318 2335 3579 2404 κείμενα·

2004 2427 2338 2490 ἀναπαύου,
2373 2425 2545 2496 φάγε,
2576 2426 2697 2488 πίε,
2717 2427 3043 2495 εὐφραίνου
3067 2444 3081 2457 ·
3116 2426 3214 2479 καὶ
3242 2427 3457 2497 μεταξὺ
3488 2427 3583 2480 λα-

2003 2517 2237 2582 λοῦντος,
2281 2520 2309 2570 ὁ
2350 2518 2577 2587 ἀπάγων
2624 2517 2861 2589 ἐπέστη·
2897 2513 3028 2589 ἦλθε
3081 2516 3315 2589 φοδερὸς
3360 2517 3581 2572 σύνδου-

2004 2607 2115 2673 λος,
2146 2608 2490 2663 ἀνάσπαστον
2528 2610 2592 2663 ἐκ
2629 2610 2732 2679 τῆς
2759 2608 3073 2678 οἰκονομίας
3103 2608 3333 2673 ἀπάξων
3353 2625 3369 2639 ·
3398 2610 3494 2663 καὶ
3528 2609 3582 2663 τί

2001 2699 2063 2752 τὸ
2108 2699 2296 2769 ὄφελος
2343 2702 2445 2770 τῆς
2490 2700 2776 2772 φιληδόνου
2815 2699 3052 2769 βουλῆςς
3103 2700 3213 2753 Καὶ
3259 2700 3435 2754 ταῦτα
3484 2701 3582 2772 μὲν

2002 2792 2260 2864 ἐμψύχως
2291 2794 2504 2864 ἐγράφη
2534 2796 2616 2857 είς
2662 2792 2944 2846 νουθεσίαν
2992 2791 3169 2862 ἡμῶν.
3226 2792 3296 2846 Ἦ
3325 2793 3383 2847 δὲ
3418 2796 3582 2865 πεῖρα

2002 2884 2094 2938 τοῦ
2129 2885 2243 2955 βίου
2291 2886 2546 2958 ποταπή;
2598 2885 2672 2939 Οὐ
2708 2884 2830 2939 καθ’
2882 2885 3115 2954 ἑκάστην
3152 2883 3373 2956 ἡμέραν
3409 2885 3583 2939 ταῦτα

1928 3010 1975 3072 C
2005 2977 2071 3030 δι’
2129 2977 2305 3048 ἔργων
2353 2976 2474 3049 βοᾷ,
2522 2975 2775 3029 δεικνῦσα
2821 2977 2951 3046 ἡμῖν
2986 2975 3078 3028 τὸν
3124 2976 3183 3028 ἐν
3225 2976 3369 3048 μέσῃ
3402 2977 3582 3049 ἡμέρᾳ

2007 3069 2338 3138 ὑγιαίνοντα,
2383 3071 2489 3141 πρὸ
2527 3069 2629 3140 τῆς
2662 3068 2916 3139 ἐπιτολῆς
2948 3068 3043 3122 τοῦ
3082 3068 3327 3141 ἐσπέρου
3363 3070 3571 3141 νεκρόν·

2007 3162 2221 3216 καὶτὸν
2264 3163 2575 3234 ἐῤῥωμένον
2608 3163 2665 3214 ἐν
2727 3164 2792 3233 τῇ
2847 3162 3073 3233 ἑσπέρᾳ,
3112 3161 3214 3233 τὴν
3256 3163 3443 3217 ἀκτῖνα
3477 3163 3573 3232 τὴν

2006 3254 2234 3325 ἑωθινὴν
2272 3255 2332 3307 ού
2376 3253 2894 3326 καταλαμῦάνοντα·
2923 3255 3018 3307 καὶ
3058 3253 3219 3307 ἀλλον
3251 3253 3444 3325 μεταξὺ
3474 3253 3565 3306 τοῦ

2006 3346 2225 3410 ἐσθίειν,
2246 3345 2341 3400 τοῦ
2368 3343 2465 3416 ζῇν
2487 3345 2861 3417 ἀπολήγοντα;
2885 3344 2983 3407 Τίς
2996 3343 3051 3397 δὲ
3073 3342 3249 3408 οὕτως
3262 3340 3475 3415 ἠλίθιος.
3492 3340 3564 3404 ὡς

2010 3438 2083 3510 μὴ
2102 3439 2350 3509 συνορᾷν,
2375 3437 2523 3500 ὅπως
2549 3437 2874 3508 καθημέραν
2894 3435 3048 3498 ἄλλος
3070 3434 3264 3489 ἀλλοτε
3281 3434 3379 3507 τῆς
3392 3431 3574 3488 ἐνθάδε

2006 3531 2316 3602 οἰκονομίας
2339 3528 2596 3583 ἀποκινού
2607 3527 2764 3599 μεθα;
2803 3525 2943 3581 Ἀλλ’
2963 3530 2995 3582 ὀ
3020 3528 3118 3598 μὲν
3145 3527 3361 3597 ἀγαθὸς
3378 3528 3473 3581 καὶΙ
3499 3544 3587 3580 m·

2009 3622 2129 3684 στὸς
2155 3619 2372 3690 οἰκέτης
2386 3621 2480 3672 καί
2503 3618 2774 3682 πεποιθὼς
2794 3622 2861 3690 τῇ
2886 3619 3077 3672 ἑαυτοῦ
3109 3612 3399 3690 διοικήσει,
3415 3618 3592 3683 οὕτως

2008 3711 2119 3782 ἔχει
2132 3709 2373 3781 γνώμης,
2387 3711 2462 3774 ὡς
2476 3705 2588 3781 εἶχε
2607 3708 2837 3773 Παῦλος.
2874 3711 3111 3773 Ἐκεῖνος
3127 3709 3366 3782 γάρ,τοῦ
3385 3711 3585 3781 Κυρίου

2010 3803 2084 3875 μὴ
2108 3802 2541 3870 κατεπείγοντος,
2579 3800 2803 3853 ἔσπευδε
2828 3801 2963 3872 πρὸς
2987 3800 3169 3866 αὐτὸν,
3203 3800 3299 3854 καὶ
3321 3801 3421 3871 τὴν
3453 3802 3585 3855 ἀνά-

2006 3897 2158 3949 λυσιν
2193 3892 2379 3947 ἐπόθει
2403 3933 2418 3955 ,
2466 3893 2562 3946 καὶ
2606 3895 2901 3963 παρῃτεῖτο
2942 3891 3081 3946 ἑκὼν
3117 3891 3216 3964 τὴν
3242 3892 3577 3960 οἰκονομίαν,

2010 3988 2084 4058 πῆ
2116 3987 2212 4057 μὲν
2240 3985 2412 4054 λέγων
2432 4001 2449 4018 ·
2478 3983 2994 4052 Ταλαίπωροςέγὼ
3034 3983 3351 4052 ἅνθρωπος,
3378 3981 3473 4042 τίς
3489 3996 3577 4047 με

1999 4077 2252 4145 ῥύσεται
2288 4074 2357 4128 ἐκ
2394 4073 2499 4129 τοῦ
2557 4071 2829 4142 σώματος
2873 4071 2980 4125 τοῦ
3014 4070 3271 4127 θανάτου
3322 4068 3559 4130 τούτου,

2006 4165 2102 4218 καὶ
2140 4165 2329 4219 πάλιν·
2378 4164 2533 4233 Ἐμοὶ
2585 4161 2671 4229 δὲ,
2717 4162 2907 4216 καλὸν
2946 4161 3275 4224 ἀναλῦσαι,
3318 4157 3413 4213 καὶ
3452 4157 3573 4212 σὺν

2007 4256 2238 4328 Χριστῷ
2273 4257 2445 4311 εἶναι.
2482 4257 2541 4308 Ὅ
2573 4254 2630 4308 δὲ
2677 4255 2860 4324 γὴινος
2905 4253 2965 4307 τὸ
3000 4253 3288 4324 φρόνημα,
3342 4251 3437 4305 καὶ
3470 4248 3580 4303 τῶν

330 4323 567 4385 dissolvi,
595 4335 641 4378 et
675 4342 785 4380 ene
811 4343 924 4381 cnm
953 4327 1164 4383 Christo
1209 4331 1277 4384 ¹⁹.
1317 4330 1535 4396 Contra,
1590 4335 1681 4403 qui
1710 4333 1898 4404 plenus
1939 4346 1983 4400 D
2012 4346 2195 4420 βώλων
2230 4345 2446 4417 ἀληθῶς
2491 4343 2779 4414 συγγενὴς,
2813 4342 3035 4395 τοιαῦτα
3066 4341 3316 4413 ὀδύρεται
3363 4341 3579 4410 ἀμηχα·

332 4422 415 4467 est
448 4415 680 4470 terrenis
712 4417 1154 4486 cogitationibus.
1182 4420 1462 4491 glebisque
1485 4437 1549 4476 ac
1578 4423 1739 4479 humo
1781 4441 1908 4482 vere

331 4514 609 4574 cognatus,
631 4507 891 4576 ejusmodi
916 4509 1243 4565 lamentatur
1258 4514 1454 4568 anxius
1473 4515 1538 4570 de
1564 4517 1906 4584 migratione,

332 4605 494 4666 atque
523 4596 683 4653 homo
709 4598 795 4652 ille
816 4601 867 4653 in
896 4602 1148 4671 parabola
1172 4605 1500 4673 propositus:
1534 4607 1673 4672 Quid
1687 4607 1902 4677 saviam,

330 4688 455 4756 quia
499 4691 741 4745 dontinus
809 4709 952 4748 meus
1010 4695 1183 4764 ansere
1218 4713 1249 4750 a
1282 4713 1363 4750 me
1416 4697 1853 4765 dispensationem
1882 4701 1908 4754 ‚⁹

333 4776 384 4832 F
385 4780 539 4833 odere
561 4796 661 4834 non
682 4779 848 4846 valeo,
871 4783 1164 4838 mendicare
1190 4787 1471 4854 erubesco,·
1497 4788 1696 4843 desidis
1743 4791 1905 4846 simul

333 4881 495 4941 atque
523 4873 803 4942 voluptarii
829 4875 979 4930 dolor
1012 4875 1096 4930 hic
1149 4893 1213 4932 ac
1261 4882 1500 4948 querela.
1551 4879 1907 4939 Abiturientis

333 4963 476 5017 enim
507 4961 665 5019 fletus
694 4965 782 5019 ille
819 4980 882 5020 ac
912 4966 1163 5035 ejulatuS,
1211 4969 1482 5024 hominem
1531 4974 1705 5043 arguit
1735 4975 1906 5031 fundo

335 5053 628 5123 impensius
654 5056 948 5121 addictum,
976 5058 1177 5128 quique
1202 5061 1384 5116 carnis
1411 5061 1636 5118 vitiosas
1659 5064 1906 5135 volupta-

337 5151 417 5197 tes
445 5142 702 5212 deploret.
760 5141 1106 5204 ltnbecillitas
1153 5158 1330 5204 autem
1363 5166 1427 5206 ac
1485 5153 1609 5224 suga
1636 5154 1900 5220 laborum,

336 5233 458 5287 vitae
509 5250 603 5302 per
647 5236 892 5291 inertiam
949 5253 1012 5294 ac
1061 5241 1320 5296 desidiam
1385 5253 1515 5299 actae
1571 5256 1693 5301 nota
1722 5257 1804 5302 est
1838 5263 1903 5304 ac

335 5325 563 5381 crimen.
614 5323 746 5380 Nam
778 5327 821 5381 si
860 5329 1005 5398 operi
1054 5345 1119 5385 ac
1170 5331 1338 5388 labori
1369 5337 1715 5405 assuevisset,
1749 5354 1777 5393 a
1818 5339 1900 5396 lo-

335 5414 531 5470 diendo
548 5431 883 5487 nequaquam
915 5419 1249 5481 abhorreret.

409 5504 563 5573 Quod
583 5508 629 5563 si
678 5509 959 5579 allegorice
998 5512 1066 5568 de
1104 5514 1189 5570 his
1248 5531 1368 5586 quae
1423 5520 1522 5575 sul)
1574 5520 1899 5577 intellectum

2006 4440 2115 4495 νῶν
2151 4439 2244 4492 ἐπὶ
2272 4440 2339 4510 τῇ
2389 4434 2746 4508 μεταστάσει,
2780 4427 2866 4488 οἷα
2895 4427 3048 4496 οὗτος
3075 4434 3105 4485 ό
3134 4432 3237 4503 τῆς
3266 4429 3585 4502 παραδολῆς

2005 4531 2321 4604 ἅνθρωπος·
2359 4528 2420 4582 Τί
2447 4525 2679 4593 ποιήσω
2699 4566 2714 4592 ,
2751 4525 2838 4579 ὅτι
2873 4529 2904 4580 ὀ
2939 4523 3140 4592 κύριός
3160 4539 3283 4592 μου
3317 4520 3584 4592 ἀφαιρεῖ-

2004 4633 2100 4671 ται
2154 4614 2271 4686 τὴν
2322 4613 2667 4682 οἰκονομίαν
2722 4611 2821 4664 ἀπ’
2874 4609 3059 4680 ἐμοῦ,·
3114 4606 3422 4663 Σκάπτειν
3471 4608 3586 4661 οὐκ

2007 4708 2195 4778 ἰσχύω
2214 4746 2229 4770 ,
2262 4702 2533 4760 ἀπαιτεῖν
2570 4703 2948 4770 αἰσχύνομαι.
2998 4697 3192 4770 Ἀργοῦ
3218 4698 3317 4753 καὶ
3361 4698 3583 4768 φιληδό-

2004 4815 2096 4853 νου
2128 4800 2162 4871 l)
2191 4796 2357 4868 λύπη.
2391 4795 2465 4850 Τὸ
2496 4796 2592 4867 μὲν
2624 4793 2732 4865 γάρ
2754 4792 2846 4844 ἐπὶ
2873 4795 2939 4863 τῇ
2970 4791 3312 4861 ἀναχωρήσει
3334 4789 3580 4861 θρηνεῖν,

2010 4889 2229 4962 ἔλεγχός
2256 4891 2401 4943 ἐστιν
2439 4887 2532 4942 τοῦ
2567 4881 2987 4956 προστετηκέναι
3014 4880 3091 4952 τῷ
3121 4880 3329 4952 χωρίῳ,
3363 4881 3583 4945 καὶτὰς

2008 4982 2275 5055 ἐμπαθεῖς
2320 4981 2417 5052 τῆς
2450 4977 2651 5050 σαρκὸς
2703 4974 3028 5038 ἀπολαύσεις
3063 4970 3382 5042 ὀδύρεσθαι·
3415 4971 3479 5025 τὸ
3515 4971 3584 5037 ,δὲ

2008 5075 2288 5128 ἀδυνατεῖν
2314 5070 2449 5142 πρὸς
2477 5069 2656 5140 ἔργον,
2698 5065 2871 5138 ἀργοῦ
2901 5063 3015 5134 βίου
3046 5064 3142 5117 καὶ
3178 5061 3582 5116 ἀναπεπτωκό·

2013 5183 2101 5229 τος
2132 5165 2248 5218 ἐστὶ
2276 5162 2658 5233 κατηγόρημα.
2689 5160 2751 5212 El
2786 5157 2894 5231 γάρ
2918 5153 3061 5228 εἶχεν
3094 5155 3231 5227 πρὸς
3263 5153 3585 5225 φιλοπονίαν

2012 5256 2316 5328 συνήθειαν,
2356 5253 2455 5306 οὐκ
2481 5250 2547 5305 ἂν
2573 5249 2816 5319 ὲφοὸεῖτο
2837 5245 2929 5300 τοῦ
2958 5245 3236 5300 σκάπτειν.

2079 5520 2142 5573 Ei
2183 5517 2241 5570 δὲ
2274 5511 2648 5587 άλληγορικῶς
2697 5509 2795 5581 τὴν
2824 5505 3138 5581 παραδολὴν
3182 5505 3274 5558 ἐπὶ
3302 5504 3366 5559 τὸ
3389 5504 3585 5577 νοητὸν

408 5645 454 5677 ¹·
494 5645 679 5703 Manli.
717 5662 837 5716 xm,
869 5648 970 5717 42;
994 5655 1248 5726 xxn‚l5;
1277 5673 1423 5728 mv,
1465 5659 1524 5715 51
1557 5676 1572 5726 ;
1605 5674 1730 5724 xxv,
1785 5658 1873 5714 50.
1936 5657 1979 5690 ²⁷
2011 5654 2141 5712 Luc.
2181 5669 2275 5720 xtt,
2308 5652 2397 5719 ¹8,
2439 5650 2524 5706 ¹9.
2602 5644 2821 5702 ’⁸Rom.
2852 5657 2946 5709 vtt,
2983 5639 3074 5696 24.
3139 5640 3184 5673 ’⁹
3219 5638 3355 5695 Phil.
3392 5656 3433 5706 ι,
3486 5638 3583 5695 83.

328 5711 378 5750 ³⁰
412 5715 545 5788 Leg.
575 5719 676 5773 οὐκ
719 5719 813 5774 ἐπὶ
864 5737 1029 5794 μακρ.
