3725 6125
251 340 309 404 2¹
355 275 377 288 ’
1665 316 2064 382 ruarmo.

3437 307 3515 361 22

244 450 343 510 καὶ
370 446 579 520 ὴδύνθη
600 443 856 513 (cosmas
887 439 1172 512 AEgyptius
1216 435 1493 511 ἱδρύνθη),
1525 437 1582 489 ὲν
1631 438 1698 507 τῇ
1724 432 1833 486 τῶν
1861 435 1909 490 A
1940 428 2119 485 nianis
2150 430 2200 482 in
2230 424 2457 482 lectoris
2472 421 2841 487 commodum,
2868 421 2957 492 qui
2983 420 3082 475 has
3107 418 3358 475 cumillis
3383 434 3516 475 con-

247 539 498 614 οὐρανῶν
550 535 834 599 καθεσθεὶς
893 531 1140 605 βασιλείᾳ
1192 533 1250 586 ὲν
1308 529 1451 601 δεξιᾷ
1490 528 1582 582 τοῦ
1619 525 1830 597 Πατρός

251 630 474 703 (Cosm.
513 627 800 700 AEgyptius
839 625 935 679 τοῦ
966 623 1167 694 Θεοῦ).
1199 624 1391 678 lisdem
1441 621 1624 675 verbis
1647 619 1827 674 locum

258 723 406 780 hune
424 720 652 777 Philonis
679 719 850 775 relert
879 717 1110 773 Cosmas
1135 715 1439 787 AEgyptius.
1464 716 1521 770 ln
1547 728 1612 769 eo
1638 711 1826 775 variat,

262 814 403 884 quod
433 812 484 866 in
515 826 670 867 sacro
693 818 841 865 textu
872 808 1105 879 legit,‘1’t
1133 806 1444 880 ὼραιώῦης»
1463 805 1558 860 καὶ
1577 804 1629 860 τί
1650 802 1830 874 ἱδρύν-

264 904 390 975 θης;
411 903 521 958 Cur
548 906 809 970 speciosus
827 900 1000 968 sactus
1023 916 1100 964 es,
1124 908 1173 954 et
1191 915 1286 954 cur
1298 898 1543 965 firmatus
1559 914 1610 951 es
1625 898 1652 953 7
1671 910 1832 965 quam

258 993 543 1052 lectionem
588 1009 695 1048 non
732 992 860 1048 alibi
901 992 1161 1062 reperias.
1205 989 1565 1057 Quamobrem
1600 986 1734 1041 nihil
1767 1001 1831 1040 ex

255 1085 544 1145 collatione
577 1085 777 1141 borum
818 1084 1054 1140 locorum
1086 1098 1150 1139 ex
1187 1080 1487 1153 Epiphanio
1524 1088 1580 1135 et
1609 1076 1835 1134 Philone

250 1178 552 1250 colligitur,
582 1192 693 1249 quo
729 1176 909 1247 possis
950 1184 1192 1231 statuere
1238 1172 1521 1228 Philonem
1561 1183 1836 1224 commen-

257 1269 456 1324 tarium
494 1268 720 1339 quidem
754 1266 1120 1336 composuisse
1148 1266 1218 1321 ab
1250 1261 1629 1334 Epiphaniano
1652 1260 1836 1316 diver·

252 1375 413 1426 sum;
454 1361 596 1415 unde
639 1371 825 1414 tamen
876 1357 1041 1413 multa
1086 1356 1437 1427 decerpserit,
1483 1362 1537 1410 et
1580 1353 1637 1409 in
1667 1350 1836 1422 epito-

255 1464 379 1507 men
407 1452 627 1507 redacta
672 1450 726 1503 in
762 1464 919 1504 suum
947 1447 1252 1504 inseruerit.

328 1586 533 1643 Sextus
560 1587 711 1641 locus
737 1600 803 1640 ex
835 1583 1134 1653 Epiphanio
1156 1598 1276 1653 pag.
1309 1579 1399 1645 28,
1425 1580 1650 1649 ejusque
1676 1574 1840 1631 colla-

262 1680 339 1735 tio
360 1694 486 1734 cum
508 1678 739 1733 Philone
764 1676 898 1730 nihil
922 1675 1031 1730 tale
1067 1674 1250 1730 itidem
1279 1674 1490 1743 probat.
1528 1670 1663 1725 Nam
1693 1668 1736 1724 si
1773 1668 1840 1722 ad

264 1770 385 1838 eius
430 1769 574 1822 latus
612 1765 856 1821 ascribas
893 1781 1000 1820 nou
1043 1765 1204 1819 verba
1238 1765 1518 1833 desumpta
1551 1775 1616 1814 ex
1653 1768 1842 1814 catena
1877 1781 1921 1837 Β

272 1858 518 1924 Ιειιτεὶὶ,
552 1866 612 1910 ιιι
664 1855 793 1911 lecit
837 1856 921 1910 vir
976 1855 1393 1918 eruditissimus,
1439 1853 1533 1907 sed
1575 1852 1846 1921 integrum

272 1948 523 2004 Philonis
552 1946 733 2001 locum
765 1960 926 2015 quem
967 1944 1136 1999 habes
1156 1960 1300 1997 num.
1325 1944 1417 2008 26,
1445 1943 1629 1997 Graeca
1659 1949 1707 1993 et
1744 1936 1850 1991 La-

272 2041 387 2096 tina
427 2040 481 2094 in
533 2038 795 2093 omnibus
847 2035 1120 2107 repereris
1155 2032 1479 2087 consentire.
1514 2030 1684 2084 Verba
1719 2026 1852 2081 Phi-

273 2132 420 2189 lonis
458 2128 839 2193 ειιιιιεΕὐΘὺς
888 2126 1297 2198 ὑπομιμνήσκει
1345 2124 1407 2177 τὸ
1457 2119 1590 2193 αἷμα
1641 2121 1734 2175 καὶ
1791 2118 1853 2173 τὸ

273 2222 418 2292 ὕδωρ
445 2221 508 2277 τὸ
541 2222 750 2287 στάξαν
779 2222 840 2274 ὲν
880 2220 959 2291 τῷ
984 2218 1147 2274 πάθει
1176 2220 1240 2271 ὲκ
1263 2216 1503 2287 πλευρᾶς
1525 2213 1620 2267 τοῦ
1659 2211 1849 2285 Ἰησοῦ·

272 2334 294 2369 ι
325 2315 662 2386 ’Δποδεσμὸς
688 2315 790 2385 τῆς
814 2309 1342 2383 στάκτηςάδελφιδός
1360 2326 1460 2380 μου
1489 2308 1610 2379 ἐμοί
1625 2324 1639 2337 ·
1662 2326 1681 2360 ι
1716 2307 1854 2377 ὅπερ

265 2406 440 2461 ἐστίν·
490 2406 586 2459 Ἐκ
635 2404 732 2458 τοῦ
783 2403 1076 2468 στάξαντος
1118 2400 1326 2465 ὕδατος,
1357 2399 1449 2454 καὶ
1481 2399 1731 2469 αἵματος,
1760 2397 1855 2451 καὶ

265 2498 577 2569 πνεύματος
610 2496 710 2550 τοῦ
763 2496 829 2548 ὲκ
856 2494 1099 2566 πλευρᾶς
1132 2490 1319 2557 αὐτοῦ,
1356 2490 1515 2553 αὐτὸς
1547 2489 1736 2559 γέγονέ
1766 2504 1854 2559 μοι

266 2591 516 2661 νυμφίος.
549 2586 711 2658 κάγὼ
732 2585 896 2642 αὑτοῦ
923 2584 1109 2656 νύμφη
1125 2600 1139 2614 ·
1171 2583 1364 2655 αἵματι
1392 2582 1490 2654 μὲν
1513 2582 1594 2653 τῷ
1610 2584 1677 2636 ἐκ
1700 2582 1859 2635 πλευ-

268 2684 369 2755 ρᾶς
394 2680 560 2735 αὑτοῦ
586 2678 975 2751 ἀγοραζομένη
999 2676 1148 2746 αὐτῷ
1175 2675 1271 2730 καὶ
1302 2676 1702 2747 συναπτομένη.
1730 2675 1853 2730 ooa-

269 2788 324 2827 ιι
353 2772 411 2826 δὲ
458 2771 548 2841 νῷΑ
586 2771 696 2824 ἀπὸ
757 2766 979 2841 σαρκῶν
1025 2767 1196 2823 αὑτοῦ
1250 2763 1622 2835 βαπτιζομένη
1678 2761 1854 2833 αὐτῷ,

276 2861 558 2933 πνεύματι
596 2862 654 2916 δὲ
704 2859 782 2932 τῷ
825 2860 936 2914 ἀπὸ
964 2858 1218 2929 Θεότητος
1257 2856 1421 2912 αὐτοῦ
1451 2856 1858 2929 συγκρινομένη

283 2952 433 3023 αὐτῷ
477 2953 571 3007 καὶ
602 2951 974 3022 τελειουμένη.
1016 2952 1147 3016 Quae
1185 2949 1364 3005 omnia
1416 2946 1611 3003 Latine
1647 2932 1867 3002 rctldita'

278 3060 571 3117 cognosces
613 3047 667 3100 in
706 3044 1042 3116 Epiphanio:
1075 3041 1178 3098 Per
1233 3051 1435 3113 puttam
1489 3042 1667 3112 itaque
1717 3056 1859 3096 cont-

278 3150 529 3194 ·uemorat
559 3150 606 3192 et
653 3139 962 3208 sanquinem
991 3146 1037 3192 et
1071 3151 1285 3205 aquam,
1319 3151 1438 3205 quoe
1479 3135 1747 3204 fluxerunt
1793 3134 1858 3189 de
1885 3120 1932 3182 C

278 3231 432 3287 latere
462 3229 612 3285 Jesu.
655 3247 676 3282 ι
698 3228 1070 3291 Fasciculus.»
1122 3227 1314 3298 inquit,
1349 3245 1369 3278 ι
1394 3236 1552 3296 9nttoe
1583 3225 1857 3294 fratruelis

276 3338 418 3380 raetis
451 3323 611 3385 ιιιιἹιίς
631 3342 650 3376 ι
681 3338 744 3377 ac
761 3324 808 3377 si
825 3321 1056 3375 diceret:
1088 3318 1171 3374 Ea:
1193 3335 1327 3389 aqua
1357 3318 1437 3372 vet
1459 3318 1718 3389 sanquine
1736 3332 1855 3385 quoe

283 3412 490 3468 stillavit
519 3430 584 3468 ea:
619 3415 732 3483 ejus
765 3415 950 3479 latere,
990 3412 1099 3484 ipse
1125 3413 1257 3466 milti
1291 3409 1465 3480 [nctus
1495 3425 1719 3480 sponsus
1754 3422 1853 3471 est,

279 3518 322 3562 et
345 3523 441 3577 epo
464 3510 510 3562 ei
545 3524 770 3578 sponsa‚·
797 3509 1053 3577 sanquine
1075 3505 1285 3576 quidem
1317 3518 1382 3557 ex
1405 3502 1521 3572 ejus
1549 3501 1714 3555 latere
1732 3517 1859 3570 pro-

283 3602 496 3670 fluente,
519 3617 622 3669 quo
647 3603 694 3654 ei
724 3601 996 3668 redempta
1018 3611 1066 3651 et
1096 3605 1373 3666 caoeqttata
1395 3607 1548 3659 sum,-
1571 3609 1710 3664 aqaa
1738 3608 1858 3648 vero

286 3697 462 3748 caruis
483 3692 625 3761 ejus,
648 3706 737 3753 per
762 3703 924 3756 quam
959 3686 1005 3740 ei
1042 3687 1302 3757 baptizata
1328 3701 1447 3740 sum
1483 3696 1637 3756 atque
1659 3685 1858 3754 clarifi-

290 3794 415 3838 cata
440 3795 457 3844 ;
496 3779 688 3845 spiritu
708 3792 845 3836 uero.
871 3793 967 3848 quo
999 3778 1264 3834 divinitati
1305 3774 1422 3847 ejus
1448 3776 1697 3848 copulata
1717 3792 1858 3843 sunt,

298 3881 351 3927 et
373 3877 730 3924 consummata
750 3868 1041 3938 diqnascor.

365 3976 599 4048 Denique
627 3977 802 4031 locum
841 3976 1118 4048 Epiphanii
1152 3994 1205 4049 p.
1234 3981 1328 4047 23,
1367 3980 1436 4036 ad
1469 3995 1533 4037 ea
1559 3980 1701 4037 sacri
1734 3992 1855 4037 tex·

291 4078 374 4125 tus
422 4071 585 4125 verba
616 4086 630 4121 :
660 4066 793 4122 Filii
853 4071 1036 4124 matris
1081 4085 1214 4125 meoe
1268 4083 1624 4146 puqnaverunt
1672 4081 1857 4127 contra

290 4176 387 4224 aa,
408 4170 536 4225 etc..
559 4170 614 4215 et
639 4174 972 4232 v.sequent.,
997 4160 1292 4216 Posuerunt
1336 4178 1418 4216 me
1436 4163 1724 4229 custodem,
1746 4173 1853 4221 etc.

290 4254 485 4325 (quem
517 4253 696 4308 locum
741 4254 865 4319 buc,
894 4263 951 4307 ut
987 4252 1149 4322 paulo
1177 4252 1478 4323 longiorem
1535 4254 1682 4325 piget
1712 4266 1862 4311 tran·

291 4346 570 4416 scrihere),
599 4345 849 4400 collatum
879 4362 1005 4403 cum
1036 4356 1223 4402 catena
1252 4345 1466 4402 Meursii
1497 4362 1620 4418 pag.
1647 4345 1735 4414 16,
1767 4347 1859 4406 de·

1938 520 2083 576 l'erre
2116 518 2264 573 velit.

2013 613 2204 681 Epiplt.
2249 610 2371 666 125.
2417 609 2540 665 158.
2585 608 2707 663 147.
2754 607 2874 660 148.
2920 606 3045 659 156.
3085 604 3205 658 157.
3251 602 3372 658 163.

2008 683 2169 738 Philo
2238 682 2364 737 118.
2412 680 2529 736 145.
2572 678 2698 735 151.
2737 676 2861 732 152.
2903 675 3027 731 160.
3072 674 3195 729 161.
3235 672 3358 727 170.

2009 841 2195 907 Epipti.
2243 838 2365 894 165.
2408 838 2530 892 166.
2577 798 2862 893 tta—179.
2904 838 3026 895 181.

2012 911 2166 966 Philo
2232 911 2357 965 ιιι.
2402 908 2521 964 ¹72.
2565 907 2685 963 182.
2735 908 2852 963 188.

2017 1071 2210 1138 Εριριι.
2251 1070 2376 1126 188.
2417 1070 2543 1126 206.
2584 1030 2878 1125 sti-218.
2918 1069 3044 1124 225.
3083 1069 3208 1125 228.
3247 1069 3371 1126 229.

2015 1141 2173 1195 Philo
2255 1142 2376 1198 196.
2418 1143 2543 1198 216.
2583 1141 2711 1197 221.
2753 1138 2880 1195 228.
2919 1139 3048 1194 253.
3085 1138 3212 1194 237.
3246 1139 3372 1196 258.

2017 1295 2210 1367 Empta.
2253 1298 2381 1353 230.
2422 1299 2548 1354 257.
2590 1300 2715 1355 238.
2754 1302 2881 1358 239.
2921 1302 3049 1358 240.

2013 1367 2171 1422 Philo
2258 1368 2383 1424 259.
2425 1369 2551 1424 246.
2592 1370 2717 1427 2t7.
2757 1372 2882 1427 248.
2923 1372 3049 1429 249.

1944 1522 2166 1580 Caeterae
2231 1541 2419 1585 onmes
2474 1530 2607 1586 nihil
2650 1532 2793 1588 inter
2821 1548 2879 1589 se
2908 1532 3220 1605 discrepant
3258 1536 3530 1592 sententia

1943 1625 1999 1673 ct
2056 1620 2257 1686 verbis,
2311 1624 2597 1692 perpaucis
2655 1625 2895 1695 exceptis
2938 1641 2953 1678 τ
2983 1640 3213 1695 quarum
3278 1625 3525 1698 quaedam

1949 1713 2287 1768 concordant
2312 1729 2418 1769 non
2445 1714 2645 1782 verbis,
2676 1717 2771 1772 sed
2802 1715 3098 1783 sententia3
3124 1717 3370 1788 quaedam
3401 1733 3528 1788 par-

1956 1802 2050 1857 tim
2087 1806 2380 1869 sententia,
2405 1808 2602 1877 partim
2630 1809 2844 1877 verbis;
2879 1818 2933 1864 et
2962 1809 3015 1864 in
3045 1810 3112 1866 iis
3134 1808 3271 1880 apud
3300 1809 3532 1883 Epipha-

1960 1895 2110 1950 nium
2154 1897 2357 1967 aliquid
2410 1898 2495 1955 vel
2560 1901 2886 1969 detractum,
2924 1901 3009 1957 vel
3048 1900 3250 1971 aliquid
3291 1902 3528 1958 additum
3627 1949 3634 1954 .

1954 2003 2076 2045 esse
2100 1988 2541 2061 deprehenditur.
2570 1990 2934 2059 Quamobrem
2956 1994 3358 2066 Epiphanianus
3380 2009 3531 2051 com·

1958 2077 2257 2131 mentarius
2283 2076 2405 2146 jure
2441 2080 2654 2135 censeri
2689 2088 2870 2151 potest
2909 2080 3214 2138 Philoniani
3277 2083 3535 2153 interpre-

1958 2168 2112 2234 tatio,
2143 2182 2227 2233 ac,
2256 2177 2315 2223 ut
2353 2168 2432 2223 sit
2476 2169 2736 2239 Lequien,
2781 2171 2899 2228 loco
2936 2187 3085 2241 supr.
3120 2174 3299 2241 citat„
3334 2174 3530 2231 bacina

1958 2260 2264 2325 translatio,
2288 2277 2320 2313 a
2342 2257 2528 2316 Cra-co
2555 2262 2734 2317 codice
2756 2262 3038 2318 adntotlum
3066 2264 3389 2336 discrepans.

2029 2351 2085 2407 ln
2115 2366 2181 2408 ea
2221 2362 2398 2407 autem
2442 2352 2766 2422 quaestione,
2814 2365 2994 2411 utrum
3046 2353 3199 2411 Philo
3241 2356 3536 2429 Carpasius

1959 2446 2272 2517 episeopus,
2300 2462 2366 2501 an
2390 2444 2548 2501 Philo
2569 2445 2897 2524 Qpathius
2919 2449 3370 2506 commentarium
3397 2451 3531 2507 scri·

1960 2538 2131 2609 pserit
2151 2539 2206 2593 in
2240 2537 2514 2593 Canticum
2541 2539 2888 2605 canticorum,
2918 2536 3146 2595 tidenter
3172 2555 3305 2598 sane
3334 2542 3527 2601 doctus

1967 2630 2052 2684 vir
2089 2630 2402 2700 pronuntiat
2445 2630 2548 2700 (a),
2584 2639 2645 2684 ut
2676 2629 2785 2685 dixi
2836 2645 3021 2703 supra,
3070 2646 3270 2688 vanum
3318 2635 3537 2693 omniuo

1959 2735 2081 2779 esse
2127 2730 2518 2789 commentum,
2555 2718 2838 2777 Philonem
2879 2722 3091 2778 scilicet
3133 2720 3288 2793 cujus
3332 2725 3537 2785 mentio

1959 2821 2047 2867 est
2067 2812 2209 2881 apud
2237 2810 2544 2883 Polybium,
2562 2810 2705 2868 illius
2738 2812 3120 2869 commentarii
3149 2814 3325 2872 luisse
3348 2827 3540 2874 aucto-

1963 2916 2098 2958 rem.
2140 2902 2200 2957 Et
2247 2903 2489 2972 profecto
2520 2914 2763 2959 veterum
2799 2904 3123 2960 auctoritate
3153 2904 3250 2960 niti
3275 2919 3435 2975 posse
3470 2908 3540 2962 vi·

1964 2993 2152 3059 detur;
2184 3008 2328 3060 cnm,
2361 2993 2454 3066 qui
2480 2994 2799 3067 Carpasium
2831 2995 3025 3050 doceat
3064 2995 3221 3051 talem
3256 2997 3539 3072 scripsisse

1963 3087 2437 3152 commentarium,
2490 3087 2738 3144 invenias
2786 3103 2853 3144 cx
2910 3088 3184 3146 veteribus
3244 3091 3539 3147 neminem.

1965 3176 2167 3233 Contra
2206 3178 2437 3236 Cosmus
2482 3180 2746 3252 Egyptius
2793 3180 2945 3235 illum
2995 3181 3143 3238 clare
3190 3180 3540 3255 Carpathium

1965 3271 2248 3338 nominat;
2276 3280 2332 3327 et
2367 3271 2589 3341 Suidas,
2622 3284 2679 3330 ut
2724 3273 2929 3330 dictum
2960 3281 3064 3334 est.
3102 3275 3305 3332 diserte
3347 3274 3540 3344 inquit,

1963 3359 2148 3416 Φίλων.
2173 3363 2492 3435 Καρπάθιος
2534 3363 2780 3438 ἔγραψεν
2818 3366 3121 3438 ὑπόμνημα
3152 3367 3238 3432 εἰς
3253 3365 3319 3420 τὸ
3340 3361 3540 3438 ’ᾼσμα

1965 3449 2086 3506 τῶν
2108 3453 2411 3522 ᾀσμάτων.
2443 3452 2509 3511 Et
2544 3465 2723 3511 tannen
2762 3456 2893 3512 nihil
2936 3471 3001 3512 ca
3036 3458 3243 3512 ratione
3285 3458 3541 3512 cotnmoti

1964 3542 2068 3603 tiri
2096 3545 2263 3615 docti,
2292 3561 2510 3620 magna,
2542 3549 2682 3618 quod
2710 3547 2929 3603 Gnaeos
2955 3547 3169 3603 codices
3198 3548 3430 3604 tortasse
3461 3549 3537 3603 iu·

1965 3638 2265 3708 spexerint.
2281 3638 2475 3696 fiducia
2500 3640 2819 3711 Carpasium
2848 3640 2968 3712 ejus
2993 3643 3375 3697 commentarii
3401 3644 3543 3697 scri-

1971 3739 2182 3800 ptorem
2235 3728 2408 3785 fuisse
2465 3733 2905 3800 pronuntiarunt,
2958 3732 3235 3794 Garetius,
3276 3733 3538 3802 Loquien,

1965 3815 2305 3883 Holstenius3
2322 3831 2387 3874 ex
2400 3819 2595 3888 quibus
2608 3818 2913 3874 llolstenius
2928 3819 3125 3876 diserte
3138 3816 3371 3873 affirmat
3384 3822 3543 3888 vulgo

1966 3909 2106 3967 male
2125 3911 2383 3981 appellari
2397 3910 2766 3980 Carpathium.
2787 3911 3009 3966 Allatins
3025 3923 3204 3966 antem
3228 3911 3369 3966 hane
3394 3911 3543 3966 vide·

1969 4009 2053 4055 tur
2077 4001 2332 4056 dirimere
2345 4004 2786 4058 controversiam.
2810 4002 2903 4057 llle
2919 4006 3127 4058 enimin
3150 4006 3313 4060 citata
3332 4005 3395 4058 dc
3417 4001 3543 4058 Plei-

1966 4089 2173 4146 loniltus
2222 4092 2472 4158 diatriba,
2503 4093 2665 4149 allato
2692 4095 2931 4164 epistolae
2960 4095 3238 4164 Epiphanii
3272 4099 3338 4149 ad
3379 4095 3543 4151 loan-

1968 4197 2089 4238 nem
2114 4183 2657 4256 llierosolymitanum
2684 4187 2803 4241 loco
2836 4202 2995 4256 quem
3054 4188 3303 4255 superins
3356 4187 3541 4240 attuli-

1967 4275 2551 4340 tnus,ubisanctusille
2570 4280 2758 4332 doctor
2787 4279 3116 4333 mentionem
3141 4277 3270 4331 facit
3305 4275 3543 4330 Philonis

1967 4366 2222 4435 episcopi,
2244 4367 2422 4422 subdit
2441 4361 2701 4432 tridente,
2726 4368 2907 4433 lector,
2931 4366 3205 4420 Philonem
3228 4365 3367 4418 hunc
3385 4366 3546 4433 [nisse

295 4446 561 4492 ‘mmmm
590 4438 806 4506 ‘lumem
840 4437 1240 4507 deprehendes·
1267 4437 1364 4492 ⁸³¹¹
1390 4438 1530 4508 a[md
1578 4437 1859 4494 Plffloflem
1896 4475 1942 4531 ῃ
1968 4458 2266 4527 episcopum
2289 4458 2514 4529 regionis
2545 4474 2664 4528 quoe
2703 4459 2943 4528 proxima
2977 4469 3086 4510 erat
3115 4457 3379 4527 parochiae
3419 4455 3545 4525 lt'pi·

295 4543 440 4583 nm.
476 4528 566 4589 13.
599 4527 787 4584 Graeca
837 4530 981 4584 omni
1016 4545 1082 4584 ex
1137 4540 1290 4600 parte
1334 4531 1543 4587 Latinis
1586 4533 1705 4587 sine
1757 4531 1864 4588 ulla

295 4619 655 4676 diminutione
689 4621 1071 4688 respondentia
1100 4621 1286 4678 omnia
1316 4622 1581 4695 reperies.

360 4734 440 4789 Ex
471 4734 652 4790 aliatis
682 4734 848 4804 igitur
885 4734 1018 4791 locis
1059 4738 1489 4794 commentarius
1514 4739 1605 4810 qui
1636 4738 1870 4809 Epipha-

294 4825 384 4880 nio
411 4826 688 4888 tribuitur,
727 4843 869 4882 unus
900 4827 1149 4899 idemque
1188 4828 1406 4884 videtur
1428 4843 1550 4885 esse
1573 4844 1697 4885 cum
1717 4846 1869 4885 com·

295 4917 566 4972 mentario
616 4916 879 4973 Philonis.
916 4917 972 4974 ld
1003 4929 1184 4974 autem
1213 4935 1288 4976 eo
1317 4920 1530 4976 videtur
1553 4921 1867 4977 conlirmari

298 5020 450 5076 posse
480 5008 737 5073 validiuS,
771 5010 913 5078 quod
951 5025 1018 5066 ex
1045 5009 1296 5066 ducentis
1327 5013 1867 5083 undequinquaginta

297 5097 767 5166 explanatlonibus
817 5099 870 5154 in
926 5100 1301 5170 Epiphaniano
1349 5104 1744 5159 commentario
1787 5106 1871 5159 vi-

297 5187 424 5258 ginti
461 5199 700 5260 quatuor
743 5195 1126 5248 tatuurrunodo
1151 5208 1183 5248 a
1230 5193 1565 5251 Philonianis
1603 5196 1871 5251 sententia

301 5277 415 5346 ipsa
463 5279 802 5349 discrepant,
845 5294 983 5349 quas
1030 5283 1081 5336 in
1123 5284 1370 5354 subjecta
1423 5283 1619 5339 tabella
1649 5285 1874 5341 exhibe-

298 5384 438 5424 mus.
479 5369 536 5423 ln
564 5385 627 5425 ea
652 5369 885 5441 singulis
920 5374 1162 5430 numeris
1190 5375 1387 5446 quibus
1423 5375 1528 5432 ittae
1558 5376 1879 5448 explicatio-

300 5473 399 5515 nes
451 5468 708 5514 notantur
736 5462 790 5515 in
841 5461 1128 5534 Epiphanii
1190 5468 1602 5534 commentario,
1633 5469 1880 5539 singulos

301 5565 560 5607 uulneres
586 5551 908 5622 subjicimus
934 5557 1177 5627 adiectos
1201 5557 1664 5631 explicationibus
1693 5558 1881 5616 Philo·

365 5733 447 5809 (α)
482 5733 706 5794 omrai.
734 5737 804 5794 ad
836 5751 1128 5798 comment.
1157 5742 1420 5814 Epiphan.
1446 5761 1568 5819 pag.
1603 5743 1696 5804 2⁶.

1969 4546 2173 4617 phanii,
2197 4550 2396 4604 scilicet
2422 4550 2479 4604 in
2499 4552 2682 4604 eadem
2706 4549 2882 4603 insula
2910 4548 3070 4617 Cypri
3099 4549 3154 4601 in
3192 4548 3401 4602 cit-itate
3421 4545 3546 4600 Car·

1970 4641 2108 4708 pusii
2138 4655 2158 4694 .·
2185 4657 2277 4695 nec
2338 4640 2512 4695 obstat
2554 4656 2838 4711 cognomen
2888 4639 3184 4709 Carpathii.
3228 4635 3371 4699 Licet
3408 4638 3544 4691 enim

1971 4728 2289 4800 Carpathius
2308 4750 2341 4787 a
2375 4732 2643 4803 Carpatho
2663 4749 2820 4802 prope
2843 4732 3033 4788 Chium
3070 4732 3298 4788 insulam
3324 4748 3356 4785 a
3376 4730 3548 4800 Cypro

1974 4835 2225 4890 distante,
2269 4828 2316 4880 si
2355 4825 2666 4896 yeoqraphis
2699 4827 2963 4880 credimus
3007 4827 3075 4895 (a
3121 4842 3234 4897 qua
3270 4836 3317 4879 et
3366 4834 3547 4881 natum

1972 4923 2221 4994 adaqiutn
2270 4921 2300 4972 ὁ
2351 4917 2671 4990 Καρπάθιος
2717 4917 2809 4970 τὸν
2849 4916 3087 4985 λαγωόν,
3106 4927 3154 4972 et
3187 4933 3334 4971 mare
3370 4917 3541 4986 ipsum

1975 5013 2316 5083 Carpathium
2380 5008 2800 5077 coqnominatum
2829 5008 2849 5078 )
2900 5008 3139 5063 rideatur
3221 5009 3543 5072 deductum,-

1974 5114 2021 5160 et
2043 5099 2347 5168 aCarpasio
2384 5097 2565 5168 Cypri,
2601 5096 2676 5152 uel
2723 5097 3044 5170 Καρπασίᾳ,
3094 5099 3172 5151 σοι
3198 5095 3549 5170 Καρπασείᾳ,

1975 5190 2384 5264 υεΙΚαρὸασίᾳ,
2416 5189 2793 5258 Carpaseotes,
2842 5190 2948 5243 sive
3001 5190 3160 5243 etiam
3215 5205 3331 5243 cum
3384 5188 3549 5244 Theo·
3663 5173 3673 5180 ⁵

1978 5299 2166 5355 pompa
2192 5281 2522 5352 Carpasseus
2548 5281 2794 5334 dicatur:
2824 5289 2998 5333 tamen
3034 5282 3173 5333 scias
3211 5282 3310 5335 hoc
3352 5281 3549 5349 Carpa-

1983 5374 2117 5428 sium
2146 5390 2179 5427 a
2207 5371 2477 5426 nonnullis
2517 5380 2566 5425 et
2608 5371 2869 5440 proecipne
2920 5367 3202 5440 Xenaqorn
3234 5368 3548 5438 Carpathum

1986 5463 2328 5534 appellatum,
2353 5478 2386 5515 a
2411 5476 2513 5530 qno
2533 5461 2644 5514 sine
2676 5459 2833 5513 dnln'o
2878 5457 3197 5532 Carpathius
3226 5460 3308 5529 fit.
3332 5461 3543 5528 Stepha-

1992 5573 2089 5612 nus
2115 5571 2134 5611 .·
2160 5553 2461 5626 Καρπᾰσια
2490 5552 2644 5616 πόλις
2676 5550 2916 5624 Κύπρου,
2953 5552 3021 5625 ῆν
3049 5550 3376 5621 Πυγμαλίων
3406 5551 3546 5602 ἑκτι-

1970 5840 2023 5869 ¹1!
