3725 6125
111 281 210 337 321

1197 267 1481 326 nonnus
1514 266 1580 322 Χ.
1609 265 1672 322 tx
1710 266 1813 323 SS.
1851 264 2261 323 MARTYRES.

3296 270 3400 327 ³22

114 390 413 467 pap-551&
452 381 645 457 φίλος,
692 379 855 436 ἔθετο
877 379 935 436 δὲ
972 380 1234 455 φροντίδα
1269 382 1382 444 τοῖς
1422 378 1532 433 τῶν
1570 377 1709 432 ὅλων
1737 386 1783 440 A
1812 377 2053 431 omnium
2081 374 2450 447 passionibus,
2495 372 2617 430 asu
2652 374 2810 432 vellet
2849 334 3171 434 celebritate
3201 379 3401 450 litare,

113 478 530 554 πανηγυρίζειν
560 471 806 531 πάθεσιν.
845 470 1003 525 οὐκ*
976 488 1045 526 αν
1072 470 1286 543 ἡμέραν
1308 468 1585 540 παρῆλθεν
1614 466 1708 521 τοῦ

116 572 381 632 ἐνιαυτοῦ
402 567 675 640 &inprov-
718 564 906 618 Πᾶσαι
931 563 1040 635 γὰρ
1086 563 1269 635 ἔχουσι
1303 561 1588 634 κρείττονα
1614 559 1709 614 τοῦ

119 662 368 741 ἡλιακοῦ
406 660 597 716 κύκλου
630 656 861 729 κόσμον,
892 656 960 711 τὰ
997 655 1107 710 τῶν
1142 655 1406 725 γενναίων
1436 653 1711 725 ἀνδραγα-

125 759 383 831 θήματα.
424 748 629 820 Ἐπειδὴ
656 747 773 820 γάρ
797 751 826 803 ό
855 750 969 812 τοῖς
994 747 1180 811 καλοῖς
1232 745 1708 816 ἀντιτεταγμένος,

135 843 369 917 σφοδρὸν
402 840 530 912 πρὸς
554 838 619 892 τὸ
658 838 965 910 μυστήριον
999 834 1341 908 Χριστιανῶν
1385 834 1709 905 ἐπηρίσατο,

143 940 341 999 πάντας
374 933 428 987 δέ
471 932 712 986 πάσσων
758 932 826 1001 τῇ
861 928 1031 992 κόνει,
1066 930 1178 991 τοῖς
1226 926 1374 990 ἰδίοις
1402 927 1712 998 φρονήμασι

137 1027 370 1103 χωννῠειν
423 1021 804 1087 ἐσποῦδαζεν.
865 1021 961 1075 καὶ
1016 1020 1193 1091 μάτην
1246 1017 1555 1088 ἐνασχολεῖν
1600 1020 1712 1082 τοῖς

127 1115 509 1189 impetamur.
543 1113 650 1167 τοῦ
696 1111 874 1184 πηλοῦ
896 1129 909 1141 ·
949 1111 1190 1183 ἀρίστων
1213 1108 1422 1180 ἀνδρῶν
1456 1107 1660 1180 πλῆθος
1686 1110 1716 1163 ό

117 1210 233 1276 Θεὸς
255 1206 500 1278 &aeteae
532 1208 658 1269 τοῖς
686 1203 1140 1277 παραγγέλμασι,
1167 1202 1263 1255 κοιλ1
1289 1201 1714 1274 παιδοτριὸήσας

109 1303 235 1375 πρὸς
263 1298 593 1373 καρτερίαν
635 1298 736 1352 καὶ
767 1296 1018 1367 δύναμιν,
1050 1294 1376 1364 ἀντέστησεν
1404 1292 1482 1363 τῷ
1509 1292 1717 1348 ἀναιδεῖ

103 1396 197 1452 καὶ
239 1390 537 1463 ἐπιδοῦλῳ
588 1390 696 1461 τῆς
738 1387 1175 1461 άνθρωπότητος.
1232 1380 1390 1440 (lb-cot
1430 1384 1487 1438 δὲ
1530 1384 1714 1440 καινὸν

103 1482 481 1555 ἠγωνίσαντο,
510 1480 613 1534 καὶ
652 1480 716 1532 οὐ
761 1478 855 1533 τὸν
883 1477 1086 1551 συνήθη
1121 1475 1326 1546 ἀγῶνα.
1369 1475 1443 1529 Οὐ
1483 1474 1589 1548 γάρ
1622 1476 1714 1531 τύ·-

108 1591 339 1639 πτοντες
385 1573 425 1645 ἢ
466 1570 783 1645 ρηγνὺντες
825 1571 1135 1644 ἐκράτησαν
1161 1584 1177 1600 ·
1230 1567 1368 1624 ἀλλὰ
1414 1568 1717 1640 πάσχοντες

112 1668 455 1742 ἠρίστευσαν
490 1665 596 1720 καὶ
631 1663 986 1736 σφαζόμενοι.

188 1842 311 1898 Καὶ
342 1842 524 1904 ποῖον,
559 1840 748 1914 ἐρεῖς,
791 1839 821 1891 ό
855 1839 1162 1911 ἀκροατὴς,
1198 1840 1401 1912 κράτος
1443 1838 1721 1909 πολέμου;

118 1936 208 2001 τίς
245 1934 305 1989 δέ
334 1932 698 2005 εὖδοκίμησις
722 1929 903 2001 αῦτη,
952 1931 1013 1985 τὸ
1056 1948 1185 2003 στρε
1161 1930 1460 2001 ὅλωθῆναι
1491 1930 1587 1984 καὶ
1616 1947 1722 2002 μα-

124 2025 445 2100 στιχθῆναι,
472 2024 570 2079 καὶ
601 2021 741 2095 πρός
772 2039 836 2092 γε
871 2022 920 2075 δι
924 2021 958 2075 ὰ
1008 2022 1180 2094 πυρὸς
1199 2023 1281 2094 ,ἢ
1319 2023 1526 2093 ξίφους,
1560 2022 1723 2092 ἦκα·

133 2116 367 2179 κώσεως
404 2111 797 2186 δεσμωτηρίων
841 2111 1152 2167 καταλῦσαι
1202 2112 1292 2165 τὸν
1347 2111 1502 2183 βίον;
1563 2112 1725 2167 Αλλά

145 2210 334 2282 μάθε,
381 2206 461 2271 ὡς
502 2207 555 2260 οἱ
590 2204 729 2277 ὑπὲρ
773 2203 965 2259 εὐσεὸε
972 2204 1054 2268 ίας
1104 2204 1355 2275 πόλεμοι,
1396 2203 1723 2257 ἀπεναντίον

142 2293 543 2372 κατορθοῦνται
570 2293 674 2349 τῶν
699 2293 900 2349 ἄλλων.
932 2296 992 2347 Οἱ
1022 2294 1120 2365 μὲν
1145 2294 1296 2364 γὰρ
1281 2310 1339 2346 εν
1366 2292 1445 2362 τῷ
1468 2291 1725 2362 φονεῦσαι

137 2384 243 2455 τήν
270 2380 556 2456 ἀριστείαν
585 2380 767 2454 ἔχουσι
792 2398 805 2411 ·
841 2382 892 2435 οἱ
921 2380 996 2445 δὲ,
1034 2381 1123 2435 διὰ
1157 2381 1251 2434 τοῦ
1287 2382 1478 2435 παθεῖν
1502 2383 1596 2436 καὶ
1631 2399 1728 2435 πε-

136 2477 256 2530 σεῖν
285 2472 636 2544 ἐνεργοῦνται
683 2471 790 2543 τὴν
839 2472 1016 2543 νίκην.
1071 2470 1360 2544 Παρρησία
1405 2471 1463 2525 δὲ
1502 2472 1727 2527 δικαίων

134 2566 352 2622 ἐπιτελεῖ
378 2565 482 2632 τὰς
504 2564 646 2638 ὑπὲρ
673 2562 767 2618 τοῦ
801 2562 1008 2634 κόσμου
1046 2562 1341 2633 πρεσόείας
1365 2581 1378 2596 ·
1407 2563 1503 2618 καὶ
1537 2563 1727 2619 ἔλαθεν

133 2660 165 2711 ὁ
213 2656 418 2730 ἐχθρὸς
475 2655 592 2719 τοῖς
649 2652 917 2716 ἐναντίοις
980 2651 1312 2724 περιπεσὼν,
1363 2652 1396 2723 ἢ
1454 2653 1725 2708 ἐὸούλετο.

138 2752 340 2814 'ssew-3
369 2746 485 2820 γὰρ
511 2743 747 2816 ἔσφαξεν
782 2746 1241 2817 μαρτυρήσαντας
1265 2784 1278 2805 ,
1309 2742 1600 2808 τοσούτους
1634 2745 1729 2798 ἀνα

140 2840 379 2916 θρώπων
418 2837 653 2911 βοηθοὺς
701 2836 1134 2907 παρεσκεύασεν.
1185 2834 1297 2889 Καὶ
1337 2835 1430 2888 ἐπὶ
1465 2835 1647 2907 πάσης
1672 2834 1729 2889 δέ

142 2930 395 3006 πράξεως
419 2929 583 2985 τοῦτο
610 2928 840 3001 πάσχων
878 2927 1224 3001 εὑρίσκεται·
1259 2928 1382 2981 ὅθεν
1417 2929 1732 3000 ἐμποδίζειν

1824 486 1893 523 ne
1925 468 2068 523 diem
2121 467 2335 536 quidem
2385 468 2437 520 in
2488 481 2631 522 anno
2674 481 2781 521 non
2836 465 3035 524 festum
3077 472 3403 541 praeteriret.

1829 559 2077 617 Universi
2108 558 2309 615 etenim
2338 559 2499 615 solari
2535 559 2650 631 ipso
2671 558 2831 631 globo
2861 560 3214 619 illustriorem
3244 581 3406 621 mnn-

1824 652 1995 716 dum,
2028 650 2286 721 preclara
2333 659 2684 705 summorum
2738 649 2975 706 virorum
3017 650 3259 710 facinora
3308 657 3410 711 hn-

1821 743 1970 797 bent.
1995 740 2133 809 Quia
2152 744 2295 796 enim
2329 740 2395 805 is,
2422 742 2511 811 qui
2545 742 2699 797 lionis
2719 744 3062 811 adversatur,
3086 746 3138 801 vi
3170 750 3407 804 maxima

1822 833 2254 889 Christianorum
2306 833 2632 887 moliebatur
2674 835 3010 904 pessundare
3060 839 3411 909 mysterium,

1823 925 2217 995 universosque
2261 923 2561 980 furfuribus
2609 940 2904 998 aspergens
2927 965 2944 990 ,
2978 929 3151 984 sensis
3184 931 3299 987 suis
3344 948 3413 991 ac

1823 1015 2108 1073 affectibus
2157 1018 2390 1073 obruere
2419 1018 2712 1084 nitebatur,
2766 1034 2831 1075 ac
2873 1035 3030 1076 casso
3066 1021 3270 1091 labore,
3305 1024 3400 1080 luti

1821 1107 2078 1177 operibus
2105 1122 2411 1179 occupare;
2454 1117 2802 1164 strenuorum
2852 1111 2996 1168 Deus
3031 1113 3270 1170 virorum
3313 1131 3411 1171 eo·

1824 1194 1967 1265 piam
2021 1196 2241 1251 monitis
2292 1197 2606 1265 instruens,
2642 1206 2806 1269 atque
2839 1201 2905 1255 ad
2954 1201 3289 1259 tolerandum
3342 1221 3413 1263 ae

1825 1285 2050 1342 virtutis
2071 1287 2338 1343 edendum
2352 1279 2630 1358 specimen
2650 1329 2665 1354 ,
2695 1290 2952 1346 erudiens
2977 1291 3405 1365 informatusque,

1826 1376 2121 1448 impudenti
2142 1380 2240 1444 illi,
2267 1395 2332 1437 ae
2359 1381 2568 1437 insidiis
2593 1382 2886 1438 humanum
2919 1387 3191 1456 appetenti
3219 1402 3410 1457 genus,

1825 1469 2047 1541 objecit.
2111 1469 2176 1525 lli
2210 1487 2338 1528 vero
2390 1488 2588 1528 novum
2623 1474 2991 1542 desudarunt,
3028 1492 3093 1534 ac
3122 1479 3257 1534 nillil
3285 1496 3414 1536 eon-

1828 1571 2044 1616 suetum
2109 1574 2409 1620 certamen.
2442 1562 2553 1619 Nec
2582 1564 2727 1620 enim
2750 1567 3009 1623 caedendo
3033 1583 3097 1625 ac
3123 1570 3269 1626 acies
3298 1587 3415 1642 pcr-

1827 1649 2114 1721 fungendo
2145 1654 2380 1710 victores
2421 1656 2793 1725 exstiterunt,
2830 1658 2926 1714 sed
2958 1662 3212 1729 patiendo
3249 1671 3414 1733 atque

1750 1749 1794 1806 Β
1823 1742 1991 1798 occisi
2026 1752 2247 1801 strenue
2280 1746 2608 1801 habuerunt.

1898 1833 2082 1902 Qualis
2104 1850 2255 1904 vero,
2286 1837 2518 1908 inquies,
2554 1838 2785 1905 tunditur,
2817 1840 2941 1897 belli
2959 1842 3219 1898 victoria?
3242 1843 3417 1912 Quod·

1826 1940 1955 1980 nam
1984 1934 2162 1982 autem
2211 1943 2383 1999 genus
2413 1930 2543 1986 illud
2594 1932 2870 1998 facinoris,
2898 1945 2955 1988 ut
2987 1937 3269 1990 tormentis
3294 1936 3417 2005 quis

1827 2030 1892 2069 ae
1920 2015 2235 2070 verberibus
2280 2016 2636 2086 subjiciatur;
2675 2023 2741 2075 ad
2790 2021 2904 2077 haec
2938 2030 3146 2087 autem,
3178 2032 3236 2077 ut
3267 2024 3414 2094 igni,

1826 2104 1910 2158 vel
1936 2104 2136 2176 gladio,
2170 2115 2264 2160 aut
2327 2109 2565 2164 carceris
2608 2114 2971 2167 maceratione
3013 2114 3164 2168 liniat
3198 2115 3411 2172 vitam!

1827 2193 2025 2250 Verum
2054 2197 2291 2261 noveris,
2329 2211 2449 2267 quae
2481 2198 2619 2253 bella
2657 2202 2984 2272 suscipimus
3007 2204 3226 2274 pictatis
3249 2221 3403 2278 ergo,

1827 2301 1987 2344 secus
2024 2288 2136 2358 geri
2169 2298 2333 2358 atque
2385 2288 2510 2344 alia.
2544 2288 2677 2345 Nam
2730 2291 2833 2345 alia
2870 2293 3088 2360 quidem
3133 2294 3310 2363 bella,
3350 2300 3409 2356 in

1827 2380 2066 2436 cmdibus
2113 2396 2175 2434 ac
2224 2390 2405 2450 strage
2442 2382 2711 2447 ltostimn,
2755 2381 3087 2440 fortitudinis
3128 2389 3409 2456 specimen

1831 2473 2071 2539 liabent5
2107 2472 2224 2527 ltaec
2253 2483 2434 2528 autem
2505 2474 2830 2529 certantium
2865 2476 3115 2545 passione
3147 2493 3211 2533 ac
3243 2490 3416 2536 morte

1830 2563 2111 2618 victoriam
2142 2564 2379 2632 pariunt.
2413 2563 2581 2620 Porro
2612 2565 2785 2620 saucti
2809 2564 2831 2628 .'
2855 2581 2951 2634 pre
2982 2581 3046 2622 ea
3073 2582 3177 2637 qua
3208 2568 3412 2638 pollent

1836 2655 2059 2724 fiducia,
2095 2658 2279 2712 mundi
2317 2657 2705 2713 intercessores
2735 2658 3029 2727 exsistunt,
3061 2661 3420 2733 nesciensque

1832 2748 2008 2804 ltostis
2033 2789 2049 2813 ,
2083 2749 2133 2802 in
2166 2763 2355 2803 eorum
2383 2764 2504 2819 quae
2546 2749 2780 2804 babebat
2807 2752 3101 2821 proposita,
3136 2755 3416 2809 contraria

1782 2905 1794 2918 .
1833 2836 2040 2893 incidit.
2074 2838 2216 2906 Quot
2250 2840 2392 2894 euim
2426 2839 2691 2911 martyrio
2718 2840 3036 2903 perfunctos
3072 2843 3311 2909 occidit..
3343 2851 3423 2899 tot

1834 2930 2113 2985 ltomintttn
2168 2930 2445 2999 adjutores
2490 2929 2639 2986 fecit.
2695 2927 3019 3002 Videasque,
3062 2932 3113 2985 iu
3163 2933 3417 2988 omuibus

141 3025 315 3080 οίεται
358 3022 460 3095 τὴν
510 3018 820 3085 εὐσὲδειαν,
870 3016 1269 3084 κατασκευάζει
1312 3018 1410 3090 τῆς
1447 3017 1727 3083 εὐσεδείας
1833 3037 1954 3093 quse
1982 3022 2319 3092 designavit,
2353 3022 2454 3077 ltoc
2488 3022 2662 3093 ipsum
2701 3038 2917 3093 passum
2960 3039 3099 3080 esse.
3138 3023 3291 3082 Unde
3316 3038 3418 3095 pu·

136 3115 234 3183 τὴν
267 3113 524 3186 αὔξησιν.
561 3111 658 3184 Τῷ
691 3110 802 3183 γὰρ
837 3110 1004 3183 μωρῷ
1032 3111 1130 3164 καὶ
1157 3109 1372 3181 ἄφρονι,
1402 3111 1481 3173 είς
1508 3111 1730 3164 τοὺναν-
1756 3098 1798 3155 C
1833 3124 1913 3167 tat
1961 3113 2146 3183 pietati
2189 3127 2248 3168 se
2286 3112 2729 3181 impedimentum
2756 3113 3086 3175 allaturum:
3156 3115 3281 3171 inde
3327 3131 3424 3170 au-

139 3209 245 3264 τίον
292 3211 325 3263 ό
372 3205 544 3277 σοφὸς
589 3204 725 3269 Θεὸς
767 3204 1078 3276 περιίστησι
1123 3203 1192 3258 τά
1225 3203 1585 3276 βουλεύματα.
1621 3204 1732 3258 Καὶ

140 3297 291 3356 τοῦτο
334 3300 457 3361 τοῖς
510 3294 836 3369 πράγμασιν
866 3293 1095 3347 ἑκάστου
1144 3294 1340 3365 καιροῦ
1381 3293 1727 3366 παρακολου-

141 3393 359 3458 θοῦντες
392 3390 751 3462 εὑρίσκομεν,
793 3387 889 3459 τὴν
918 3386 1132 3440 ἔκθεσιν
1158 3387 1254 3441 τοῦ
1292 3387 1593 3452 Μωῦσέως,
1631 3387 1733 3460 τήν

139 3484 347 3556 πράσιν
370 3482 473 3537 τοῦ
510 3482 733 3553 Ἰωσήφ.
780 3479 956 3543 Εὐθὺς
978 3480 1036 3533 ἐν
1067 3480 1208 3552 ἀρχῇ
1237 3480 1328 3534 τὸν
1357 3479 1610 3550 δεύτερον
1635 3479 1730 3533 άν·

139 3574 367 3650 θ’ρωπσν
422 3572 519 3629 ὢν
594 3556 763 3626 ‘Asea
815 3571 1126 3641 ἐφόνευσεν,
1184 3571 1274 3624 ἴνα
1329 3570 1438 3624 τῶν
1495 3569 1732 3623 εὐσεδῶν

147 3662 367 3733 ἐκκόψῃ
394 3659 465 3714 'cb
484 3659 722 3731 σπέρμα,
757 3661 854 3713 καὶ
878 3659 1186 3732 τοῦμπαλιν
1225 3658 1464 3729 ἐγένετο.
1506 3659 1734 3714 Ἐκτοτε

155 3754 268 3824 γὰρ
291 3751 616 3822 ἀνδροφόνοι
639 3752 909 3820 μισοῦνται
944 3751 1211 3824 σφοδρῶς,
1241 3750 1298 3816 ἐξ
1328 3744 1390 3805 οὗ
1414 3752 1554 3806 Κάῖν
1585 3750 1735 3825 παρὰ

168 3842 264 3894 τοῦ
294 3838 442 3893 Θεοῦ
467 3839 750 3914 κατηράθη.
784 3840 860 3895 Τὸ
892 3840 986 3893 τοῦ
1021 3839 1282 3912 Χριστοῦ,
1310 3840 1392 3893 ὅτι
1430 3840 1735 3911 ἐνήργησεν

186 3932 264 3995 εἰς
306 3929 584 3996 Ἰουδαίους
624 3934 650 3986 ό
686 3933 966 3999 Σατανᾶς,
1001 3932 1088 3985 ἵνα
1121 3929 1507 4003 σταυρώσωσιν
1551 3929 1734 3986 αὐτόν.

174 4023 244 4078 Τό
267 4023 400 4078 αὐτὸ
436 4022 501 4097 δή
526 4025 620 4080 καὶ
659 4024 755 4079 ἐπὶ
792 4029 906 4088 τοῖς
936 4025 1172 4095 μάρτυσι
1208 4022 1498 4086 πέπονθεν,
1530 4016 1606 4076 ὧν
1637 4039 1737 4076 κα-

162 4114 492 4188 ταφρονοῦσι
516 4116 701 4172 πολλοὶ
724 4117 983 4181 ὐπουδίας
1006 4118 1189 4180 ἀνείας
1213 4118 1278 4179 δ’,
1311 4114 1735 4181 ἐξευτελίζοντες

157 4205 343 4260 αὐτῶν
376 4205 441 4260 τὸ
472 4205 717 4279 ἀξίωμα.
773 4208 886 4261 Οὐκ
932 4207 1217 4279 ἄνθρωπός
1259 4209 1436 4274 ἐστιν;
1467 4207 1568 4260 οὐκ
1615 4205 1738 4259 ἐδα·

158 4298 381 4371 πανήθη
406 4297 468 4353 τδ
491 4299 690 4372 σιῖιμα;
722 4300 824 4354 οὐκ
852 4301 910 4352 ἐν
937 4300 1140 4369 ὀλίγοις
1168 4299 1462 4371 λειψάνοις,
1491 4300 1586 4354 καὶ
1615 4297 1739 4352 τού-

157 4408 273 4456 τοις
313 4391 771 4464 ἐγκεχωσμένοις,
819 4390 1055 4463 αὐτῶνή
1111 4393 1336 4464 μνήμης

158 4481 333 4537 ταῦτα
363 4480 631 4555 Ἕλληνες
677 4483 774 4537 καὶ
804 4483 1127 4554 Εὑνομιανοί
1171 4501 1336 4554 φασιν
1355 4501 1368 4515 ·

160 4575 299 4647 πρὸς
326 4574 697 4647 ἀμφοτέρους.

238 4754 442 4825 Ἡμεῖς
474 4752 761 4826 μάρτυρας
802 4754 864 4808 οὐ
913 4752 1346 4826 προσκυνοῦμεν,
1384 4750 1521 4805 ἀλλὰ
1564 4749 1742 4821 τιμῶ-

166 4862 286 4917 μεν,
330 4843 407 4908 ὡς
448 4842 708 4916 γνησίους
760 4846 1147 4918 προσκυνητάς
1178 4842 1346 4898 Θεοῦ·
1397 4844 1458 4896 οὐ
1511 4841 1745 4913 σέᾶομεν

163 4932 487 5007 ἀνθρώπους
512 4974 528 5001 ,
566 4934 920 5008 θαυμάζομεν
964 4937 1021 4990 δέ
1076 4938 1200 4999 τοὺς
1234 4936 1293 4989 ἐν
1333 4934 1510 5006 καιρῷ
1543 4950 1746 5004 πειρα-

170 5028 318 5098 σμῶν
334 5025 520 5090 καλῶς
544 5025 906 5091 σεὸασθέντας
936 5026 1071 5098 Θεῷ.
1100 5027 1189 5081 Ἐν
1218 5026 1414 5099 θήκαις
1437 5026 1748 5096 φιλοκάλοις

172 5103 561 5188 ἁποτιθὲμεθα,
593 5117 686 5172 καὶ
709 5117 893 5181 οἴκους
924 5118 1023 5189 τῆς
1047 5118 1404 5182 ἀναπαύσεως
1438 5117 1745 5190 ἐγείρομεν,

170 5210 283 5272 ταῖς
329 5212 710 5273 κατασκευαῖς
755 5210 1226 5282 μεγαλοπρεπεῖς,
1284 5210 1372 5264 ἵνα
1414 5209 1750 5280 ζηλώσωμεν

172 5299 261 5363 τὰς
297 5302 412 5354 τῶν
446 5299 633 5364 καλῶς
670 5300 1111 5372 τελευτησάντων
1151 5300 1317 5371 τιμάς
1341 5317 1356 5334 ·
1382 5302 1483 5354 οὔκ
1516 5299 1750 5372 ἄμισθον

162 5389 216 5444 δέ
247 5391 351 5463 τὴν
383 5392 468 5454 είς
498 5392 699 5455 αὐτοὺς
747 5393 982 5464 σπουδὴν
1009 5392 1423 5463 ἐπιδεικνύμεθα
1445 5432 1459 5455 ,
1496 5391 1631 5448 ἀλλὰ
1650 5395 1750 5465 τῆς

168 5483 508 5556 προστασίας
582 5481 764 5536 αὐτῶν
812 5483 910 5554 τῆς
984 5484 1120 5556 πρὸς
1188 5484 1319 5538 Θεὸν
1377 5482 1749 5558 ἀπολαύομεν.

248 5705 291 5738 “
323 5705 632 5771 ὕπουδαίας
669 5704 879 5772 μνείας.

1834 3217 2111 3278 gmentum
2164 3207 2352 3276 pietati
2429 3207 2671 3262 asciscit.
2719 3209 2811 3265 Dei
2871 3225 3101 3281 namque
3130 3209 3424 3280 sapientia,

1834 3300 2002 3357 stulto
2032 3299 2105 3354 illi
2147 3315 2218 3355 ac
2253 3301 2450 3366 insano
2489 3301 2716 3358 consilia
2759 3303 2812 3356 in
2846 3302 3179 3358 contrarium
3216 3303 3377 3357 vertit
3404 3339 3421 3366 ,

1835 3391 1999 3463 idque
2024 3392 2119 3456 ita,
2160 3392 2421 3463 cuiusque
2456 3395 2714 3463 temporis
2755 3408 2841 3448 res
2879 3402 3060 3464 gestas
3083 3391 3413 3454 recolenteS,

1836 3483 2033 3538 habere
2089 3483 2435 3552 iuveuimus;
2499 3495 2675 3556 puta,
2734 3485 2939 3555 Moysis
2998 3482 3423 3552 expositionem.

1836 3574 2199 3629 veuditionem
2228 3573 2470 3645 Josephi.
2506 3575 2703 3630 Statim
2736 3575 2789 3628 in
2822 3574 3087 3643 principio
3119 3572 3418 3628 secundum

1837 3662 2110 3720 bominem
2159 3662 2381 3717 Abelem
2414 3664 2611 3719 occidit
2632 3702 2648 3725 ,
2678 3679 2784 3733 qno
2817 3665 3029 3733 piorum
3074 3662 3422 3718 exscinderet

1837 3770 2059 3820 semem
2090 3769 2246 3808 secus
2277 3762 2457 3808 autem
2504 3753 2704 3808 evenit.
2737 3754 2818 3808 At»
2854 3768 2919 3808 eo
2964 3753 3106 3808 enim
3149 3761 3416 3822 tempore,

1837 3857 1946 3913 quo
1994 3841 2135 3897 Deus
2206 3840 2484 3896 maledixit
2539 3837 2712 3909 Cain,
2762 3841 2909 3912 gravi
2966 3840 3249 3895 homicidae
3298 3843 3424 3896 odio

1841 3934 2127 3990 habentur.
2159 3933 2247 3988 Sie
2280 3934 2333 3987 iu
2386 3932 2627 3999 Christo,
2667 3948 2828 4004 quem
2869 3933 3098 3988 Satanas
3126 3933 3272 3989 cruci
3304 3932 3424 3989 assi-

1840 4028 2069 4098 gendum
2106 4027 2156 4080 in
2198 4023 2507 4081 Judaeorum
2535 4028 2747 4082 animos
2796 4026 3039 4082 immisit.
3081 4026 3197 4082 Hoc
3240 4027 3427 4098 utique

1842 4118 2015 4188 ipsum
2065 4116 2139 4172 illi
2190 4116 2244 4172 iu
2296 4117 2623 4188 martyribus
2674 4117 2890 4183 accidit,
2946 4131 3174 4186 quorum
3238 4116 3426 4187 piures

1841 4211 2229 4265 subterraneas
2263 4210 2555 4265 memorias
2607 4219 2903 4280 spernunt,
2934 4224 3120 4264 eorum
3151 4210 3429 4265 elevantes

1844 4318 1910 4358 ae
1947 4303 2035 4357 vili
2067 4303 2360 4374 pendentes
2391 4302 2729 4372 dignitatem.
2778 4300 2970 4357 Nonne
2990 4341 3009 4368 ,
3040 4300 3311 4371 inquiunt,
3338 4301 3427 4358 itte

1392 4390 1644 4446 Μάλιστα
1674 4390 1740 4461 δὴ
1772 4437 1818 4493 n
1847 4396 2010 4450 homo
2058 4395 2181 4450 est?
2235 4408 2417 4449 nonne
2457 4408 2656 4465 corpus
2699 4392 3040 4464 absumptum
3078 4393 3206 4449 est?
3251 4406 3429 4449 nonne

1412 4483 1655 4555 εἴπωμεν
1682 4481 1740 4535 δὲ
1850 4501 2041 4542 eorum
2072 4487 2333 4542 memoria
2356 4486 2408 4540 in
2440 4485 2684 4555 pauculis
2711 4484 2975 4554 reliquiis,
3002 4483 3179 4554 iisque
3206 4484 3430 4554 sepultis

1853 4579 2025 4649 posita
2052 4579 2176 4633 est?
2220 4575 2346 4633 flaec
2373 4578 2529 4647 plane
2559 4574 2787 4646 gentiles
2818 4573 3113 4644 obiiciunt,
3142 4590 3207 4631 ac
3250 4575 3431 4630 Euno-

1853 4665 2021 4721 miani
2047 4682 2064 4732 ·‚
2105 4680 2203 4721 nos
2233 4679 2361 4721 vero
2389 4666 2456 4719 ad
2483 4674 2740 4734 utrosque
2767 4663 3032 4718 dieamus.

1925 4755 2036 4813 Nos
2087 4757 2309 4813 minime
2354 4755 2595 4828 gentium
2649 4755 2939 4811 adoramus
2983 4764 3279 4827 martyres,
3333 4755 3428 4811 sed

1854 4859 2111 4920 tanquam
2144 4851 2289 4906 veris
2317 4849 2410 4905 Dei
2438 4848 2816 4905 adoratoribus
2859 4847 3120 4904 habemus
3143 4848 3429 4904 honorem.

1854 4939 1972 4995 Non
2020 4940 2250 4997 colimus
2295 4940 2579 5006 homiues;
2638 4939 2731 4995 sed
2802 4954 2897 4994 eos
2940 4939 3294 5002 admiramur,
3336 4939 3431 5009 qui

1857 5043 2099 5101 ternpore
2146 5033 2582 5104 persecutionum
2652 5031 2715 5097 in,
2762 5029 2857 5086 Dei
2916 5016 3177 5101 praeclare
3223 5029 3428 5087 cultum

1855 5123 2125 5192 absumpti
2155 5131 2301 5177 sunt.
2334 5121 2389 5176 ln
2421 5120 2614 5176 loculis
2643 5135 2708 5175 ae
2747 5118 3007 5189 sepulcris
3044 5118 3268 5187 pulchre
3318 5120 3432 5175 ela·

1858 5214 2067 5269 boratis
2093 5214 2434 5284 deponimus,
2458 5213 2855 5282 structurisque
2901 5210 3213 5283 magnificas
3241 5226 3433 5268 eorum

1854 5305 2207 5374 requietionis
2237 5305 2544 5359 excitamus
2579 5303 2764 5360 domos
2790 5344 2807 5371 ,
2839 5313 2895 5359 ιιι
2928 5317 3119 5359 eorum
3158 5303 3251 5372 qui
3297 5319 3437 5375 prm·

1850 5396 1998 5451 clare
2022 5395 2130 5449 vita
2159 5393 2327 5452 functi
2355 5404 2504 5462 sunt,
2539 5398 2777 5452 honores
2799 5395 3136 5452 aemulemur.
3170 5395 3282 5454 Nec
3306 5411 3435 5451 vero

1848 5487 2099 5545 mercede
2140 5500 2371 5544 vacuum
2420 5487 2475 5544 in
2526 5501 2621 5545 eos
2664 5487 2988 5546 exhibemus
3033 5488 3294 5555 studium,
3338 5485 3435 5543 sed
