3725 6125
308 259 413 316 585

1580 254 1638 308 S.
1679 247 1954 307 Asu-:nit
1996 246 2298 303 AMASEM

3452 249 3563 307 28⁴

316 374 668 444 complectar,
717 372 986 444 fugiamus
1021 386 1117 442 pro
1160 368 1366 425 viribus
1407 368 1588 423 luxum
1635 378 1689 422 et
1732 368 1884 420 voln-
1915 367 1961 423 A
1993 362 2302 432 φιληδονίαν
2340 361 2419 424 είς
2463 358 2725 431 δύναμιν·
2776 358 3055 431 ἀμήχανον
3100 359 3211 430 γάρ
3249 359 3344 414 τὸν
3397 362 3563 419 αὐτὸν

312 477 520 536 piatum
548 468 925 521 illectamenta.
954 461 1097 516 Fieri
1131 463 1273 516 enim
1306 476 1411 515 non
1442 468 1633 529 potest,
1661 468 1719 511 ut
1739 457 1878 511 idem

315 560 386 611 sit
412 566 465 610 et
493 555 822 624 voluptatum
869 558 922 606 et
970 549 1059 604 Dei
1101 559 1352 616 amator;
1407 564 1529 603 nant
1562 547 1653 617 qni
1688 560 1882 616 corpus

317 656 482 712 amat,
515 646 602 701 ille
637 640 937 699 necessario
978 655 1193 712 quoqne
1245 641 1527 712 pecuniam
1562 639 1781 693 amabit.
1814 638 1885 691 At

316 739 410 808 qui
435 735 711 808 pecuniam
736 741 901 795 amat,
921 733 968 787 is
992 731 1222 801 injustus
1238 740 1348 797 est;
1382 742 1438 785 at
1460 731 1551 800 qui
1583 731 1635 785 in
1662 730 1884 799 laqueos

316 824 594 895 injustitiae
624 823 833 889 incidit,
882 823 928 879 is
976 820 1136 877 facile
1185 823 1347 878 etiam
1407 824 1622 877 decreta
1669 820 1885 889 pictatis

312 914 763 986 transgredietur,
819 922 875 969 et
939 912 1243 982 sapientum
1316 912 1459 983 leges
1524 908 1881 974 conculcabit,

315 1006 473 1065 facile
501 1008 664 1064 etiam
704 1007 758 1060 in
791 1007 976 1062 illicita
1014 1006 1246 1069 labetur,
1284 1005 1409 1060 inde
1454 1005 1556 1058 sibi
1601 1000 1882 1057 materiam

272 1101 383 1155 'ad
430 1100 729 1156 suavitates
781 1112 1079 1170 corrogans
1127 1106 1183 1155 ct
1237 1097 1530 1167 colligens,
1596 1095 1886 1163 omniaque

314 1190 597 1260 iniustitiae
627 1191 797 1263 spolia
843 1189 1105 1263 voluptati
1203 1198 1460 1259 tanquam
1497 1185 1728 1242 dotninae
1771 1197 1890 1239 suae

310 1283 544 1340 donans.

389 1416 470 1473 Ne
501 1407 700 1489 tug'erts
731 1416 943 1472 labores
974 1424 1030 1472 et
1057 1412 1422 1482 difficultates,
1446 1429 1567 1486 qua
1595 1430 1648 1471 m
1678 1423 1885 1484 tempe-

319 1508 498 1565 rantia
528 1509 729 1564 insunt.
767 1506 875 1563 Sed
904 1520 1054 1577 spem
1093 1519 1304 1577 oppone
1335 1503 1584 1575 praesenti
1615 1502 1804 1566 labori,
1831 1510 1887 1557 et

316 1599 512 1656 leniter
542 1597 922 1654 abstinentiam
965 1597 1034 1652 ab
1072 1595 1346 1652 alimentis
1379 1593 1540 1651 seres.
1575 1594 1762 1663 ingere
1790 1591 1883 1648 tibi

1985 448 2124 506 εἶναι
2163 451 2441 524 φιλήδονον
2488 450 2582 504 καί
2636 448 2901 519 φιλόθεον.
2937 450 2997 504 '0
3028 449 3139 521 γὰρ
3187 450 3563 522 φιλοσώματος

1983 542 2041 609 ἐξ
2072 543 2317 613 ἀνάγκης
2336 541 2485 595 ἔσται
2512 540 2603 595 καὶ
2628 539 3054 612 φιλοχρήματος,
3083 541 3115 593 ὁ
3139 540 3198 594 δὲ
3220 540 3564 613 φιλοχρήμα-

1989 652 2099 699 τος,
2150 634 2332 699 ἀδικος
2351 652 2366 668 ·
2402 636 2431 689 ὀ
2458 634 2516 687 δὲ
2538 634 2637 704 τῆς
2665 631 2879 698 ἀδικίας
2906 634 3037 687 είσω
3077 632 3280 698 πεσὼν,
3318 634 3564 707 ὑπερδή-

1988 741 2142 778 σεται
2161 724 2361 796 ῥαδίως
2378 724 2611 796 θεσμοὺς
2644 724 2946 788 εὐσεὸείας,
2981 724 3073 779 καὶ
3105 727 3341 796 πατησει
3364 726 3564 797 νόμους

1985 814 2192 885 σοφῶν·
2225 816 2534 886 ὲγχειρήσει
2568 814 2626 869 δὲ
2654 816 2768 874 τοῖς
2794 813 3262 886 ἀπηγορευμένοις
3302 813 3561 881 εὐκόλως,

1982 906 2201 962 δκεϊθεν
2232 905 2411 977 ἐαυτῷ
2435 906 2535 970 τὰς
2575 905 2708 971 ὔλας
2743 904 3011 977 ἀθροίζων
3038 906 3139 977 τῆς
3182 904 3560 972 ἀπολαύσεως,

1989 995 2086 1051 καί
2112 998 2290 1052 πάντα
2312 996 2382 1052 τὰ
2400 997 2615 1069 λάφυρα
2638 997 2739 1067 τῆς
2765 994 2979 1060 ἀδικίας
3030 998 3095 1067 τῇ
3123 996 3290 1068 ἡδονῇ
3323 996 3561 1069 δωροφο·

1985 1088 2117 1161 ρῶν,
2150 1088 2229 1153 ὡς
2248 1088 2522 1160 δεσποίνῃ.

2058 1409 2152 1482 Μὴ
2202 1410 2380 1483 φύγῃς
2415 1411 2515 1482 τὴν
2562 1410 2863 1484 μοχθηρίαν
2906 1409 3005 1481 τῆς
3037 1410 3379 1482 ἐγκρατείας·
3411 1412 3543 1467 &m

1985 1500 2088 1566 τὰς
2111 1502 2333 1566 ἐλπίδας
2375 1502 2589 1567 ἀντίθες
2621 1501 2698 1573 τῷ
2724 1501 2955 1573 παρόντι
2988 1500 3157 1573 πόνῳ,
3206 1503 3303 1556 καὶ
3343 1503 3550 1572 κούφως

1990 1593 2301 1667 παρελεύσῃ
2328 1593 2429 1664 τὴν
2466 1594 2568 1663 τῆς
2614 1593 2969 1665 μεταλήψεως
3002 1594 3213 1665 ἀποχήν
3232 1612 3246 1623 ·
3276 1594 3397 1649 εἰπὲ
3425 1595 3557 1667 πρὸς

316 1691 429 1746 ltaec
461 1689 541 1745 vel
571 1690 673 1743 alia
699 1689 915 1760 pietatis
945 1687 1146 1742 monita
1175 1687 1470 1743 :Amarum
1500 1695 1580 1741 est
1600 1684 1886 1756 jeJuniutn,
1922 1682 2183 1750 Β,έαυτδν
2233 1685 2457 1770 ρηματα
2510 1682 2819 1748 εὐσεόείας·
2861 1683 3039 1755 Πικρὰ
3082 1686 3114 1755 η
3152 1684 3400 1755 νηστεία,
3445 1683 3557 1739 ἀλλ’

316 1780 411 1837 sed
437 1780 609 1836 dulcis
630 1779 938 1851 paradisus.
997 1778 1214 1835 Molesta
1265 1786 1349 1835 est
1400 1777 1544 1843 sitis,
1595 1777 1686 1832 sed
1723 1790 1888 1845 prope

311 1881 398 1930 est
433 1870 590 1937 sons,
633 1886 698 1927 ex
730 1886 837 1942 qno
876 1871 965 1939 qni
1021 1871 1253 1935 biberit,·
1284 1885 1391 1926 non
1433 1869 1581 1926 sitiet
1629 1868 1683 1923 in
1726 1878 1888 1923 aeter-

316 1981 443 2022 num
474 1969 542 2023 ²².
581 1965 944 2032 importunum
994 1972 1079 2018 est
1124 1977 1344 2034 corpus,
1399 1962 1493 2019 sed
1535 1960 1762 2016 validior
1803 1969 1888 2015 est

316 2054 635 2140 incorporea
668 2052 869 2107 anima.
910 2050 1184 2108 Emortnae
1224 2059 1351 2106 sunt
1384 2050 1549 2115 vires,
1593 2052 1686 2105 sed
1724 2064 1889 2121 prope

316 2151 403 2200 est
455 2142 798 2198 resurrectio.
856 2141 948 2196 Dic
992 2140 1193 2206 ventri,
1235 2155 1360 2196 cnm
1400 2141 1567 2195 instat
1614 2149 1669 2196 et
1707 2147 1884 2207 urget,

319 2234 450 2291 tttud
479 2233 684 2289 Domini
723 2233 943 2287 verbum
977 2250 990 2287 ε
1026 2230 1149 2286 Non
1177 2231 1231 2285 in
1259 2231 1371 2286 solo
1398 2248 1533 2300 peine
1560 2231 1678 2285 vivit
1708 2232 1884 2293 ltomu,

314 2326 410 2381 ssd
441 2326 496 2380 in
519 2326 660 2380 omni
692 2324 860 2392 verbo,
902 2325 1043 2394 qnod
1078 2324 1308 2395 procedit
1335 2322 1400 2377 de
1423 2339 1513 2377 ore
1539 2322 1634 2377 Dei
1666 2323 1747 2388 ²⁸3
1780 2338 1885 2376 nnn

287 2425 402 2478 est
436 2417 626 2483 l'ames,
661 2416 756 2471 sed
789 2417 982 2487 exigua
1015 2416 1231 2481 dilatio;
1271 2430 1377 2470 non
1428 2424 1512 2470 est
1550 2428 1729 2484 poena,
1763 2429 1885 2483 qnae

319 2508 479 2564 vitari
512 2516 767 2579 nequeat,
797 2508 893 2561 sed
907 2479 1094 2561 'iibere
1126 2504 1485 2570 abstinentia3
1532 2519 1637 2557 non
1677 2503 1886 2556 sert-ilis

317 2602 632 2665 necessitas,
681 2597 775 2653 sed
816 2595 988 2652 libere
1035 2605 1284 2667 suscepta
1337 2596 1499 2651 actio.
1548 2592 1802 2659 Precare,
1835 2605 1889 2648 et

320 2692 465 2744 vit-cs
494 2686 1000 2759 suppeditabantur.
1035 2686 1304 2756 luvocata,
1338 2699 1392 2742 et
1426 2685 1478 2740 in
1509 2693 1756 2755 promptu
1784 2686 1889 2740 erit

321 2781 555 2853 assum.

397 2910 596 2968 Recole
629 2914 888 2970 memoria
917 2923 1151 2971 veterem
1192 2914 1478 2972 historiam
1516 2916 1582 2982 ⁸⁸,
1613 2926 1667 2971 et
1691 2916 1887 2971 intelli-

321 3019 418 3075 με
476 3004 746 3076 quomodo
800 3006 891 3077 qui
945 3004 1162 3078 pietatis
1205 3020 1365 3063 cansa
1411 3021 1608 3078 corpus
1656 3006 1883 3078 castiga·

1990 1773 2121 1844 ἡδὺς
2165 1774 2195 1826 ό
2237 1774 2597 1846 παράδεισος·
2639 1774 2887 1847 ἐπαχθὴς
2932 1777 2967 1847 ἡ
2998 1774 3149 1845 δίψα,
3182 1776 3301 1830 ἀλλ’
3329 1779 3497 1846 ἐγγὺς
3528 1778 3559 1848 ἡ

1988 1864 2164 1937 πηγὴ,
2189 1864 2252 1930 ἐξ
2276 1861 2344 1939 ἧς
2376 1867 2406 1919 ό
2438 1866 2607 1920 πίνων
2631 1867 2693 1920 οὐ
2716 1865 2932 1937 διψήσει
2952 1868 3031 1931 εἰς
3057 1867 3147 1921 τὸν
3177 1865 3370 1920 αἰῶνα.
3404 1868 3557 1920 Ἀτο-

1989 1974 2089 2012 πον
2127 1956 2190 2010 τὸ
2231 1957 2411 2028 σῶμα,
2454 1956 2567 2012 ἀλλ’
2605 1957 2926 2030 ἰσχυροτέρα
2968 1956 3133 2029 ψυχὴ,
3168 1960 3202 2029 ἠ
3248 1958 3558 2029 ἀσώματος.

1987 2047 2177 2122 Νεκρὰ
2201 2050 2236 2120 ἡ
2262 2047 2511 2120 δύναμις,
2533 2048 2650 2102 ἀλλ’
2673 2048 2841 2117 ἐγγὺς
2863 2049 2897 2119 ἠ
2921 2048 3236 2112 ἀνάστασις.
3267 2048 3405 2102 Εἰπὲ
3427 2049 3564 2119 πρὸς

1987 2140 2085 2211 τὴν
2112 2140 2434 2207 ἐπείγουσαν
2459 2138 2702 2212 γαστέρα
2729 2140 2825 2192 καί
2857 2138 2921 2193 σὺ
2947 2138 3041 2194 τοῦ
3075 2140 3284 2211 Κυρίου
3308 2141 3372 2194 τὸ
3394 2141 3559 2211 ῥῆμα·

1993 2232 2115 2284 Οὐκ
2134 2230 2228 2284 ἐπ’
2263 2230 2421 2299 ἄρτῳ
2438 2230 2607 2299 μόνῳ
2640 2228 2882 2300 ζήσεται
2920 2230 3249 2301 ἅνθρωπος,
3297 2233 3439 2287 ἀλλ’
3464 2232 3561 2287 ἐπὶ

1988 2320 2406 2391 παντίρήματι
2435 2321 2604 2377 Θεοῦ.
2663 2322 2738 2375 Οὐ
2786 2322 2946 2393 λιμός
2997 2324 3169 2387 ἔστιν,
3198 2323 3358 2378 ,ἀλλὰ
3393 2324 3563 2395 μικρὰ

1990 2413 2237 2486 παρολκὴ
2256 2430 2269 2444 ·
2288 2413 2389 2467 οὐκ
2412 2413 2781 2486 ἀπαραίτητος
2804 2414 3065 2486 τιμωρία,
3098 2414 3216 2469 ἀλλ’
3239 2415 3563 2487 αὐθαίρετος

1988 2504 2168 2577 ἀποχὴ
2191 2521 2206 2536 ·
2252 2507 2315 2559 οὐ
2358 2504 2728 2578 δουλοπρεπὴς
2761 2506 2996 2577 ἀνάγκη,
3044 2505 3162 2561 ἀλλ’
3197 2507 3460 2581 ἐλευθέρα
3479 2526 3565 2578 φι-

1988 2595 2231 2666 λοσοφία.
2247 2593 2436 2662 Εὗξαι,
2454 2596 2549 2651 καί
2570 2596 2809 2667 ἰσχύσεις
2824 2613 2841 2630 ·
2871 2596 3221 2664 έπικάλεσαι,
3239 2600 3339 2655 καὶ
3351 2601 3563 2672 ἕτοιμος

1989 2686 2397 2759 παραστήσεταί
2428 2704 2509 2741 σοι
2535 2685 2744 2758 βοηθός.

2072 2909 2329 2964 Ἀνὰλαὸε
2354 2912 2419 2981 τῇ
2447 2910 2635 2983 μνήμῃ
2662 2910 2895 2965 παλαιὰν
2936 2912 3200 2983 ἱστορίαν,
3222 2912 3318 2966 καὶ
3347 2913 3575 2987 μαθήσῃ

1992 3001 2139 3065 ὅπως
2160 3004 2208 3056 οί
2241 3001 2307 3055 δι’
2330 3002 2605 3055 εὐσέὸειαν
2637 3002 2796 3074 σῶμα
2828 3002 3129 3069 πιέζοντες,
3169 3003 3281 3057 τῶν
3314 3004 3562 3077 τρυφών-

324 3104 469 3165 runt,
527 3095 753 3153 delicate
812 3098 1118 3154 viventibus
1177 3107 1234 3155 et
1289 3114 1499 3155 merum
1557 3100 1676 3154 sine
1731 3099 1889 3153 mutto
1916 3096 1957 3152 C
1990 3110 2119 3155 των,
2161 3095 2256 3148 καί
2292 3094 2458 3148 πολὺν
2498 3095 2837 3166 ἐγχεομένων
2875 3093 2966 3148 τδν
3010 3093 3271 3165 ἄκρατον,
3312 3094 3436 3149 οὔτε
3481 3099 3562 3160 είς

322 3181 786 3250 esbaturientibns,
814 3200 988 3255 neque
1019 3185 1221 3241 viribus
1240 3190 1348 3240 slnt
1372 3186 1686 3253 inferiores,
1717 3199 1889 3256 ncqne

323 3285 542 3345 aspectu
596 3275 912 3342 deteriores,
954 3277 1109 3348 qnasi
1153 3279 1352 3335 amissa
1392 3289 1673 3338 vestustate
1723 3277 1889 3335 ‹lello-

330 3367 722 3422 ruerintznam
771 3366 1116 3438 Assyriorum
1177 3383 1295 3433 rex,
1354 3366 1446 3437 qni
1504 3362 1681 3423 omnia'
1736 3369 1888 3423 carni

326 3458 672 3532 largiebatur,
702 3460 898 3531 quique
928 3460 995 3514 ad
1034 3458 1384 3530 voluptariam
1422 3459 1608 3524 vitam,
1643 3460 1788 3515 velut
1818 3461 1886 3516 ad

325 3564 586 3624 praesepe,
618 3568 723 3605 nno
755 3554 917 3606 verbo
942 3566 1131 3607 omnes
1168 3551 1463 3621 voluptatis
1513 3554 1885 3619 adtttittisth,

325 3641 524 3697 eximie
576 3654 805 3710 corpore
836 3642 1059 3696 decoros
1103 3650 1158 3695 et
1205 3650 1424 3710 aspectu
1469 3642 1725 3699 amabiles
1770 3659 1891 3700 esse

325 3728 513 3791 voluit,
554 3736 743 3784 utnon
791 3729 964 3784 solnm
1008 3743 1070 3785 os
1096 3741 1150 3786 et
1180 3740 1405 3800 gustus,
1463 3732 1557 3788 sed
1604 3742 1658 3787 et
1704 3732 1890 3787 oculus

328 3820 521 3876 intuitu
562 3820 976 3891 pulchritudinis
1005 3821 1388 3880 oblectaretur.
1419 3823 1569 3880 Tunc
1595 3832 1707 3879 tres
1738 3825 1887 3894 pueri

326 3911 394 3965 de
438 3909 752 3978 captivitate
804 3907 969 3962 lsrael
1032 3908 1086 3963 in
1163 3908 1464 3979 catalogum
1523 3909 1888 3964 ministrorum

332 4001 598 4070 regiorum
627 4002 876 4070 ascripti,
917 4001 986 4056 ab
1013 4000 1155 4057 escis
1187 4002 1348 4070 regiae
1372 4016 1569 4057 mcnsoe
1588 4042 1603 4066 ,
1635 4012 1888 4074 tanqnam

327 4089 656 4147 admistione
713 4089 1133 4161 idolothytorum
1197 4088 1456 4160 pollutis,
1517 4092 1890 4158 abstinentes,

328 4180 460 4237 solis
513 4179 876 4251 leguminibus
929 4179 1311 4235 vescebantur.
1367 4179 1663 4250 Oportebat
1711 4193 1889 4238 antem

327 4269 512 4325 vinnm
536 4282 750 4340 qnoque
777 4266 962 4338 lugere
992 4277 1211 4339 propter
1240 4269 1570 4337 libationem,
1592 4281 1646 4327 et
1676 4288 1889 4328 omnent

1990 3185 2216 3256 δύναμίν
2238 3188 2375 3239 εἰσιν
2413 3186 2812 3259 ἀσθενέστεροι,
2844 3185 2967 3241 οὔτε
2991 3187 3100 3259 μὴν
3128 3189 3214 3252 εἰς
3240 3187 3301 3241 τὸ
3325 3188 3556 3258 φανῆναι

1997 3273 2469 3347 σκυθρωπότεροι,
2507 3275 2540 3348 ἤ
2584 3277 2964 3348 ἀπηνθηκότες
3010 3277 3110 3351 τὴν
3149 3276 3342 3350 χάριν·
3376 3280 3407 3331 ό
3441 3279 3547 3349 γάρ

1994 3362 2245 3437 βασιλεὺς
2276 3365 2388 3419 τῶν
2432 3366 2736 3440 ’,Δσσυρίων
2776 3370 2983 3433 ἐκεῖνος
3022 3371 3054 3423 ό
3088 3368 3254 3424 πάντα
3276 3370 3344 3440 τῇ
3380 3369 3543 3440 σαρκὶ

1991 3457 2119 3524 ζῶν,
2146 3458 2240 3513 καὶ
2256 3455 2334 3528 τῷ
2363 3456 2637 3530 τρυφῶντι
2674 3456 2775 3530 βίῳ
2804 3459 2883 3524 ὣς
2905 3460 3088 3535 φάτνῃ
3107 3457 3543 3535 φσδεδεμένος,

1991 3547 2178 3619 έπειδὴ
2211 3548 2338 3612 τοὺς
2365 3548 2634 3619 οἰνοχόους
2662 3548 2810 3621 αὐτῷ
2847 3549 2941 3604 καὶ
2965 3540 3412 3621 τραπζοποιῶς,
3453 3551 3551 3604 καὶ

1990 3639 2195 3703 πάντας
2227 3638 2412 3703 ἁπλῶς
2442 3641 2566 3703 τοὺς
2596 3639 2876 3712 ὑπηρέτας
2902 3641 3002 3712 τῆς
3021 3639 3397 3706 ἀπολαῦσεως,
3433 3641 3558 3694 ἐκέ·-

1987 3732 2145 3785 λευσε
2171 3731 2300 3784 κατ’
2319 3731 2547 3803 ἐκλογὴν
2570 3732 2787 3802 εὐφυεῖς
2807 3727 2946 3786 εἶναι
2972 3731 3032 3787 τὸ
3059 3732 3243 3806 σῶμα,
3266 3733 3364 3787 καὶ
3393 3733 3562 3805 ὀφθῆ-

1989 3839 2075 3875 ναι
2114 3823 2424 3894 χαρίεντας,
2448 3823 2535 3876 ἵνα
2559 3823 2633 3896 μὴ
2674 3823 2831 3895 μόνον
2861 3822 2921 3892 τὸ
2954 3822 3130 3894 στόμα
3161 3824 3261 3879 καὶ
3290 3825 3328 3896 ἡ
3356 3823 3564 3892 γεῦσις,

1990 3913 2124 3967 ἀλλά
2163 3915 2256 3967 καί
2289 3913 2567 3985 ὀφθαλμὸς
2596 3913 2744 3987 αὐτῷ
2778 3914 2923 3970 κατὰ
2963 3914 3071 3970 τῶν
3103 3915 3410 3988 ὁρωμένων
3433 3934 3566 3988 τρυ-

1989 4004 2123 4072 φῶν.
2159 4004 2291 4057 Τότε
2331 4003 2396 4076 δὴ
2432 4005 2527 4059 καὶ
2567 4007 2616 4059 οἰ
2647 4009 2796 4077 τρεῖς
2824 4004 3096 4061 νεανίσκοι
3128 4006 3196 4061 ἐκ
3226 4007 3332 4079 τῆς
3360 4010 3565 4078 αἰχμα-

1988 4095 2189 4160 λωσίας
2226 4095 2323 4149 τοῦ
2388 4095 2601 4168 Ἰσραὴλ
2656 4096 2736 4168 τῷ
2777 4096 3059 4168 καταλόγῳ
3107 4096 3218 4154 τῶν
3270 4098 3565 4170 ὑπηρετῶν

1990 4187 2352 4260 ὲγκριθέντες,
2373 4188 2702 4259 ἀπεχόμενοι
2731 4189 2788 4243 δὲ
2815 4188 2923 4243 τῶν
2959 4188 3105 4260 ὄψων
3129 4189 3232 4260 τῆς
3271 4188 3563 4260 βασιλικῆς

1987 4276 2291 4351 τραπέζης,
2317 4278 2394 4343 ὡς
2426 4281 2490 4351 τῇ
2526 4277 2775 4352 ἐπιμιξία
2797 4278 2905 4333 τῶν
2948 4277 3311 4333 εἰδωλοθύτων
3357 4296 3560 4350 μεμια-

327 4376 570 4425 carnem,
619 4368 838 4429 propter
875 4361 1184 4431 praedictam
1226 4377 1465 4417 cansam.
1511 4364 1643 4420 Cnm
1683 4381 1813 4421 vero
1856 4381 1886 4420 a
1992 4368 2216 4441 σμένης,
2241 4369 2528 4442 σπέρματα
2546 4370 2820 4425 ἐσιτοῦντο
2863 4371 3042 4443 μόνον.
3063 4366 3172 4424 Ἦν
3196 4370 3255 4425 δὲ
3282 4371 3381 4424 καὶ
3418 4367 3562 4435 οἶνος

327 4453 581 4523 prael'ecto
598 4461 937 4523 cogerentur,
970 4460 1028 4508 ut
1048 4455 1390 4510 comederent
1416 4469 1627 4524 ea·quae
1652 4471 1888 4527 appone·
1918 4431 1967 4492 D
1994 4459 2227 4532 φευκτὸς
2276 4458 2365 4514 διὰ
2406 4461 2508 4534 τὴν
2540 4460 2769 4535 σπονδὴν
2799 4461 2893 4517 καὶ
2936 4464 3045 4517 πᾶν
3089 4461 3281 4534 κρέας,
3328 4460 3418 4515 διὰ
3462 4462 3562 4533 τὴν

325 4545 524 4601 bantur
549 4559 619 4599 ne
653 4543 792 4601 forte
817 4559 914 4616 per
941 4545 1321 4602 abstinentiam
1347 4548 1524 4604 vultus
1553 4557 1885 4604 venustatem

327 4634 709 4704 deperderent;
763 4643 818 4688 et
869 4633 984 4701 ipse
1028 4634 1099 4688 ob
1141 4649 1247 4690 non
1279 4633 1416 4690 bene
1452 4643 1671 4690 curatos
1703 4635 1887 4691 adole-

325 4734 539 4782 scentes
559 4726 611 4781 in
637 4724 928 4795 periculum
947 4726 1137 4794 capitis
1162 4725 1422 4781 incideret
1445 4743 1459 4781 :
1480 4723 1628 4792 Sine,
1650 4726 1884 4794 aiebant,

326 4825 383 4873 et
409 4815 690 4886 permitte;
723 4830 829 4871 non
854 4816 1232 4885 apparebimus
1262 4817 1372 4888 regi
1397 4817 1569 4872 forma
1599 4817 1887 4886 deteriore,

327 4921 490 4977 quam
523 4907 595 4963 illi
621 4908 710 4977 qui
740 4910 792 4964 in
832 4907 1039 4964 deliciis
1063 4908 1267 4977 vivunt,
1303 4923 1481 4979 neque
1505 4909 1683 4966 vultus
1716 4911 1885 4966 nostri

325 4999 646 5070 elegantiam
672 5015 825 5055 suam
857 4999 1127 5056 amittent.
1163 4999 1351 5072 Neque
1385 5008 1439 5057 te
1463 5003 1697 5071 crucies,
1731 5004 1886 5075 quasi

328 5091 439 5162 regi
481 5090 759 5145 ministros
787 5088 1056 5147 deformes
1091 5090 1428 5147 adducturus
1461 5091 1540 5147 sis
1567 5109 1580 5146 ι
1611 5107 1734 5148 nam
1774 5091 1887 5160 illc,

326 5181 418 5250 qui
443 5195 543 5237 nos
561 5180 803 5237 condidit
824 5189 878 5236 et
897 5181 1170 5248 formavit,
1197 5181 1428 5253 gratiam
1449 5181 1620 5249 dabit,
1649 5192 1704 5238 et
1720 5198 1887 5253 espe-

331 5269 521 5324 rientia
564 5271 736 5327 disces
786 5279 988 5326 nostrie
1022 5269 1436 5342 pulchritudinis
1474 5283 1531 5327 et
1570 5275 1886 5339 venustatis,

327 5374 449 5430 quae
482 5370 824 5433 procuratur,
864 5363 1269 5432 temperantiam
1303 5375 1424 5419 esse
1451 5363 1886 5421 conciliatricem.

329 5451 482 5520 Quod
511 5460 568 5507 et
594 5449 793 5510 iactum
818 5464 903 5513 est
933 5477 945 5511 2
972 5470 1094 5510 nam
1119 5453 1488 5514 adolescentes
1509 5455 1597 5512 isti
1620 5457 1815 5513 decore
1835 5465 1890 5512 et

2000 4550 2402 4625 προρρηθεῖσαν
2432 4553 2631 4608 αἰτίαν.
2676 4553 2766 4618 Ὧς
2807 4551 2864 4606 δὲ
2910 4551 3059 4626 παρὰ
3109 4550 3204 4606 τοῦ
3250 4551 3562 4624 ἐφεστῶτος

2000 4641 2372 4711 ἠναγκάζοντο
2404 4642 2651 4717 μετέχειν
2696 4643 2804 4699 τῶν
2843 4641 3305 4716 προσφερομένων
3353 4644 3560 4708 αὐτοῖς,

1994 4730 2080 4783 ἵνα
2109 4732 2316 4802 μήποτε
2340 4734 2421 4797 εἰς
2439 4732 2775 4805 δυσμορφίαν
2795 4733 2974 4789 αὐτῶν
3010 4735 3075 4789 ὲκ
3109 4733 3209 4806 τῆς
3230 4735 3562 4807 ἐγκρατείας

1990 4822 2053 4877 τὸ
2081 4823 2275 4888 κάλλος
2309 4824 2643 4897 μεταὸληθῇ,
2675 4825 2924 4899 ἔγκλημα
2945 4827 3001 4881 δὲ
3025 4827 3231 4882 ἐκείνου
3257 4826 3355 4881 καὶ
3381 4843 3558 4899 τιμω-

1998 4911 2087 4986 ρία
2113 4912 2338 4984 γένηται
2369 4914 2429 4969 τὸ
2450 4916 2557 4968 τῶν
2575 4915 2871 4970 νεανίσκων
2888 4916 3124 4989 εἰδεχθές
3140 4932 3199 4970 τε
3234 4918 3331 4972 καὶ
3353 4917 3553 4989 &oepe-

1995 5017 2190 5056 πευτον
2208 5018 2224 5034 ·
2254 5003 2379 5071 Ἔα,
2414 5004 2567 5075 φησὶ,
2591 5005 2687 5060 καὶ
2712 5003 3082 5079 συγχώρησον,
3112 5005 3171 5060 οὐ
3202 5006 3558 5079 φανησόμεθα

1992 5092 2070 5166 τῷ
2085 5093 2295 5166 βασιλεῖ
2310 5093 2420 5148 τῶν
2444 5093 2772 5167 τρυφώντων
2798 5096 3126 5170 ἀτιμότεροι,
3144 5097 3267 5173 οὐδξ
3297 5097 3370 5152 τὰ
3393 5097 3559 5170 πρόσ-

1993 5204 2117 5243 ωπα
2158 5186 2315 5258 ἡμῶν
2344 5185 2665 5259 άπανθήσει.
2687 5186 2821 5241 Οὐδὲ
2849 5188 3178 5260 άγωνιάσῃς,
3208 5187 3286 5253 ώς
3323 5189 3561 5262 δυσμόρ-

1989 5294 2123 5348 φους
2146 5276 2295 5347 αὐτῷ
2318 5276 2595 5349 ὑπηρέτας
2618 5278 2925 5349 προσάγων.
2959 5279 3017 5333 Ὀ
3054 5277 3163 5351 γὰρ
3186 5279 3440 5351 τεχνίτης
3461 5280 3562 5350 τῆς

1988 5364 2325 5429 διαπλάσεως
2358 5368 2390 5437 ἡ
2399 5364 2515 5437 μῶν
2540 5364 2699 5419 δώσει
2721 5367 2822 5439 τὴν
2844 5366 3023 5439 χάριν,
3048 5370 3140 5422 καὶ
3168 5369 3395 5444 μαθήσῃ
3411 5369 3564 5440 παρὰ

1991 5457 2089 5530 τῆς
2118 5457 2333 5530 πείρας,
2360 5458 2441 5514 ὅτι
2462 5456 2555 5513 τοῦ
2579 5456 2841 5528 ἡμετέρου
2876 5457 3123 5524 κάλλους,
3148 5460 3245 5516 καὶ
3265 5460 3367 5532 τῆς
3393 5475 3564 5515 σπου·

397 5653 445 5688 ⁸²
480 5649 635 5708 Joan.
675 5668 744 5717 tv,
783 5653 864 5708 ¹5.
941 5657 986 5688 ¹⁸
1016 5656 1203 5715 Mattb.
1245 5671 1314 5722 tr,
1350 5655 1402 5710 t.
1480 5657 1525 5690 ¹⁸
1548 5655 1681 5713 Dan.
1730 5672 1768 5726 t,
1811 5658 1843 5712 5
1868 5673 1987 5730 sqq.
