3725 6125
565 255 840 313 macru
876 251 1144 309 rumim
1184 248 1431 305 eamr-t
1472 231 1815 302 macrim
1846 245 1937 299 Αι)
1976 242 2444 300 maronem.-

2975 246 2998 300 1
3008 245 3113 300 2³⁸⁴!

191 397 213 432 ιι
245 378 312 432 ἀν
342 374 592 449 προέλθοι
620 376 648 428 δ
671 372 815 437 νοῦς,
849 372 969 425 οὐδὲ
994 368 1329 439 ἀποδημήσει
1351 364 1448 435 τὴν
1478 346 1522 426 Α
1624 362 1754 416 th.
1799 361 2083 431 Nunquam
2122 377 2273 419 mens
2304 361 2696 432 progredietur,
2725 376 2824 417 nec
2862 364 3116 431 praet-iata

192 470 294 537 Ῑνην
334 465 667 536 ἀποδημίαν,
711 463 805 516 καὶ
848 464 905 514 ὲν
938 462 1003 531 τῇ
1056 456 1208 528 χώρᾳ
1238 454 1447 523 γένοιτο

191 577 329 625 ιτων,
372 557 449 629 μὴ
486 557 556 610 τὰ
583 556 728 609 ἔνδον
760 553 1207 625 διορθωσάμενος.
1243 550 1305 603 Ἡ
1336 549 1443 620 γὰρ

194 665 223 700 ν
254 646 491 708 οἰκείων,
543 643 893 716 ἐπιστρέφειν
928 640 1087 694 αὐτὸν
1119 636 1277 692 εἴωθε
1311 637 1444 709 πρὸς

191 737 523 810 ἐξελήλυθεν.

191 850 207 883 ι
233 831 377 893 νοῦν,
409 830 504 884 καὶ
541 828 600 883 αἱ
638 826 852 898 ἀρεταὶ,
882 824 976 878 καὶ
1012 826 1067 877 αἱ
1110 823 1317 885 κακίαι,
1353 839 1444 874 τυ-

191 922 478 991 γάζονται·
517 921 574 972 αἱ
609 919 729 989 μὲν.
763 918 849 970 ἵνα
884 917 957 987 μὴ
1003 915 1176 988 βλέπῃ
1206 914 1305 977 τὰς
1352 930 1446 966 κα-

191 1058 199 1075 ,
232 1012 316 1065 ἵνα
350 1011 427 1082 μὴ
461 1009 622 1063 πάλιν
651 1006 734 1079 ἴδῃ
758 1006 856 1069 τὰς
887 1006 1104 1076 ἀρετάς.

265 1142 504 1208 ‘Priame
527 1136 813 1209 μοναχῶν
834 1136 1038 1205 ἁγίων.

191 1280 421 1347 αγκαῖον
447 1275 504 1329 δὲ
535 1274 628 1329 καὶ
653 1272 752 1335 τὰς
777 1270 927 1333 ὁδοὺς
949 1267 1057 1322 τῶν
1084 1267 1309 1338 προοδευ
1319 1266 1443 1318 τάν-

217 1367 478 1439 διερωτᾷν
520 1361 791 1436 μοναχῶν,
818 1360 909 1414 καὶ
943 1359 1077 1431 πρὸς
1110 1357 1280 1420 αὐτὰς
1310 1373 1444 1409 κατ-

212 1455 387 1513 Πολλά
432 1453 540 1527 γὰρ
584 1452 733 1506 ἔστιν
787 1452 964 1522 εὑρεῖν
1006 1448 1096 1501 ὑπ’
1133 1445 1311 1500 αὐτῶν
1346 1448 1446 1518 ρη-

191 1550 246 1602 α“ι
292 1533 600 1619 πραχθέντα
640 1542 856 1606 καλῶς·
905 1543 962 1595 ὲν
1009 1536 1092 1604 οἷς
1144 1540 1239 1593 καὶ
1291 1539 1448 1593 τοῦτό

1548 454 1632 506 iiia
1673 452 2107 523 peregrinatione
2139 453 2411 523 migrabit,
2451 454 2663 523 eritque
2694 455 2748 508 in
2782 456 2998 523 regione
3037 457 3118 509 iu·

1542 557 1957 610 corporeorum,
1987 542 2090 597 nisi
2132 540 2393 597 interiora
2428 542 2746 597 eorrexerit.
2776 541 3119 598 perturbatio

1544 633 1740 702 qnippe
1787 631 2105 699 domestica,
2150 648 2269 690 eam
2302 633 2369 687 ad
2414 633 2505 687 iiia
2536 643 2850 689 convertere
2890 635 3047 699 solet,
3084 651 3120 691 e

1546 722 1738 793 quibus
1776 736 1993 792 egressa
2023 733 2127 778 est.

1619 814 1773 871 thi.
1814 817 2068 872 Animum
2112 827 2224 873 tum
2272 820 2504 873 virtutes
2565 828 2674 871 tum
2725 819 2850 872 vitia
2910 834 3111 874 caecum

1545 906 1808 962 essii-iuni:
1846 908 1947 963 ittae
1972 908 2210 978 quid-em,
2237 925 2302 964 ne
2331 910 2456 965 titia
2489 911 2794 976 intueatur;
2828 914 2940 965 inec
2968 926 3116 975 vero,

1547 1014 1613 1051 ne
1651 998 1889 1053 riuis-sim
1929 1001 2151 1055 virtutes
2180 1002 2500 1072 conspiciat.

1896 1135 2045 1189 Dicta
2071 1148 2375 1190 sanctorum
2404 1137 2799 1192 monachorum.

1618 1266 1752 1322 xci.
1799 1268 2030 1322 Necesse
2088 1269 2251 1322 etiam
2299 1278 2382 1323 est
2428 1271 2545 1325 rias
2592 1272 2981 1327 monachornm
3025 1273 3117 1342 qui

1551 1371 1700 1414 reete
1748 1371 2143 1428 prrecesserunt
2186 1361 2473 1425 sciscitari,
2507 1371 2667 1432 atque
2716 1365 2781 1418 ad
2823 1380 2915 1419 eas
2963 1366 3119 1435 erigi.

1553 1448 1715 1502 Mutia
1756 1450 1955 1519 quippe
1978 1452 2045 1504 ab
2074 1452 2140 1505 iis
2168 1451 2424 1521 proeeiare
2451 1453 2590 1506 dicta
2628 1464 2679 1508 et
2707 1453 2847 1508 sacta
2882 1457 3121 1512 invenire

1547 1549 1663 1604 est;
1715 1555 1835 1610 quae
1873 1540 2015 1595 inter
2056 1543 2155 1597 hoc
2192 1557 2408 1612 qnoque
2466 1543 2541 1596 ait
2581 1559 2765 1598 eorum
2816 1547 3118 1611 nonnullus,

191 1637 372 1702 ιὺτῶν,
404 1636 502 1707 τὴν
552 1632 851 1705 ξηροτέραν
897 1631 990 1684 καὶ
1042 1629 1116 1699 μὴ
1169 1627 1451 1698 ἀνώμαλον
1545 1634 1834 1687 aridiorem
1867 1642 1921 1686 et
1966 1649 2074 1687 non
2120 1634 2434 1703 inaequalem
2470 1634 2669 1690 victum
2710 1638 3120 1694 cinneharitate

191 1730 321 1799 Γᾶπῃ
388 1725 793 1809 συζευχθῑῖσρῑν,
843 1722 1035 1775 θᾶττον
1075 1716 1315 1787 εἰσάγειν
1353 1717 1443 1770 τὸν
1478 1704 1517 1757 Β
1550 1722 1923 1792 conjunctum,
1978 1725 2087 1778 cito
2145 1726 2466 1779 monachum
2506 1726 2758 1782 inducere
2804 1728 2854 1781 in
2905 1740 3118 1799 portum

191 1840 216 1886 ς
245 1821 337 1875 τὸν
384 1818 481 1889 τῆς
523 1815 792 1879 ἀπαθείας
836 1812 1050 1884 λιμένα.
1089 1812 1148 1864 '0
1184 1811 1229 1864 δ’
1287 1810 1449 1873 αὐτὸς
1552 1815 2027 1885 impassibilitatis,
2061 1815 2204 1871 idem
2243 1831 2404 1884 porro
2445 1819 2727 1886 quemdam
2767 1818 2992 1875 fratrum
3025 1837 3121 1875 no-

191 1911 281 1965 νόν
328 1927 448 1964 τινα
479 1907 696 1977 νύκτωρ
722 1905 831 1959 τῶν
858 1901 1126 1972 ἀδελφῶν,
1164 1899 1273 1954 τῶν
1339 1892 1448 1970 φα·-
1550 1915 1638 1959 ctu
1693 1905 1994 1973 perturbari
2048 1904 2290 1970 solitum,
2336 1921 2366 1959 a
2407 1909 2640 1977 spectris
2682 1909 2949 1976 liberavit,
2997 1926 3120 1966 cnm

192 1996 438 2071 ήλλαξεν,
467 1995 749 2052 ἀσθενοῦσι
790 1994 927 2065 μετὰ
952 1991 1204 2065 νηστείας
1248 1992 1452 2063 ὑπηρε-

191 2089 393 2155 ττάξας.
421 2087 606 2141 Οὐδενὶ
642 2087 752 2157 γάρ
773 2084 966 2147 οὕτως,
1003 2081 1297 2156 ἐρωτηθεὶς
1323 2082 1447 2155 ἔφη,

191 2185 213 2237 i
247 2181 467 2236 τοιαῦτα
505 2178 933 2234 κατασόέννυται
964 2176 1133 2249 πάθη.

217 2274 406 2344 δικαίῳ
446 2272 714 2343 Ἀντωνίῳ
760 2270 1031 2343 προσῆλθε
1079 2286 1164 2333 τις
1197 2267 1306 2322 τῶν
1329 2266 1449 2321 τότε

191 2373 224 2426 i,
265 2364 389 2429 Πῶς
415 2364 812 2435 διακαρτερεῖς,
836 2358 1005 2424 εἶπεν,
1029 2355 1073 2414 ὧ
1112 2361 1313 2431 Πάτερ,
1353 2359 1450 2430 τῆς

191 2456 374 2511 ι6λίων
429 2455 785 2528 παραμυθίας
830 2451 1230 2526 ὲστερημένοςς
1288 2452 1345 2504 Ὀ
1393 2449 1450 2504 δέ

197 2548 295 2619 μὸν
329 2548 554 2619 βι6λίον,
587 2546 863 2617 φιλόσοφε,
901 2548 934 2617 ἡ
961 2544 1120 2615 φύσις
1149 2542 1258 2597 τῶν
1292 2559 1452 2611 γεγο·

193 2679 208 2704 ,
249 2639 346 2693 καὶ
379 2639 644 2710 πάρεστιν
669 2639 758 2692 ὅτε
791 2636 1052 2708 βούλομαι
1089 2636 1214 2700 τοὺς
1257 2635 1449 2704 λόγους

190 2744 260 2780 ειν
289 2726 416 2790 τοὺς
450 2726 543 2779 τοῦ
571 2724 726 2779 Θεοῦ.

191 2901 380 2974 ιώτησέ
412 2918 479 2972 με
506 2901 567 2954 τὸ
607 2879 798 2963 σκεῦος
826 2898 925 2969 τῆς
972 2897 1200 2968 ἐκλογῆς
1229 2898 1258 2950 ὁ
1285 2897 1451 2967 Αἰγύ-

191 3010 249 3047 ον
291 2990 582 3063 Μακάριος
602 3004 615 3017 ·
648 2988 713 3042 Τί
745 2988 941 3058 δήποτε
988 2986 1451 3060 μνησικακοῦντες

192 3085 473 3158 νθρώποις,
496 3083 596 3154 τὴν
632 3100 737 3154 μνη
747 3081 1072 3153 μονευτικὴν
1096 3079 1327 3151 δύναμιν
1351 3079 1452 3149 τῆς

191 3178 427 3248 νίζομεν,
464 3176 685 3245 δαίμοσι
713 3174 770 3227 δὲ
806 3171 1267 3244 μνησικακοῦντες
1298 3169 1456 3224 ἀδλα·

191 3287 370 3341 νομεν;
411 3266 604 3338 Κάμοῦ
637 3265 772 3338 πρὸς
800 3264 896 3336 τὴν
928 3264 1216 3335 ἀπόκρισιν
1232 3263 1454 3332 -ἀπορή-

193 3363 217 3415 t
271 3358 716 3434 παρακαλοῦντος
741 3357 833 3410 τὸν
862 3356 1017 3423 λόγον
1053 3355 1262 3425 μαθεῖν,
1290 3353 1452 3419 Διότι,

191 3454 334 3513 ιῖνος,
366 3451 427 3503 τὸ
459 3448 556 3520 μὲν
601 3447 861 3518 πρότερον
904 3445 1053 3518 παρὰ
1103 3444 1280 3514 φύσιν,
1307 3444 1366 3497 τὸ
1397 3444 1455 3499 δὲ

191 3540 304 3591 ’.ατὰ
334 3538 488 3607 φύσιν
517 3541 628 3593 ἐστὶ
659 3538 751 3592 τοῦ
788 3537 981 3609 θυμοῦ.

192 3627 423 3700 ,ρέδαλον
449 3631 565 3683 κατ’
594 3631 761 3700 αὐτὴν
800 3627 900 3701 τὴν
945 3627 1211 3699 σταθερὰν
1247 3643 1458 3699 μεσημ-

195 3718 334 3790 ἀγίῳ
376 3719 548 3792 Πατρὶ
592 3721 887 3791 Μακαρίῳ,
929 3719 1021 3772 καὶ
1051 3719 1171 3771 λίαν
1220 3719 1326 3771 ὑπὸ
1360 3719 1458 3789 τῆς

191 3811 401 3884 (ὀμενος
444 3812 604 3884 ᾔτουν
661 3812 803 3883 ῦδωρ
847 3814 1011 3864 πιεῖν.
1055 3811 1113 3863 ’0
1161 3810 1216 3864 δέ
1259 3824 1453 3879 φησιν·

191 3923 218 3957 τι
246 3907 308 3977 τῇ
360 3906 514 3977 σκιᾷ·
545 3904 732 3958 πολλοὶ
776 3903 886 3975 γὰρ
920 3901 1015 3956 νῦν
1049 3901 1457 3965 ὁδοιποροῦντες

195 4015 222 4061 ς
273 3990 367 4051 καὶ
418 3997 623 4068 ταύτης
678 3997 1018 4067 ἐστέρηνται.
1078 3990 1210 4047 Εἶτα
1267 3994 1459 4061 λόγους

195 4089 352 4143 αὑτὸν
383 4091 511 4159 περὶ
543 4086 871 4159 ἐγκρατείας
904 4084 1287 4156 γυμνάζοντος,
1319 4083 1462 4154 Θάρ-

194 4219 209 4243 ,
251 4174 534 4239 ὧτε-Ξκνον,
581 4181 639 4232 ὲν
693 4178 834 4242 ὅλοις
885 4177 1060 4231 ἔτεσιν
1120 4176 1290 4228 εἴκοσι
1337 4173 1459 4227 οὔτε

191 4288 228 4324 τε
259 4270 470 4335 ὓδατος,
509 4269 633 4324 οῦτε
660 4269 847 4322 ’ὕπνου
901 4269 1060 4341 κόρον
1105 4266 1319 4337 εἴληφα.
1357 4265 1460 4318 Τὸν

1545 1995 1802 2064 jussisset
1838 2006 1895 2050 ut
1924 1997 2143 2066 :egrotis
2170 1996 2386 2064 jeJ'unus
2413 2000 2764 2055 ministraret.
2796 2002 2944 2055 Nulla
2976 2003 3120 2056 enim

1549 2089 1685 2141 adeo
1723 2102 1803 2151 re,
1835 2087 1913 2142 ait
1946 2088 2332 2156 interrogatus,
2365 2081 2428 2144 ac
2462 2091 2829 2146 misericordia
2865 2092 3124 2148 tolluntur

1550 2178 1814 2248 ejusmodi
1849 2178 2246 2248 perpessiones,
2603 2177 2617 2191 “

1631 2268 1790 2324 xctt.
1831 2269 2074 2324 Accessit
2107 2270 2173 2322 ad
2205 2269 2409 2339 justum
2458 2270 2746 2325 Antonium
2800 2275 3017 2341 quidam
3056 2290 3121 2328 cx

1553 2358 1618 2413 iis
1635 2362 1724 2427 qui
1752 2369 1880 2413 tune
1905 2359 2163 2430 temporis
2187 2361 2456 2427 sapientes
2490 2362 2849 2430 habebantur,
2868 2376 2922 2419 et
2951 2367 3082 2419 dixit
3106 2384 3119 2422 :

1551 2448 1856 2516 Quomod0,
1906 2450 2090 2517 Pater,
2132 2451 2297 2504 vitam
2340 2450 2566 2506 tolerare
2600 2460 2769 2519 potes,
2829 2454 3024 2508 solatio
3059 2455 3122 2509 ii·

1552 2545 1769 2599 brorum
1819 2542 2146 2598 destitutus?
2177 2544 2247 2598 At
2297 2543 2384 2598 iiie
2432 2545 2744 2613 respondit:
2778 2545 3121 2615 Piiiiosopbe,

1553 2651 1703 2690 meus
1732 2633 1869 2690 iiber
1898 2644 1981 2689 est
2008 2644 2194 2687 natura
2236 2649 2410 2688 rerum
2445 2644 2777 2702 creatarum,
2806 2637 2960 2705 isque
2986 2652 3117 2705 prae·

1551 2738 1633 2783 stu
1679 2737 1782 2794 est,
1825 2730 2040 2798 quoties
2097 2725 2187 2780 Dei
2246 2726 2479 2782 rationes
2514 2743 2899 2799 sermonesque
2948 2729 3125 2801 legere

1551 2818 1728 2887 cupio.

1619 2907 1805 2964 xctn.
1850 2907 1931 2963 Me
1991 2907 2342 2979 interrogavit
2381 2923 2477 2963 vas
2513 2908 2792 2965 eiectionis
2839 2910 3125 2982 AEgyptius

1553 3013 1719 3053 senex
1763 2996 2055 3061 Macarius,
2106 2996 2219 3065 Qua
2251 2996 2315 3050 de
2347 3010 2507 3050 causa
2541 3010 2663 3049 cum
2697 2995 2945 3049 humana:
2982 2996 3123 3063 injn-

1556 3090 1649 3144 riae
1679 3089 2099 3154 reminiscimur,
2135 3088 2326 3143 animae
2348 3088 2453 3143 vim
2488 3088 2913 3144 memoratricem
2944 3088 3123 3143 abnie-

1556 3196 1708 3247 mus;
1741 3196 1862 3235 cum
1887 3195 2014 3235 vero
2040 3180 2369 3245 daemonicae,
2407 3188 2533 3233 tunc
2554 3194 2929 3250 permanemus
2950 3179 3132 3234 iiiaesL'?

1557 3271 1621 3327 Et
1649 3273 1773 3342 quia
1808 3286 1908 3341 ego
1940 3273 1990 3324 in
2033 3274 2381 3339 responsione
2411 3270 2744 3332 haesitabam,
2776 3272 3126 3340 rogabamque

1556 3372 1612 3417 ut
1661 3365 1921 3416 rationem
1975 3361 2263 3424 discerem,
2298 3361 2589 3427 Quoniam,
2654 3361 2823 3429 inquit
2870 3361 2975 3422 itte,
3023 3364 3125 3430 pri·

1559 3471 1702 3510 tuum
1746 3465 1829 3510 est
1854 3463 2044 3510 contra
2073 3453 2240 3507 animi
2272 3463 2542 3518 naturam,
2574 3453 2864 3506 secundum
2910 3467 3035 3504 rern
3059 3470 3123 3506 ex

1556 3546 1797 3618 ejusdem
1822 3552 2014 3613 natura
2036 3550 2137 3598 est.
2787 3588 2809 3601 ,

1629 3635 1809 3692 xciv,
1851 3635 1970 3705 ipso
2024 3634 2228 3690 fervido
2282 3633 2507 3689 meridie
2564 3632 2836 3707 profectus
2883 3647 3003 3688 sum
3058 3633 3123 3687 ad

1557 3739 1802 3783 sanetum
1846 3727 2061 3782 Patrem
2109 3725 2422 3790 Macarium,
2457 3735 2513 3781 et
2559 3727 2649 3797 qui
2688 3726 2987 3781 vehementi
3035 3727 3123 3782 siti

1558 3821 1827 3883 arderem,
1859 3820 1984 3889 petii
2018 3834 2170 3888 aquae
2197 3827 2401 3886 potum.
2451 3818 2541 3874 lile
2572 3830 2748 3874 autem
2778 3819 2914 3873 dixit
2947 3837 2962 3875 ι
2997 3819 3125 3876 Um-

1567 3913 1660 3964 bra
1697 3920 1982 3964 contentus
2029 3919 2168 3964 este.
2219 3909 2365 3962 Multi
2407 3910 2548 3964 enim
2586 3926 2725 3965 nunc
2771 3912 3001 3966 viatores
3041 3913 3125 3968 vei

1560 4001 1877 4071 navigantes
1910 4002 2005 4055 hae
2034 4015 2248 4071 qunque
2287 4009 2492 4054 carent.
2520 4001 2649 4055 Dein
2686 4017 2810 4056 cum
2843 4003 3127 4072 cogitatio·

1563 4107 1658 4146 nes
1707 4107 1853 4146 meas
1881 4091 2025 4146 clrca
2060 4090 2448 4147 continentiam
2480 4106 2660 4146 coram
2692 4106 2756 4145 eo
2788 4104 3123 4158 excuterem,

1561 4181 2017 4251 Coniide,inquit,
2039 4180 2146 4247 mr,
2175 4180 2360 4251 viginti
2392 4188 2529 4235 totos
2554 4196 2725 4235 annos
2750 4197 2920 4250 neque
2948 4185 3125 4250 panis,

1562 4287 1734 4342 neqnc
1763 4287 1916 4342 aquae
1945 4287 2117 4342 neque
2159 4272 2334 4327 sornni
2378 4272 2676 4326 satietatem
2710 4274 2845 4340 cepi.
2876 4271 3005 4325 Nam
3041 4288 3129 4342 pa·

191 4368 326 4436 ἰρτον
359 4381 459 4434 μου
494 4362 677 4434 ἤσθιον
720 4359 963 4431 σταθμῷ,
991 4361 1053 4413 τὸ
1090 4359 1145 4413 δὲ
1172 4358 1318 4429 ὕδωρ
1341 4356 1455 4410 ἔπι·
1485 4377 1532 4434 1)
1562 4381 1681 4417 nem
1732 4379 1907 4417 meum
1960 4380 2082 4417 cum
2128 4365 2365 4433 pondere
2401 4364 2628 4428 comedi,
2674 4379 2866 4432 aquam
2908 4379 3034 4417 vero
3071 4365 3123 4418 in

191 4477 218 4519 ι,
247 4458 357 4517 τοῖς
384 4454 584 4525 τοίχοις
611 4453 669 4506 δὲ
702 4452 936 4524 ἐμαυτὸν
964 4451 1334 4523 παρακλίνων,
1368 4467 1458 4521 μι-

191 4545 212 4599 3
238 4545 404 4601 ῦπνου
440 4547 606 4618 μέρος
638 4544 981 4616 ἀφήρπαζον.

191 4638 396 4711 μηνύθη
426 4640 532 4691 τινὶ
565 4637 673 4691 τῶν
707 4635 953 4707 μοναχῶν
978 4633 1090 4705 (55)
1113 4631 1339 4695 θάνατος
1365 4630 1459 4685 τοῦ

192 4728 248 4782 δὲ
275 4729 411 4801 πρὸς
438 4728 531 4781 τὸν
571 4724 1003 4796 ἀπαγγείλαντα,
1039 4721 1273 4783 Παῦσαι,
1301 4722 1454 4791 φησὶ,

193 4837 222 4872 ν
239 4832 254 4847 ·
289 4821 317 4872 ὁ
347 4818 456 4889 γὰρ
483 4817 613 4889 ἐμὸς
636 4814 816 4885 πατὴρ
842 4812 1105 4876 ἀθάνατός
1132 4812 1298 4863 ἐστιν.

197 4909 398 4963 πύθετό
431 4927 513 4974 τις
540 4909 649 4962 τῶν
692 4905 936 4974 ἀδελφῶν
968 4904 1091 4967 ἑνὸς
1135 4902 1241 4956 τῶν
1274 4901 1455 4970 γερόν-

193 5002 339 5056 λεύοι
366 5004 432 5073 τῇ
476 5002 644 5073 μητρὶ
672 4998 767 5053 καὶ
807 4999 926 5060 ταῖς
958 4994 1210 5062 ἀδελφαῖς
1246 5009 1461 5062 συμφα-

223 5092 611 5165 παραδαλόντα
636 5089 714 5160 τῷ
742 5088 874 5158 οἴκῳ
893 5103 905 5116 ·
938 5085 966 5137 ὁ
994 5084 1070 5143 δὲ,
1109 5083 1255 5136 Μετὰ
1285 5099 1468 5151 γυναι-

197 5226 211 5248 ,
235 5187 297 5239 οὐ
334 5184 544 5258 βρώσῃ.

192 5280 396 5350 ;ε’κτητό
417 5296 500 5340 τις
523 5277 630 5330 τῶν
662 5275 902 5346 ἀδελφῶν
932 5269 1258 5339 Εῦαγγέλιον
1287 5268 1464 5340 μόνον,

203 5374 480 5444 πωλήσας,
513 5371 714 5425 ἔδωκεν
761 5371 840 5432 εἰς
884 5364 1088 5440 τροφὴν
1118 5367 1232 5428 τοῖς
1277 5361 1469 5416 πεινῶ-

195 5467 420 5538 μνήμης
446 5459 912 5533 ἐπιφθεγξάμενος
938 5458 1086 5531 ῥῆμα
1106 5471 1118 5483 ·
1141 5456 1311 5509 Αὐτὸν
1339 5453 1466 5526 γὰρ,

1563 4468 1818 4507 mensura
1872 4453 1999 4519 bibi,
2041 4464 2203 4522 atque
2251 4469 2336 4508 me
2390 4454 2697 4509 inciinando
2756 4455 2821 4506 ad
2872 4455 3125 4525 parietes,

1561 4547 1807 4612 exiguam
1841 4543 2017 4598 somni
2052 4553 2257 4615 partem
2295 4543 2588 4600 suffuratus
2616 4559 2755 4610 sum.

1637 4635 1791 4688 XCV.
1833 4633 2086 4688 Nuntiata
2120 4645 2205 4691 est
2234 4636 2444 4690 cuidam
2471 4636 2737 4690 inonaelto
2768 4650 2911 4692 mors
2936 4638 3128 4705 patris;

1567 4723 1655 4778 iiie
1714 4734 1890 4778 autem
1936 4724 2203 4780 nuntianti
2260 4724 2397 4779 dixit
2433 4743 2447 4779 ε
2478 4724 2855 4794 Hiaspiiemare
2907 4726 3128 4793 desinc;

1568 4830 1717 4868 meus
1756 4816 1954 4884 quippe
1981 4825 2133 4884 pater
2160 4815 2479 4870 immortalis
2504 4826 2606 4870 est.

1644 4904 1820 4959 xcvt.
1859 4905 2090 4972 Quidam
2118 4904 2290 4960 frater
2315 4906 2624 4960 nonnullum
2660 4919 2690 4958 c
2718 4905 2937 4962 senibus
2964 4907 3125 4962 inter·

1572 4997 1801 5065 rogavit,
1833 5013 1898 5049 an
1924 4995 2136 5062 juberet
2177 5008 2234 5051 ut
2278 4997 2495 5052 domum
2533 5000 2830 5068 profer-tus,
2867 5013 2972 5052 una
3006 5013 3127 5052 cum

1566 5098 1736 5141 matre
1761 5095 1812 5140 et
1838 5088 2114 5143 sororibus
2145 5099 2455 5143 vesceretur
2484 5104 2498 5154 ;
2532 5090 2621 5158 qui
2651 5089 2922 5159 respondit
2953 5105 2966 5141 :
2997 5089 3127 5143 Cum

1569 5179 1793 5232 muliere
1823 5179 1930 5232 noii
1961 5178 2303 5234 manducare.

1639 5268 1844 5325 xcvii.
1888 5269 2116 5337 Quidam
2186 5271 2410 5324 fratrum
2469 5270 2730 5326 duntaxat
2780 5270 3127 5342 Evangeiium

1567 5365 1906 5431 possidebat:
1953 5366 2092 5432 qnod
2122 5379 2241 5418 cun·
2283 5364 2629 5427 vendidisset,
2673 5364 2950 5433 pecuniam
2983 5364 3123 5418 ator.-

1564 5456 1646 5508 dis
1669 5453 2031 5509 esurientibus
2066 5454 2303 5518 tradidit,
2338 5455 2673 5509 memorabili
2703 5455 2888 5512 addito
2919 5455 3125 5512 verbut

191 5642 228 5697 -ae
259 5640 379 5698 τῶν
409 5637 706 5711 μοναχῶν.
741 5637 954 5709 ipsimet
987 5631 1233 5704 Evagrio,
1265 5627 1713 5700 quemadmodum
1744 5643 1807 5684 ex
1843 5628 2084 5687 Palladio
2116 5629 2392 5687 discimus.
2422 5629 2633 5685 Certi..
