3725 6125
250 309 355 371 3¹5

1528 306 1588 361 s.
1617 265 1904 362 Ἀετιῑιιιι
1944 302 2249 359 amsani

3414 299 3529 354 Sin

251 427 688 501 implacabilibus
736 426 993 493 inimicis,
1028 423 1240 481 lucrum
1273 381 1492 493 aliquod
1539 422 1624 477 vel
1656 424 1827 477 maxi·
1858 434 1901 489 Α
1933 421 2029 477 καὶ
2058 418 2429 476 ἀδιαλλάκτων
2456 416 2666 489 ἐχθρῶν
2693 414 3043 488 ὠφεληθῆναι
3060 413 3129 469 τὰ
3153 412 3408 485 μέγιστα·
3431 420 3530 469 καὶ

258 535 406 575 mum
437 535 631 593 capere
663 539 678 577 ι
705 534 769 575 ae
788 532 909 573 eum
940 515 1147 584 reliqua
1181 515 1304 569 vitae
1340 511 1680 583 experientia
1708 526 1838 581 pro-

259 610 373 677 bat,
403 620 518 667 tum
543 626 662 682 qure
686 610 844 665 modo
870 618 995 662 sunt
1017 608 1309 664 celebrata.
1340 604 1451 659 Nisi
1480 603 1622 659 enim
1657 603 1841 658 diabo-

260 696 347 752 lus
369 697 706 752 Christianos
732 705 1047 764 persecutus
1074 704 1242 760 esset,
1271 709 1335 749 ac
1361 694 1622 749 adversus
1655 692 1841 747 Eccle-

261 786 395 839 siam
449 786 646 839 betium
682 784 1031 853 suscepisset,
1071 782 1244 839 nullos
1273 782 1596 837 haberemus
1632 791 1844 851 marty-

266 889 394 929 res:
424 874 490 928 iis
545 884 725 929 atttem
763 879 888 928 non·
926 873 1288 941 exstantibus,
1347 885 1539 929 moesta
1594 886 1660 926 ae
1711 870 1841 925 nibil

244 960 450 1017 'bilaris
519 960 764 1032 festaque
814 964 923 1017 vita
973 964 1128 1018 nobis
1176 954 1446 1033 ageretur.
1504 959 1644 1027 Quid
1697 959 1840 1014 enim

263 1051 596 1109 solemnibus
637 1055 787 1112 bisce
843 1056 1202 1110 conventibus
1259 1052 1565 1123 comparari
1629 1050 1847 1117 queat?

265 1143 470 1211 Quidve
522 1146 658 1201 adeo
703 1145 1013 1202 venerabile
1061 1160 1124 1200 ae
1182 1144 1526 1213 praeclarum,
1565 1159 1728 1213 qttam
1785 1154 1846 1198 ut.

265 1236 452 1290 urbem
472 1245 642 1292 totam
675 1236 944 1293 moeuibns
977 1236 1179 1294 effuttdi
1210 1237 1418 1300 videas.
1454 1244 1622 1307 atque
1657 1234 1723 1288 ad
1746 1248 1841 1288 sa-

268 1339 421 1380 crum
486 1327 662 1383 locum
726 1328 1020 1398 procedere
1041 1367 1059 1392 ‚
1112 1343 1246 1400 pura
1303 1326 1415 1384 iilic
1468 1325 1847 1383 sincerissimae

263 1413 482 1485 pietatis
506 1420 763 1489 mysteria
794 1420 1230 1476 celebraturam?
1287 1418 1459 1474 Porro
1512 1434 1637 1473 vera
1675 1418 1848 1488 pietas

266 1516 373 1577 est,
402 1519 460 1566 ιιι
492 1527 587 1567 eos
614 1512 968 1569 veneratione
994 1526 1059 1568 ae
1086 1512 1389 1568 bonoribus
1417 1522 1838 1583 prosequamur,

266 1600 359 1669 qni
421 1601 546 1657 sorti
582 1618 679 1674 pro
711 1604 940 1660 Doinino
993 1604 1173 1660 animo
1212 1612 1482 1660 tormenta
1512 1601 1655 1672 passi
1699 1607 1846 1663 sunt,

267 1704 333 1746 ac
375 1694 660 1750 adversum
695 1696 889 1753 mortis
939 1711 1249 1768 supremum
1287 1694 1578 1751 discrimen
1608 1693 1850 1748 decerta·

1941 512 2100 568 τοῦτο
2144 510 2432 572 δείκνυσιν,
2459 508 2495 578 ἡ
2526 524 2587 560 τε
2610 506 2744 579 άλλη
2776 505 2872 561 τοῦ
2906 505 3023 577 βίου
3071 507 3272 576 πεῖρα,
3313 502 3415 557 καὶ
3463 505 3538 557 τὰ

1943 604 2148 677 ἀρτίως
2174 599 2492 672 τελούμενα.
2519 599 2584 653 Et
2609 596 2684 669 μὴ
2717 598 2828 670 γὰρ
2856 597 3077 663 ὲδίωξεν
3109 594 3479 665 Χριστιανοὺς
3506 594 3536 647 ὁ

1941 693 2211 765 διάὸολρς,
2249 691 2344 746 καὶ
2371 691 2464 744 τὸν
2490 687 2633 743 κατὰ
2655 688 2755 759 τῆς
2795 685 3123 759 Ἐκκλησίας
3146 686 3321 757 ἡρατο
3375 683 3540 738 πόλε·

1948 804 2068 857 μον,
2126 786 2227 839 οὐκ
2271 784 2339 837 ἂν
2372 784 2591 854 εἴχομεν
2648 781 2974 853 μάρτυρας·
3027 778 3329 850 μαρτύρων
3371 776 3431 830 δὲ
3462 776 3539 849 μὴ

1943 879 2133 941 ὄντων,
2168 876 2490 948 σκυθρωπὸς
2515 873 2675 946 ἡμῶν
2701 876 2730 928 ὁ
2752 873 2867 945 βίος
2897 872 3109 941 ἐγίνετο
3123 870 3222 924 καὶ
3257 870 3538 942 ἀνέορτος.

1944 969 2011 1024 Τί
2031 969 2142 1040 γάρ
2174 968 2427 1031 ἀντάξιον
2454 966 2660 1020 τούτοιν
2689 965 2798 1019 τῶν
2829 963 3232 1036 πανηγύρεων;
3280 963 3338 1015 τί
3367 962 3427 1016 δὲ
3446 961 3538 1016 οῦ-

1942 1077 2053 1123 τως
2089 1058 2292 1130 σεμνὸν
2332 1057 2425 1111 καὶ
2456 1056 2738 1125 πάγκαλον
2757 1095 2772 1119 ,
2815 1056 2893 1119 ὡς
2926 1054 2990 1109 τὸ
3022 1052 3179 1108 πόλιν
3206 1053 3342 1125 ὃλην
3387 1053 3535 1120 ἰδεῖν,

1926 1149 2203 1219 ,παγγενῆ
2239 1147 2579 1218 ὲκφοιτῶσαν
2600 1146 2694 1201 τοῦ
2722 1148 2936 1210 ἄστεος,
2968 1144 3113 1216 ἱερὸν
3139 1144 3196 1197 δὲ
3235 1144 3408 1197 τόπον
3435 1161 3534 1198 κα-

1946 1239 2422 1310 ταλαμὸάνουσαν,
2454 1236 2740 1301 εὐσεὸείας
2785 1236 3165 1308 ἀληθεστάτης
3207 1236 3390 1290 τελεῖν
3435 1253 3528 1289 κα-

1948 1328 2093 1403 θαρὰ
2117 1329 2395 1400 μυστήρια
2419 1345 2434 1391 ς
2470 1327 2737 1382 Εὐσέόεια
2762 1327 2819 1381 δὲ
2852 1325 3077 1399 ἀληθὴς,
3107 1326 3170 1379 τὸ
3197 1327 3521 1402 προσκυνεῖν

1947 1437 2009 1475 τε
2031 1421 2129 1476 καὶ
2151 1422 2318 1493 τιμᾷν
2339 1421 2468 1484 τοὺς
2482 1419 2551 1474 δι’
2577 1421 2789 1475 ἐκεῖνον
2803 1418 2951 1491 πάθη
2978 1418 3271 1491 καρτερῶς
3295 1418 3525 1487 ὲνεγκύν·

1946 1528 2069 1576 τας,
2117 1511 2217 1565 καὶ
2257 1510 2777 1583 παρατεταγμένους
2825 1509 2965 1582 πρὸς
2996 1510 3089 1564 τδν
3145 1508 3383 1580 ἔσχατον
3408 1529 3420 1546 ·
3441 1506 3530 1561 τοῦ

1952 1600 2192 1656 θανάτου
2220 1602 2462 1656 κίνδυνον
2479 1620 2492 1633 ·
2518 1595 2595 1657 ὧν
2618 1604 2903 1673 κορυφαῖοι
2944 1601 3037 1657 καὶ
3075 1602 3381 1674 προστάται
3411 1617 3529 1670 τυγ·

1950 1692 2205 1764 χάνουσιν
2257 1694 2308 1747 οἱ
2344 1693 2585 1766 σήμερον
2606 1695 2754 1765 ἡμᾶς
2783 1693 3311 1766 δημαγωγήσαντες·
3344 1693 3537 1765 ἀνδρες

269 1793 495 1850 vernnt;
551 1802 782 1855 ‹ptorum
825 1786 1098 1858 principes
1124 1795 1270 1850 suut,
1313 1800 1377 1840 ac
1403 1785 1590 1850 duces,
1624 1781 1715 1851 qui
1748 1796 1844 1835 nos
1880 1775 1921 1835 B
1949 1784 2040 1839 διὰ
2069 1783 2236 1839 καλὸν
2281 1784 2532 1847 θάνατον,
2583 1784 2873 1840 ἀθάνατοι·
2905 1784 2994 1839 διὰ
3034 1783 3095 1837 τὸ
3122 1783 3538 1855 καταφρονῆσαι

268 1868 428 1925 bodie
458 1873 510 1925 in
544 1875 860 1928 concionem
889 1883 1193 1937 vocaruut;
1247 1874 1347 1927 viri
1382 1872 1656 1954 nimirum,
1709 1885 1847 1941 prae·

269 1962 431 2017 etarae
488 1966 676 2020 mortis
731 1964 888 2021 titulo
937 1966 1303 2030 immortalem
1353 1965 1476 2019 vitae
1510 1970 1842 2030 contemptu.

272 2064 534 2123 perpetuo
565 2056 838 2122 viventes;
876 2057 1079 2127 quique
1124 2072 1349 2128 regnunt
1402 2054 1666 2124 sangnine
1691 2068 1845 2109 eom·

276 2146 555 2210 mutarint,
616 2162 682 2202 ae
733 2150 914 2203 carnis
968 2148 1193 2204 insidias
1224 2146 1279 2202 iu
1312 2146 1629 2202 beneficium
1663 2154 1845 2201 verte-

274 2235 406 2291 rint.
439 2237 532 2294 Sic
583 2238 760 2309 plane,
796 2256 917 2295 eum
944 2240 1083 2296 bona
1125 2240 1375 2295 voluntas
1428 2237 1631 2309 auriga!
1679 2237 1851 2292 instar

275 2328 586 2394 praesederit
607 2329 808 2385 homini
833 2346 850 2398 ς
880 2331 1093 2402 sibique
1119 2329 1239 2400 ejus
1267 2327 1538 2400 appetitus
1572 2341 1761 2382 omues
1786 2341 1852 2381 ac

273 2415 596 2485 agitationes
643 2420 1031 2493 subjugaverit,
1071 2438 1134 2477 ac
1183 2418 1330 2475 velut
1383 2418 1647 2480 habenas.
1683 2416 1850 2471 animi

273 2508 542 2578 cogitatus
604 2520 814 2568 attente
881 2514 1172 2582 sobrieque
1211 2506 1856 2579 pertenderit,exstimu·

1948 1877 2113 1951 ζωῆς,
2142 1878 2342 1943 ζῶντες
2359 1878 2477 1933 ἀεί·
2506 1878 2600 1933 τοῦ
2620 1878 2851 1949 αἵματος
2881 1877 2978 1948 τὴν
2998 1875 3282 1947 βασιλείαν
3309 1875 3543 1941 ἀλλαξά-

1952 1983 2125 2039 μενοι,
2149 1968 2246 2021 καὶ
2262 1968 2363 2040 τὴν
2385 1967 2667 2022 ὲπίόουλον
2691 1967 2869 2040 σάρκα
2899 1966 3196 2038 εὐεργέτην
3226 1965 3331 2037 τῆς
3363 1966 3545 2037 ψυχῆς

1947 2058 2345 2130 ἀποφήναντες.
2377 2057 2565 2123 Οὕτως
2597 2060 2914 2131 προαίρεσις
2942 2058 3141 2130 ἀγαθὴ,
3159 2060 3295 2113 ὅταν
3324 2057 3543 2130 ἡνιόχου

1951 2147 2109 2220 δίκην
2137 2146 2421 2218 ὲφεστῶσα
2442 2146 2476 2223 ἦ
2497 2149 2576 2221 τῷ
2588 2148 2860 2222 ἀνθρώπῳ
2877 2167 2891 2182 ·
2923 2148 3197 2222 ύποζεύξῃ
3216 2149 3275 2204 δὲ
3291 2150 3431 2222 αὐτῇ
3446 2150 3545 2214 τὰς

1941 2236 2132 2308 ,ὁρμὰς
2149 2238 2329 2303 πάσας
2350 2240 2445 2294 καὶ
2463 2240 2533 2294 τά
2567 2240 2847 2313 κινήματα
2862 2282 2878 2306 ,
2918 2241 3012 2295 καὶ
3057 2239 3443 2313 προσεχόντως
3468 2240 3543 2303 ὡς

1954 2328 2112 2401 ἡνίας
2143 2329 2384 2403 διατείνῃ
2412 2331 2539 2396 τοὺς
2568 2331 2883 2404 λογισμοὺς,
2911 2333 3108 2404 ἀργίαν
3132 2331 3425 2396 νύττουσα,
3453 2331 3546 2386 καὶ

1956 2419 2193 2493 ὀξύτητα
2218 2422 2454 2497 ἄμετρον
2466 2424 2888 2480 ἀναστέλλουσα·
2918 2424 3017 2496 οὐχ
3047 2419 3160 2479 οἷόν
3184 2440 3245 2478 τε
3263 2421 3544 2493 &ventove

1966 2512 2305 2570 ἐπικίνδυνον
2332 2516 2590 2585 γενέσθαι
2614 2516 2710 2571 τοῦ
2737 2517 2850 2588 βίου
2884 2516 2975 2571 τὸν
3000 2516 3225 2588 δρόμον.

275 2595 440 2652 larido
473 2601 763 2669 ignaviam,
793 2617 856 2657 ac
880 2601 1100 2655 nimiam
1129 2599 1501 2654 incitationem
1530 2596 1854 2664 cohibendo,
1896 2605 2082 2674 nequit
2110 2606 2226 2663 (ieri
2258 2618 2317 2662 ut,
2366 2612 2494 2665 viiae
2544 2625 2738 2666 cursus
2787 2609 3201 2679 incompositus,
3225 2624 3292 2666 ae
3314 2608 3550 2680 periculo

275 2688 593 2757 conjunctus
612 2693 859 2744 exsistat.

348 2779 537 2846 itaque
569 2777 828 2832 babemus
868 2789 1158 2851 martyres,
1188 2778 1278 2848 qui
1314 2778 1509 2835 nedum
1543 2781 1664 2836 vitae
1693 2782 1860 2853 probe

281 2869 620 2925 instituendae
680 2870 923 2940 magistri
981 2871 1111 2938 sint,
1164 2871 1258 2924 sed
1310 2872 1401 2940 qui
1440 2872 1604 2927 etiam
1652 2872 1857 2943 peceati

281 2968 646 3017 acettsatoreS.
707 2960 820 3027 Qua
869 2972 1045 3015 antem
1096 2968 1303 3031 martyr
1340 2962 1548 3019 ratione
1606 2972 1852 3031 accuset,

282 3065 348 3106 ae
373 3060 527 3108 vocet
549 3050 600 3106 in
624 3052 849 3119 crimen,
879 3051 952 3107 ita
975 3051 1188 3123 accipe:
1211 3050 1344 3108 Cum
1369 3053 1458 3109 ilie
1480 3070 1576 3122 per
1601 3065 1859 3113 constan-

285 3141 414 3195 tiam
444 3140 673 3195 ssammae
700 3143 840 3211 ignis
872 3143 1044 3197 victor
1072 3145 1362 3212 exstiterit,
1384 3147 1570 3217 quidni
1618 3158 1670 3201 tu
1706 3149 1861 3202 luxu·

284 3232 422 3288 riam
454 3232 704 3289 castitate
746 3233 967 3288 domas?
991 3234 1125 3288 Cum
1167 3247 1375 3308 martyr
1426 3238 1627 3292 nullam
1657 3238 1862 3293 divitia-

283 3341 405 3383 runt
430 3340 496 3380 ac
519 3322 898 3394 pecuniarum,
920 3328 929 3333 '
949 3338 1085 3395 quas
1111 3318 1739 3393 dintittebat,'ratieuem
1764 3330 1862 3386 ba·

282 3415 494 3484 buerit,
543 3416 729 3486 quidni
782 3427 835 3472 ιιι
879 3417 1105 3486 justitia·
1162 3434 1325 3474 cansa
1383 3435 1584 3490 paucos
1614 3436 1863 3477 nummos

284 3508 623 3566 contemnis?
642 3507 776 3563 Cum
807 3505 1010 3582 martyr
1038 3509 1458 3581 nolueritgeuus
1486 3527 1553 3566 ac
1602 3512 1861 3566 familiam

285 3601 569 3671 praelatum
612 3602 746 3665 neo.
783 3602 876 3657 sed
905 3603 972 3657 ab
1019 3618 1209 3670 uxore,
1258 3603 1466 3673 liberis,
1506 3605 1862 3661 charissimus

284 3694 572 3764 abiunctus
605 3693 713 3759 sit;
755 3693 939 3762 quidni
972 3703 1027 3747 tu
1057 3694 1438 3765 impensiorem
1473 3697 1706 3768 castigas
1734 3696 1862 3751 atie-

287 3796 435 3842 etum
466 3804 481 3842 ι
510 3787 776 3857 quinimo,
808 3800 1027 3858 propter
1063 3789 1240 3860 aliqua
1267 3789 1358 3845 tibi
1392 3789 1531 3845 sorte
1562 3789 1863 3853 necessitu-

288 3881 414 3938 dine
441 3880 761 3950 eonjunctas
808 3895 1085 3952 personaS,
1119 3881 1383 3950 justitiam
1425 3880 1736 3943 concutcas,
1767 3895 1867 3936 nee

292 3972 383 4028 Dei
423 3974 670 4027 timorem
715 3972 972 4042 reputas?
1022 3971 1156 4028 Cum
1190 3982 1398 4043 martyr
1423 3970 1668 4026 Numinis
1694 3985 1862 4024 cansa

290 4066 465 4133 ipsun:
495 4064 705 4119 exuerit
738 4077 966 4131 corpus,
1001 4063 1186 4132 quidni
1223 4072 1276 4117 ιιι
1307 4062 1388 4116 vel
1429 4062 1691 4116 modicam
1727 4061 1867 4116 tuni·

292 4171 434 4220 cam,
463 4168 570 4224 qna
626 4153 829 4209 nudum
892 4164 1062 4224 tegas,
1120 4154 1458 4231 contemnis?
1490 4153 1614 4210 ttaee
1644 4155 1743 4208 sibi
1798 4169 1864 4208 ex

293 4245 522 4302 adverso
546 4245 864 4313 composita,
906 4254 1147 4299 nostram
1179 4254 1414 4315 arguunt
1441 4249 1653 4300 morum
1690 4244 1869 4314 pravi-

2046 2783 2284 2855 Ἔχομεν
2331 2783 2511 2838 τοίνυν
2557 2785 2684 2847 τοὺς
2731 2784 3036 2856 μάρτυρας,
3083 2784 3147 2837 ού
3190 2784 3550 2841 διδασκάλους

1970 2870 2129 2943 μόνον
2176 2872 2387 2943 ἀγαθῆς
2420 2871 2714 2937 πολιτείας,
2763 2871 2899 2926 ἀλλὰ
2936 2870 3032 2925 καὶ
3073 2871 3427 2945 κατηγόρους
3451 2874 3552 2944 τῆς

1886 2993 1931 3056 C
1967 2964 2261 3035 ἁμαρτίας.
2316 2963 2441 3028 Πῶς
2490 2965 2536 3018 δ’
2588 2962 2654 3017 ἀν
2708 2964 2918 3033 γένοιτο
2961 2962 3174 3033 μάρτυς
3219 2964 3549 3035 κατήγορος,

1966 3056 2200 3114 ἄκουσον
2219 3073 2233 3086 ·
2264 3058 2328 3111 Et
2364 3059 2572 3122 ἐκεῖνος
2604 3056 2823 3128 ἐνίκησε
2854 3055 3028 3127 φλόγα
3049 3054 3225 3128 πυρδς
3253 3058 3322 3130 τῇ
3354 3075 3551 3130 καρτε-

1973 3148 2084 3220 ρίᾳ,
2119 3149 2182 3203 σὺ
2228 3148 2346 3213 πῶς
2386 3148 2644 3220 πορνείαν
2675 3148 2736 3199 οὐ
2775 3145 3041 3218 δαμάζεις
3086 3147 3153 3218 τῇ
3187 3147 3539 3218 σωφροσύνῃ;

1968 3241 2080 3294 Είὸ
2109 3239 2320 3312 μάρτυς
2342 3239 2442 3293 οὐκ
2470 3239 2659 3310 ἐλέησε
2709 3237 2938 3293 πλοῦτον
2970 3236 3031 3292 ὃν
3074 3235 3223 3309 ἡφίεί
3257 3238 3350 3291 καὶ
3394 3238 3535 3308 χρή-

1971 3346 2138 3404 ματα,
2161 3331 2321 3387 διὰτί
2345 3332 2411 3401 σὺ
2434 3331 2617 3402 ὀλίγοι)
2640 3332 2699 3385 οὐ
2722 3334 3086 3403 καταφρονεῖς
3105 3331 3354 3405 ἀργυρίου
3387 3331 3528 3403 ὑπὲρ

1969 3421 2346 3493 δικαιοσύνης;
2370 3421 2434 3476 Et
2455 3424 2488 3476 ὀ
2512 3421 2722 3494 μάρτυς
2739 3422 2895 3491 γένος
2920 3421 3056 3476 Θεοῦ
3075 3421 3132 3479 ού
3231 3411 3533 3497 ὶτίμησεν,

1971 3514 2085 3569 ἀλλ’
2129 3513 2433 3586 ἀπεζεύχθη
2474 3513 2752 3583 γυναικὸς,
2794 3514 3029 3579 παίδων,
3070 3437 3545 3586 ὣ-πῶς

1973 3607 2039 3660 σὺ
2066 3606 2128 3661 ού
2157 3606 2405 3672 κολάζεις
2440 3606 2539 3678 τὴν
2566 3605 2940 3678 προσπάθειαν
2964 3649 2978 3671 ,
3013 3607 3103 3661 διὰ
3148 3606 3210 3662 δὲ
3254 3606 3550 3680 πρόωπα,

1973 3694 2135 3765 τυχὸν
2164 3694 2346 3764 σχέσιν
2377 3693 2513 3767 πρὸς
2540 3696 2600 3749 σὲ
2626 3697 2956 3769 οἰκειότητος
2978 3696 3194 3768 ἔχοντα,
3230 3697 3552 3770 ὑπερπηδᾷς

1972 3785 2033 3838 τὸ
2070 3784 2296 3851 δίκαιον,
2332 3786 2425 3840 καὶ
2449 3786 2543 3840 τοῦ
2589 3786 2725 3841 Θεοῦ
2754 3787 2844 3843 τὸν
2870 3788 3035 3858 <pasus
3074 3789 3424 3862 παραλογίζῃ
3449 3806 3464 3854 ;
3494 3789 3555 3844 Εί

1972 3877 2001 3928 ὁ
2036 3875 2248 3949 μάρτυς
2275 3875 2337 3929 τὸ
2367 3875 2526 3948 σῶμα
2570 3876 2659 3932 διὰ
2703 3877 2837 3932 Θεὸν
2866 3878 3174 3946 ὲξεδύσατο,
3227 3878 3351 3944 πῶς
3396 3879 3561 3942 αὐτὸς

1972 3968 2090 4032 ἐνὸς
2120 3968 2182 4023 οὐ
2214 3971 2581 4042 καταφρονεῖς
2607 3970 2931 4040 χιτωνίσκου
2955 3970 3037 4034 είς
3068 3971 3283 4038 σκέπην
3301 3967 3553 4041 γυμνούς

1974 4057 2160 4113 Ταῦτα
2181 4057 2433 4132 ἀλλὴλοις
2462 4058 2932 4132 ἀντεξεταζόμενα
2968 4061 3065 4132 τὴν
3108 4060 3396 4134 ἡμετέραν
3431 4060 3556 4113 δυσ-

1972 4150 2200 4224 τροπίαν
2249 4150 2479 4223 ἐλέγχει.
2523 4152 2595 4205 Ἢ
2638 4151 2816 4206 τοίνυν
2867 4154 2944 4217 ὡς
2999 4151 3363 4216 διδασκάλους
3433 4149 3559 4213 τοὺς

1976 4244 2167 4313 ἁγίους
2198 4243 2557 4316 αἰδεσθῶμεν,
2606 4245 2641 4316 ἡ
2685 4245 2760 4309 ὡς
2793 4245 3133 4317 κατηγόρους
3177 4242 3514 4314 φοὸηθῶμεν
3540 4256 3555 4271 ·

298 4347 488 4395 tatem.
527 4336 619 4392 Vei
647 4352 776 4408 ergo
795 4345 1035 4404 sanctos,
1061 4346 1120 4391 ut
1147 4336 1436 4406 magistros
1467 4351 1815 4392 revereamur
1843 4350 1860 4400 ;
1900 4354 1947 4410 ι)
1974 4335 2238 4407 δείξωμεν
2265 4335 2321 4389 δὲ
2346 4336 2439 4390 τὸν
2479 4336 2686 4391 ἑαυτῶν
2733 4335 2847 4407 βίον
2892 4339 3005 4400 τοῖς
3052 4333 3391 4406 τιμωμένοις
3427 4332 3558 4387 ἀκό-

295 4429 381 4483 vet
419 4439 476 4483 ιιι
505 4438 852 4484 accusatores
884 4430 1201 4496 timeamus3
1239 4429 1413 4499 iisque
1443 4428 1547 4501 ipsi
1582 4438 1876 4485 consenta-

297 4534 456 4577 neam
512 4518 862 4575 exhibeamus
893 4519 1102 4576 vivendi
1148 4521 1438 4587 rationem,
1487 4521 1626 4592 quos
1667 4520 1875 4576 bonore

297 4609 676 4680 prosequimur
703 4625 717 4662 ι
751 4619 910 4679 atque
941 4609 994 4663 in
1029 4624 1151 4665 eum
1175 4609 1337 4664 etiam
1360 4611 1578 4665 modum
1608 4610 1717 4664 Deo
1739 4609 1877 4664 obe-

298 4705 531 4768 diamus,
556 4700 608 4755 in
634 4714 792 4769 quem
827 4700 911 4755 itti.
935 4702 1452 4772 obtemperaverunt
1488 4700 1783 4765 mandatis,
1808 4715 1873 4754 ae

301 4795 562 4865 promissa
590 4793 821 4848 tirmiter
857 4802 1233 4861 speraverunt.

370 4885 507 4955 Spes
553 4897 788 4954 namque
838 4882 1164 4954 spiritalium
1192 4882 1670 4952 bonorum,proba
1694 4882 1882 4937 admo·

301 4976 426 5031 dum
453 4975 788 5031 tortitudinis
817 4989 882 5030 ac
917 4974 1218 5031 tolerantia}
1244 4974 1456 5030 exsistit
1481 4974 1726 5040 doctrin
1759 4989 1881 5045 quae

300 5067 578 5136 nimirum,
613 5067 762 5124 velut
791 5067 1042 5124 idoneum
1095 5067 1313 5136 pignus,
1352 5074 1610 5135 certaque
1634 5065 1873 5123 arrhabo

302 5159 498 5215 animis
555 5161 832 5227 insidens,
904 5158 1202 5230 pertentnm
1265 5170 1427 5213 omne
1525 5156 1880 5227 impercuisos

298 5248 456 5322 jubet
478 5251 746 5320 aspicere.
774 5266 839 5307 ae
866 5251 1045 5320 reipsa
1095 5250 1239 5304 serre
1290 5258 1530 5304 strenue.
1580 5250 1761 5316 Atque
1795 5247 1872 5314 id.

303 5349 668 5397 consentanea
707 5343 939 5398 maxime
967 5341 1194 5396 ratione.
1255 5338 1348 5396 Sic
1381 5340 1523 5395 enim
1558 5339 1671 5394 sere
1695 5339 1875 5397 bomi÷

303 5431 464 5490 nibus
487 5441 680 5489 natura
703 5442 1082 5506 comparatum
1118 5439 1221 5501 est,
1249 5441 1304 5487 ut
1330 5430 1394 5485 iis
1432 5430 1730 5497 laboribus,
1764 5430 1881 5503 qui·

305 5656 401 5711 ιί-ιι
435 5651 657 5712 Vossius
688 5655 829 5712 banc
871 5655 1018 5712 bom.
1055 5655 1107 5713 in
1135 5664 1249 5710 not.
1287 5655 1353 5710 ad
1376 5670 1413 5709 n
1453 5651 1513 5708 S.
1552 5649 1799 5721 prroetn
1828 5652 1883 5707 in

310 5724 595 5799 narium,
619 5724 676 5783 in
708 5725 824 5799 ipsa
849 5735 1119 5802 repertam
1155 5725 1478 5784 bibliotheca
1513 5722 1885 5788 Coluntnensi,

1976 4422 2165 4477 λουθον
2187 4440 2203 4455 ·
2238 4423 2552 4496 πεισθῶμεν
2595 4425 2653 4480 δὲ
2700 4426 2796 4481 καὶ
2837 4425 3000 4497 ἡμεῖς
3026 4423 3199 4490 οὕτως
3230 4423 3376 4496 Θεῷ,
3404 4423 3483 4487 ὡς
3512 4425 3560 4477 οῖ

1974 4516 2118 4584 ἆγιοι
2137 4518 2258 4579 ταῖς
2277 4517 2517 4582 ἐντολαῖς
2533 4518 2963 4591 ὲπειθάρχησαν,
2986 4519 3081 4573 καὶ
3104 4517 3204 4582 τὰς
3220 4516 3558 4587 έπαγγελέας

1976 4606 2206 4678 βεὸαίως
2237 4609 2491 4682 ἡλπισαν.

2059 4869 2259 4944 Ἀγαθὴ
2290 4871 2400 4944 γάρ
2428 4870 2634 4941 σφόδρα
2664 4865 2985 4934 διδάσκαλος
3016 4867 3271 4941 ἀνδρείας
3300 4867 3400 4922 καὶ
3431 4882 3563 4937 καρ·

1973 4964 2160 5039 τερίας
2186 4966 2220 5036 ἡ
2250 4963 2358 5019 τῶν
2407 4961 2630 5032 ἀγαθῶν
2683 4961 2793 5015 τῶν
2844 4959 3052 5032 νοητῶν
3081 4958 3271 5023 ἐλπίς·
3327 4959 3453 5031 ἥτις
3488 4955 3562 5019 ὡς

1977 5059 2231 5130 ἐνέχυρον
2254 5056 2562 5124 ἀξιόπιστον
2582 5038 2677 5107 καὶ
2700 5050 2958 5125 ἀρραὸὼν
2987 5050 3234 5122 ἀσφαλὴς
3266 5047 3566 5122 ἐγκειμένη

1982 5153 2098 5216 τοῖς
2126 5150 2424 5220 λογισμοῖς,
2465 5146 2645 5200 πάντα
2669 5145 2952 5201 κελεύεται
2989 5143 3233 5199 κίνδυνον
3268 5144 3407 5216 ὀρᾷν
3427 5142 3570 5197 ἀκα-

1982 5244 2326 5316 ταπλήκτως,
2366 5242 2460 5295 καὶ
2508 5239 2694 5310 φέρειν
2727 5240 2785 5292 ὲν
2812 5240 2879 5309 τῇ
2929 5237 3094 5308 πείρᾳ
3138 5233 3446 5302 γενναίως·
3475 5230 3574 5285 καὶ

1984 5335 2144 5391 τοῦτο
2169 5333 2476 5400 ἀκολούθως
2510 5332 2816 5404 συμδαίνει.
2854 5330 3018 5384 Φύσει
3051 5327 3160 5398 γάρ
3209 5342 3331 5389 πως
3370 5324 3573 5396 ἐλάχο·

1989 5443 2090 5500 μεν
2167 5424 2443 5498 ἀνθρωττοι
2516 5421 2909 5494 μαλακίζεσθαι
2956 5419 3023 5474 ἂν
3072 5415 3167 5472 καὶ
3231 5413 3576 5490 χαυνοῦσθαι

1992 5667 2059 5706 ex
2084 5665 2190 5720 qua
2225 5647 2329 5706 sibi
2370 5646 2531 5702 Pater
2562 5640 2889 5700 sirmundus
2927 5640 3318 5712 exscripserat,
3368 5636 3574 5710 quibus

1995 5721 2202 5792 primus
2228 5717 2385 5778 annis
2424 5717 2609 5775 Romae
2638 5713 2849 5786 agebat.
