3725 6125
308 296 406 351 tae

1569 300 1629 355 S.
1666 298 1945 355 ASTERu
1982 301 2291 361 AttAsENt

3451 311 3566 367 200

308 421 622 493 cupiditate,
650 419 937 489 studioque
976 416 1290 473 dominandi
1328 414 1617 485 peregrino
1658 414 1876 486 populo,
1911 423 1954 478 Α
1992 421 2273 491 βούλεσθαι
2305 421 2491 493 κύριος
2514 418 2652 477 εἰναι
2678 423 2832 493 ξένου
2856 425 2985 483 λαοῦ
3033 427 3129 482 καὶ
3159 426 3466 500 μηδαμόθεν
3496 432 3565 502 τῇ

310 513 401 583 qui
426 513 493 567 ad
520 511 634 580 ejus
680 508 814 564 nihil
847 508 1131 578 imperium
1163 506 1471 575 spectaret?
1517 506 1652 561 Hinc
1680 506 1881 561 sactum

311 617 417 672 est,
453 613 530 669 ut,
557 618 676 658 cum
709 602 914 655 alienos
941 614 1046 653 non
1072 598 1389 665 dimitteret,
1415 615 1541 655 suos
1563 599 1884 670 perdiderit,

312 712 415 764 qua
447 706 626 763 strage
651 690 1157 761 primogenitorum,
1190 704 1295 757 qua
1329 691 1495 746 maris
1529 691 1721 745 itinere
1758 706 1883 760 per-

311 790 584 845 secutione
620 785 869 840 abeuntis
893 783 1097 855 populi.
1127 780 1336 838 Omitto
1367 785 1508 839 enim
1539 784 1736 840 fluenta
1760 801 1887 838 san·

309 881 502 951 guinea
522 920 537 943 ,
563 893 812 932 ranarum
846 877 1112 931 infinitam
1145 874 1421 943 sobolem,
1453 876 1639 932 bruchi
1690 887 1883 932 tetram

311 972 485 1035 luem,
538 969 878 1039 pustularum
921 983 986 1023 ac
1030 968 1347 1038 papularum
1399 967 1593 1023 soedam
1642 969 1885 1037 eruptio-

313 1077 432 1117 nem
456 1098 472 1125 ,
501 1059 908 1129 quadrupedum
943 1071 1127 1111 necem
1147 1096 1164 1123 ,
1199 1067 1553 1127 caeteramque
1584 1057 1789 1111 cladem
1822 1070 1888 1111 ae

311 1163 537 1221 pestem,
556 1165 659 1220 qua
688 1148 974 1221 AEgyptuS,
1007 1147 1076 1203 ob
1098 1147 1358 1218 principis
1386 1148 1665 1203 avaritiam
1689 1148 1888 1217 impro-

312 1243 540 1311 bamque
564 1241 722 1296 alieni
743 1240 1114 1310 cupiditatem,
1141 1238 1395 1292 damnata
1448 1237 1568 1292 l'uit.
1601 1236 1741 1290 Alibi
1764 1251 1889 1290 rur-

311 1349 450 1397 sum,
478 1333 615 1387 mala
644 1332 744 1387 hoc
766 1330 946 1386 scabie
972 1344 1034 1383 ac
1061 1329 1236 1397 spissa
1260 1328 1407 1398 lepra
1451 1327 1780 1381 vindicatum
1807 1326 1890 1380 di·

314 1426 441 1480 dici.
471 1423 532 1477 Et
562 1423 716 1493 juxta
746 1435 954 1474 mecum
986 1418 1077 1473 hie
1107 1418 1417 1482 recordare,
1442 1416 1686 1486 quisquis
1709 1417 1883 1472 histo-

316 1517 450 1569 riam
477 1528 648 1576 amas,
687 1526 752 1566 ae
790 1510 952 1564 Elisei
990 1508 1250 1577 praeclara
1276 1508 1412 1563 sacta
1442 1507 1673 1563 libenter
1696 1508 1847 1564 audis
1870 1549 1884 1574 ,

314 1603 766 1676 quemadmodum
818 1600 1059 1654 Naaman
1114 1599 1206 1654 ille
1253 1598 1456 1669 Syrus,
1509 1605 1795 1668 postquam
1833 1598 1887 1651 in

311 1696 540 1754 Jordaue
563 1694 805 1761 lavisset,
842 1708 870 1746 a
905 1691 1052 1761 lepra
1086 1690 1248 1745 luerit
1275 1690 1535 1746 liberatus
1559 1690 1639 1743 ⁸⁸:
1673 1675 1889 1745 cointra-

1985 513 2193 567 ἐκείνου
2239 513 2483 586 βασιλείᾳ
2524 516 2928 587 προσήκοντος;
2957 520 3068 575 Καὶ
3097 519 3186 573 διὰ
3221 520 3402 579 τοῦτο.
3435 524 3570 587 τοὺς

1986 601 2295 673 ἀλλοτρίους
2350 602 2451 657 οὐκ
2496 605 2675 672 ἀφεὶς,
2723 608 2849 671 τοὺς
2893 602 3053 673 ἰδίους
3090 609 3392 666 ἀπώλεσεν·
3438 612 3573 678 τοὺς

1988 693 2088 764 μὲν
2114 696 2171 747 ὲν
2200 694 2385 766 πληγῇ
2418 695 2527 749 τῶν
2560 698 2937 767 πρωτοτόκων·
2974 700 3098 764 τοὺς
3129 702 3211 766 δὲ,
3251 705 3311 757 έν
3340 702 3409 776 τῇ
3444 703 3573 760 διώ-

1986 785 2067 849 ξει
2102 789 2167 857 τῇ
2194 786 2336 840 κατὰ
2367 786 2661 842 θάλασσαν.
2700 790 2921 862 ’Δφίημι
2953 792 3059 862 γὰρ
3086 796 3365 864 ποταμοὺς
3391 798 3473 859 εἰς
3490 790 3575 851 αἷ-

1988 894 2068 948 μα
2125 878 2377 950 ῥυέντας,
2434 880 2528 932 καὶ
2574 880 2861 950 βατράχων
2919 881 3146 937 ἄπλετον
3193 883 3429 952 γένεσιν,
3473 886 3571 942 καὶ

1988 967 2217 1041 βρούχου
2249 971 2449 1043 λύμην,
2482 973 2576 1024 καὶ
2604 962 2945 1042 φλυκταινῶν
2982 975 3289 1047 ὲξάνθησιν,
3331 976 3421 1031 καὶ
3454 978 3566 1034 τῶν

1984 1062 2325 1132 τετραπόδων
2356 1062 2447 1115 τὸν
2471 1062 2719 1128 θάνατον,
2750 1064 2845 1117 καὶ
2874 1066 3052 1119 πᾶσαν
3091 1066 3190 1137 τὴν
3231 1068 3465 1121 κάκωσιν
3487 1069 3558 1141 ἣν

1986 1148 2259 1218 Αἴγυπτος
2306 1150 2665 1223 κατεδικάσθη
2718 1152 2808 1205 διὰ
2846 1153 2945 1224 τὴν
2992 1153 3305 1219 πλεονεξίαν
3342 1156 3433 1210 τοῦ
3465 1159 3564 1229 &p-

1987 1256 2191 1310 χοντος.
2238 1239 2493 1311 Ἀλλαχοῦ
2522 1240 2680 1294 πάλιν
2714 1241 2863 1306 τέλος
2891 1242 2989 1313 τῆς
3016 1244 3289 1315 ἁμαρτίας
3325 1247 3571 1318 κατέμα-

1988 1330 2100 1393 θον,
2132 1329 2338 1401 λέπραν
2364 1330 2557 1402 ἀθρόον
2589 1331 2667 1403 τῷ
2694 1333 2991 1406 πλεονέκτῃ
3018 1337 3429 1407 περιχυθεῖσαν.
3458 1340 3571 1394 Καί

1991 1437 2081 1492 μοι
2130 1421 2711 1494 συνδιαμνημόνευσον,
2752 1425 2807 1477 εἴ
2838 1444 2922 1489 τις
2964 1425 3277 1501 φιλοῒστωρ,
3326 1430 3421 1485 καὶ
3463 1431 3572 1485 τῶν

1989 1511 2426 1583 κατορθωμάτων
2465 1514 2769 1569 Ἐλισσαίου
2802 1515 3075 1588 φιλήκοος,
3102 1520 3250 1584 ὅπως
3284 1521 3385 1593 μὲν
3412 1524 3443 1577 ὁ
3472 1523 3567 1577 Σύ-

1991 1617 2083 1672 ρος
2120 1602 2369 1672 Νεαιμάν
2401 1603 2734 1676 ἐκαθαρίσθη
2764 1604 2864 1677 τῆς
2900 1606 3126 1679 λέπρας,
3161 1610 3218 1663 ὲν
3249 1610 3331 1681 τῷ
3369 1613 3557 1687 Ἰορδά-

1992 1706 2057 1761 νη
2082 1690 2435 1762 λουσάμενος·
2468 1695 2616 1760 ὅπως
2642 1695 2700 1748 δὲ
2744 1697 3005 1768 μετῆλθεν
3030 1699 3090 1752 τὸ
3129 1701 3302 1766 πάθος
3341 1703 3424 1766 εἰς
3450 1703 3557 1757 Γιε-

314 1805 418 1861 que
480 1804 542 1844 ea
603 1794 890 1855 correptus
947 1799 1077 1854 puer
1111 1781 1259 1838 Giezi
1282 1823 1297 1848 ,
1332 1797 1528 1836 avarus
1581 1781 1891 1835 adolescens
1925 1759 1964 1817 Β
1995 1751 2077 1845 ζεῖ
2096 1782 2156 1835 τὸ
2188 1784 2491 1855 παιδάριον,
2521 1788 2799 1841 νεανίσκον
2830 1787 3157 1862 πλεονέκτην
3187 1793 3283 1847 καὶ
3310 1794 3562 1863 άφιλόσο·

312 1898 412 1938 nee
439 1881 712 1936 studiosus
731 1920 746 1945 ,
774 1878 865 1947 qui
899 1876 1198 1946 spiritalem
1242 1874 1470 1943 gratiam
1498 1872 1894 1942 gratuitamque

315 1969 552 2025 doctoris
580 1968 841 2022 medelam
901 1965 1071 2035 pretio
1107 1965 1420 2018 ventitarat.
1470 1962 1610 2029 Quid
1661 1961 1888 2015 Absalo·

317 2072 462 2121 nem,
487 2055 754 2110 mitissimi
791 2057 958 2124 patris
1006 2054 1236 2109 ferocem
1288 2053 1659 2121 audacemque
1693 2052 1885 2109 lilium.

317 2152 383 2204 ad
398 2149 740 2219 parricidium
755 2148 930 2216 adegit
953 2146 1038 2199 ⁸⁸?
1065 2144 1248 2200 Nonne
1271 2144 1649 2213 intempestiva
1680 2156 1892 2196 succes·

317 2241 487 2296 sionis
526 2240 703 2306 regiae,
735 2239 1018 2305 alienaque
1042 2236 1326 2291 invadendi
1363 2232 1758 2302 aediripiendi
1789 2246 1890 2285 cu·-

318 2331 552 2401 piditas?
587 2330 723 2396 Quid
759 2327 949 2383 «ludam
1002 2344 1032 2383 e
1071 2327 1315 2395 catalogo
1371 2324 1765 2393 discipulorum
1791 2336 1892 2377 ex-

314 2421 525 2490 punxit,
573 2434 746 2487 exque
802 2417 1048 2487 apostolo
1112 2418 1441 2484 proditorem
1501 2412 1658 2467 lecit?
1708 2410 1894 2465 Nonne

321 2529 442 2569 cum
476 2512 842 2584 gazophylacii
868 2510 1031 2564 iniiala
1066 2504 1484 2567 administratiO,
1520 2512 1631 2557 tum
1662 2501 1894 2572 pretium

315 2605 534 2669 infame,
567 2613 621 2656 et
652 2602 994 2655 denariorum
1033 2600 1237 2666 aliquot
1272 2595 1659 2665 propudiosunt
1705 2603 1894 2649 aucto-

315 2704 617 2751 ramentum
660 2692 743 2743 ”2²
783 2691 1006 2742 Ananiae
1036 2689 1267 2756 denique
1297 2696 1351 2740 et
1403 2683 1682 2755 Sapphirae
1728 2685 1896 2738 tristis

318 2785 458 2838 unde
495 2791 549 2835 et
597 2781 830 2850 tragicus
884 2781 935 2834 in
991 2779 1138 2833 Actis
1183 2776 1548 2845 apostolorum
1597 2776 1776 2830 exitus
1805 2776 1896 2830 ⁸⁸?

324 2874 507 2930 Nonne
531 2874 655 2942 quia
700 2886 920 2925 suarum
971 2886 1030 2924 se
1062 2868 1202 2924 furto
1240 2883 1438 2934 rerum,
1471 2882 1533 2922 ac
1554 2867 1891 2936 propriorum

319 2965 660 3020 denariorum
704 2960 988 3031 sacrilegio
1006 2941 1513 3014 contaminassent?
1556 2957 1775 3012 Deficiet
1809 2972 1894 3009 me

1991 1887 2109 1939 φον,
2179 1873 2545 1941 πνευματικὸν
2610 1874 2937 1947 πωλήσαντα
2988 1878 3253 1948 χάρισμα,
3316 1880 3411 1932 καὶ
3471 1878 3566 1948 τὴν

1990 1959 2218 2030 ἄμισθον
2262 1962 2499 2032 ἰατρείαν
2528 1961 2622 2015 τοῦ
2650 1963 2989 2019 διδασκάλου.
3028 1965 3197 2038 [leoz-:v
3233 1969 3261 2019 6
3309 1968 3570 2024 Ἀὅεσσα-

1990 2050 2109 2121 λὼμ
2169 2051 2503 2123 πατραλοίας
2575 2054 2821 2121 ἐγένετο,
2879 2057 2908 2107 ὁ
2959 2054 3053 2108 τοῦ
3125 2056 3304 2127 πράου
3366 2060 3570 2131 πατρὸς

1991 2142 2336 2214 φλεγμαίνων
2378 2145 2470 2197 καὶ
2510 2143 2716 2215 θρασὺς
2771 2146 3087 2210 νεανίσκος;
3135 2148 3196 2201 οὐ
3228 2148 3336 2220 πρὸ
3376 2150 3569 2221 καιροῦ

1991 2232 2231 2305 ζητήσας
2285 2234 2383 2304 τξην
2419 2234 2784 2305 κληρονομίαν
2820 2234 2920 2305 τῆς
2973 2236 3267 2305 βασιλείας,
3314 2239 3572 2312 ὲπιπηδη·

1993 2341 2087 2388 σας
2118 2325 2173 2377 δὲ
2194 2328 2305 2389 τοϊς
2336 2325 2655 2397 ἀλλοτρίοις,
2682 2326 2758 2390 ὡς
2790 2327 3003 2399 ἃρπαξς
3034 2330 3136 2382 Τὸν
3169 2329 3448 2385 Ἰούδανδὲ
3471 2334 3573 2386 πά-

1992 2415 2095 2478 λιν,
2124 2415 2175 2468 τί
2203 2416 2297 2470 τοῦ
2324 2418 2623 2486 καταλόγου
2652 2419 2759 2472 τῶν
2786 2418 3043 2490 μαθητῶν
3070 2420 3350 2489 ὲξέόαλεν,
3386 2421 3572 2496 έποίη·

1995 2521 2083 2556 σεν
2105 2506 2161 2558 δὲ
2189 2507 2448 2578 προδότην
2470 2508 2584 2562 ἀντ’
2608 2509 2937 2577 ἀποστόλους
2980 2512 3041 2565 οὐ
3066 2513 3125 2565 τὸ
3147 2514 3568 2584 γαζοφυλάκιον,

1993 2594 2206 2669 πρῶτον
2251 2598 2760 2671 ρᾳδιουργούμενον,
2791 2598 2965 2675 eleni]
3001 2605 3191 2674 κτῆσις
3232 2608 3333 2678 τῆς
3377 2608 3572 2679 ἀτίμου

1993 2687 2190 2759 τιμῆςς
2229 2689 2475 2743 Ἀνανίαν
2509 2692 2603 2744 καὶ
2637 2690 2952 2765 Σάπφειραν
2990 2693 3079 2747 διὰ
3111 2693 3161 2747 τί
3196 2696 3573 2769 τραγῳδοῦσιν

1990 2777 2099 2831 τῶν
2130 2779 2443 2835 ἀποστόλων
2498 2783 2553 2834 αί
2597 2784 2862 2854 Πράξεις;
2912 2786 3011 2838 οὐκ
3058 2787 3248 2861 ἐπειδὴ
3288 2789 3400 2844 τῶν
3430 2789 3572 2845 ἰδίων

1991 2871 2238 2939 ἐγένοντο
2262 2873 2511 2939 κλέπται,
2542 2876 2635 2928 καὶ
2667 2875 2773 2928 τῶν
2800 2877 3011 2930 οἰκείων
3046 2878 3416 2951 ἀναθημάτων
3441 2882 3575 2955 1296-

1994 2962 2182 3029 συλοι;
2228 2963 2529 3036 Ἐπιλείψει
2576 2983 2644 3037 με
2691 2967 2830 3037 τάχα
2866 2969 2959 3021 καὶ
3002 2969 3035 3038 ἡ
3076 2970 3258 3042 ἡμέρα
3296 2970 3425 3037 τοὺς
3471 2971 3574 3044 τῆς

320 3057 452 3121 dies»,
486 3058 534 3112 si
570 3054 847 3110 ministros
872 3063 928 3108 et
958 3049 1223 3121 mancipia
1257 3049 1500 3103 avaritiae
1541 3049 1893 3103 dinumerare
1920 3094 1963 3152 C
1995 3053 2306 3121 πλεονεξίας
2356 3056 2635 3128 ὑπηρέτας
2680 3057 3176 3131 ἀπαριθμούμενον.
3222 3060 3475 3133 Ἀφέντες
3510 3061 3568 3119 δῖ

320 3163 560 3218 pergam.
598 3146 759 3199 Missa
801 3147 982 3214 itaque
1028 3142 1193 3196 veteri
1242 3140 1486 3204 historia,
1522 3140 1890 3209 quotidianam

321 3238 445 3291 vitae
467 3233 850 3305 experientiam
889 3232 1301 3300 interrogemus,
1333 3230 1633 3300 cujusmodi
1679 3228 1789 3282 sera
1821 3230 1892 3282 sit

323 3327 546 3381 avaritia
570 3365 584 3389 ,
617 3340 682 3380 ac
714 3339 876 3394 quam
924 3336 1083 3392 tegre,
1114 3337 1255 3392 quos
1298 3320 1465 3377 semel
1526 3320 1891 3390 prehenderit,

321 3416 458 3470 elabi
486 3415 662 3479 sinat;
689 3423 747 3468 ut
771 3423 960 3483 vegeta
981 3426 1195 3481 semper
1214 3421 1374 3481 atque
1401 3410 1594 3474 valida,
1621 3396 1891 3479 uunquam

321 3504 630 3560 debilitetur
658 3519 721 3558 ac
752 3505 1003 3569 deliciat;
1039 3504 1134 3556 sed
1153 3518 1271 3555 cum
1300 3502 1384 3563 iis,
1421 3516 1556 3571 quos
1589 3501 1687 3555 sibi
1714 3500 1894 3570 subje-

322 3597 478 3662 cerit,
503 3602 858 3649 consenescat
888 3604 1049 3662 atque
1087 3602 1365 3662 perennet.

391 3686 732 3741 Libidinosus
780 3699 844 3738 ac
874 3698 1158 3754 corporum
1196 3692 1408 3736 amator
1460 3682 1674 3737 tametsi
1732 3683 1892 3750 longo

323 3778 602 3832 insanierit
634 3789 876 3846 tempore
922 3774 1252 3844 voluptatum
1304 3786 1452 3830 ostro
1499 3775 1759 3845 percituS,
1802 3773 1891 3827 ubi

327 3878 503 3922 tamen
528 3867 610 3921 vel
643 3868 758 3936 ipse
801 3866 1003 3920 seniles
1053 3865 1228 3934 attigit
1270 3880 1460 3929 anuoS,
1505 3865 1588 3919 vel
1620 3880 1777 3933 quam
1803 3865 1893 3917 de-

323 3959 502 4029 periit,
534 3958 796 4011 exoletam
831 3971 895 4009 ac
943 3953 1092 4008 floris
1124 3956 1377 4009 exstincti
1409 3955 1575 4020 videt,
1617 3954 1891 4009 remissio·

324 4063 444 4101 uem
474 4048 683 4100 tandem
737 4045 1008 4114 finemque
1057 4047 1227 4100 morbi
1275 4046 1496 4099 invenit.
1555 4043 1805 4109 Gulosus,
1836 4053 1892 4098 et

325 4141 438 4209 ipse
463 4154 491 4192 a
524 4137 725 4192 ventris
748 4136 1110 4206 voluptatibus
1142 4137 1364 4201 recedit,
1391 4137 1505 4192 sive
1543 4138 1756 4208 quando
1776 4136 1888 4205 jam

322 4245 443 4284 eunt
475 4229 698 4284 satietas
725 4227 890 4296 cepit,
917 4227 1033 4281 sive
1078 4241 1198 4280 cum
1224 4230 1557 4292 stomachus,
1598 4241 1661 4280 ac
1709 4239 1890 4294 partes

324 4319 446 4392 illae,
493 4318 687 4387 quibus
718 4317 800 4371 vis
844 4332 905 4370 ac
949 4330 1144 4369 munus
1187 4315 1554 4385 concoquendi
1605 4314 1882 4377 incumbit,

1992 3145 2089 3216 τὴν
2132 3145 2369 3200 παλαιὰν
2424 3149 2686 3222 ἱστορίαν,
2711 3150 2808 3220 τὴν
2856 3153 3050 3222 πεῖραν
3085 3152 3427 3226 ἐξετάσωμεν
3466 3155 3564 3226 τὴν

1994 3237 2504 3307 παρακολουθοῦσαν
2521 3239 2598 3310 τῷ
2626 3238 2743 3312 βίῳ·
2760 3237 2871 3294 οἷον
2897 3237 3035 3296 οἶδεν
3051 3242 3243 3316 θηρίον
3257 3247 3352 3317 τήν
3371 3245 3556 3297 πλεον-

1993 3324 2160 3394 εξίαν,
2206 3329 2304 3382 καὶ
2360 3322 2433 3383 ὧν
2492 3329 2559 3384 ἂν
2618 3330 2844 3402 λάθηται
2888 3334 3348 3391 δυσαπάλλακτον·
3381 3336 3552 3407 ἀκμά-

1994 3417 2083 3482 ζον
2124 3420 2210 3472 ἀεὶ
2242 3420 2336 3473 καὶ
2363 3421 2426 3474 οὐ
2470 3423 2884 3493 μαραινόμενον·
2927 3428 3317 3499 συγγηράσκον
3361 3429 3420 3482 δὲ
3454 3430 3562 3490 τοῖς

1994 3509 2197 3597 ἀλοξσι,
2233 3512 2326 3563 καὶ
2350 3513 2428 3573 είς
2454 3511 2604 3575 τέλος
2628 3512 2803 3565 συνόν.

2074 3683 2132 3735 ‘0
2165 3682 2359 3750 λάγνος
2403 3686 2494 3738 καὶ
2536 3684 2802 3755 σωμάτων
2860 3688 3114 3759 ἐραστὴς,
3153 3684 3254 3744 κᾶν
3300 3692 3398 3747 ἐπὶ
3439 3694 3570 3748 πολὺ

1991 3776 2112 3837 ταῖς
2158 3773 2473 3843 ἐπιθυμίαις
2505 3774 2769 3849 λυσσήσῃ,
2812 3777 2842 3845 ἢ
2884 3777 3045 3842 αὐτὸς
3083 3781 3167 3844 εἰς
3193 3783 3570 3856 πρεσδυτικὴν

1992 3861 2207 3934 ἡλικίαν
2237 3860 2421 3916 ἐλθὼν,
2471 3862 2502 3932 ἢ
2539 3861 2597 3915 τὸ
2637 3862 2965 3932 ποθούμενον
3010 3864 3272 3936 ἑωρακὼς
3319 3868 3568 3921 παλαιω-
3620 3877 3642 3893 “

1993 3949 2102 4013 θὲν,
2131 3951 2225 4004 καὶ
2263 3945 2321 4004 τὶ)
2352 3951 2509 4017 άνθος
2534 3952 2825 4018 ἀποδαλὸν,
2855 3955 3040 4008 στάσιν
3069 3958 3303 4028 εὑρίσκει
3336 3957 3439 4027 τῆς
3470 3959 3556 4009 νό-

1992 4061 2108 4098 σου.
2143 4045 2202 4097 ‘0
2231 4046 2639 4117 γαστρίμαργος
2675 4047 2946 4119 ἀναχωρεῖ
2983 4048 3075 4101 καὶ
3119 4044 3278 4113 αὐτὸς
3303 4046 3400 4118 τῆς
3428 4049 3546 4116 φιλ-

1989 4136 2225 4204 ηδονίας,
2259 4135 2291 4206 ἦ
2325 4135 2418 4190 τοῦ
2455 4138 2614 4208 κόρου
2643 4136 3043 4208 πληρώσαντος,
3077 4139 3110 4210 ἢ
3149 4138 3257 4193 τῶν
3279 4137 3551 4192 πεπτιγῶν

1992 4227 2194 4299 μορίων
2227 4227 2658 4297 ἀσθενησάντων,
2693 4230 2785 4281 καὶ
2812 4231 3134 4284 παυσάντων
3172 4232 3271 4302 τὴν
3313 4232 3560 4284 ἐπιτετα-

1992 4317 2159 4386 μένην
2196 4316 2393 4388 δρεξιν.
2443 4318 2499 4370 '0
2531 4317 2799 4385 φιλόδοξος
2829 4319 3045 4384 πολλαῖς
3075 4321 3438 4391 έγκομπάσας
3470 4337 3563 4374 πε-

322 4410 702 4466 imbecilliores
739 4409 913 4472 sactae,
944 4407 1181 4462 hiantem
1229 4407 1372 4460 illam
1413 4405 1767 4476 appetentiam
1798 4420 1885 4460 se·
1918 4429 1959 4484 D
1994 4409 2311 4477 ριφανείαις,
2347 4407 2441 4459 τοῦ
2476 4410 2739 4479 φανητιᾷν
2776 4411 3056 4482 ἀπολήγει.
3090 4411 3154 4464 Ἤ
3178 4411 3235 4465 δὲ
3250 4411 3353 4482 τῆς
3373 4412 3565 4465 πλεον-

321 4501 537 4553 darunt.
561 4497 912 4562 Ambitiosus,
950 4495 1038 4550 ubi
1071 4496 1252 4549 multis
1278 4494 1658 4562 splendoribus
1675 4493 1885 4562 magui-

323 4592 425 4647 lice
449 4589 670 4660 gloriam
712 4590 917 4654 habuit.
947 4588 1178 4658 spectari
1233 4587 1446 4641 tandem
1491 4585 1648 4650 velle,
1675 4600 1736 4639 ac
1769 4584 1878 4638 ina·

326 4699 423 4740 nes
447 4685 577 4737 liare
605 4682 825 4753 glorias,
859 4682 1076 4738 desinit.
1116 4680 1314 4735 Verum
1361 4678 1605 4733 avaritiae
1633 4678 1882 4741 morbus,

319 4773 580 4843 ejusmodi
617 4772 812 4826 malum
835 4782 938 4838 est,
970 4781 1028 4826 ut
1049 4771 1134 4824 vix
1158 4786 1391 4839 unquam
1422 4784 1486 4824 eo
1511 4769 1729 4824 liberari
1761 4783 1887 4838 pos·

322 4866 415 4920 sis.
435 4867 511 4918 Ac
535 4865 674 4919 sicut
701 4875 954 4934 perpetuo
977 4863 1163 4916 vivens
1186 4870 1349 4930 atque
1380 4860 1639 4914 frondens
1683 4838 1882 4913 hedefra

320 4956 779 5025 adsitasirrepens
795 4955 1018 5009 arbores
1044 4952 1216 5006 valide
1238 4951 1683 5005 circumvolvitur
1708 4950 1887 5004 adhae-

322 5058 537 5115 retque,
573 5061 635 5100 ac
665 5062 730 5100 ne
760 5045 924 5100 ramis
962 5043 1179 5111 quidem
1217 5043 1592 5097 fatiscentibus
1626 5050 1718 5092 aut
1758 5054 1883 5094 are-

322 5137 474 5192 factis
525 5137 747 5202 recedit,
795 5137 896 5191 nisi
945 5136 1066 5204 quis
1100 5134 1267 5188 nexus
1320 5135 1450 5189 istos
1480 5141 1535 5187 et
1587 5131 1883 5200 anguineos

320 5228 472 5297 quasi
523 5244 702 5298 gyros,
755 5227 898 5284 ferro
940 5236 1132 5282 secet:
1179 5226 1250 5279 ita
1302 5240 1398 5280 nec
1441 5225 1586 5277 avari
1620 5233 1881 5288 mentem,

319 5319 436 5372 sive
471 5317 555 5371 hic
592 5320 801 5385 juvenis
826 5320 918 5384 sit,
950 5318 1064 5371 sive
1102 5333 1288 5382 senes,
1318 5316 1371 5369 in
1397 5316 1695 5369 libertatem
1730 5313 1890 5369 facile

320 5407 628 5472 vindicat-ie,
679 5409 778 5462 nisi
839 5410 1019 5462 sobrio
1058 5408 1414 5478 prudentique
1465 5406 1691 5462 consilio
1738 5405 1886 5461 velut

321 5501 584 5555 machaera
613 5500 853 5553 morbum
886 5499 1182 5555 discideris.

1988 4495 2136 4563 εξίας
2164 4496 2336 4559 νόσος,
2393 4496 2557 4549 κακόν
2593 4499 2707 4549 ἐστι
2739 4498 3195 4553 δυσαπάλλακτον.
3222 4500 3336 4554 Καὶ
3370 4498 3565 4571 ὥσπερ

1987 4590 2016 4640 ὁ
2044 4588 2228 4650 κισσὸς
2260 4580 2433 4650 οὗτος,
2474 4587 2533 4640 τὸ
2560 4587 2784 4652 εὐθαλὲς
2811 4589 2973 4657 φυτὸν
3008 4589 3101 4643 καὶ
3133 4589 3443 4658 ἀείφυλλον,
3471 4592 3565 4644 ἐπὶ

1987 4676 2054 4730 τὰ
2098 4677 2526 4749 παραπεφυκότα
2578 4679 2684 4732 τῶν
2717 4677 2946 4750 δένδρων
2992 4681 3264 4751 ἀνέρπων,
3322 4683 3565 4753 ἰσχυρῶς

1986 4768 2377 4840 περιελίττεται
2416 4773 2528 4834 τοῖς
2567 4769 2763 4837 ξύλοις,
2802 4765 2991 4843 ὧνπερ
3038 4771 3102 4826 ἂν
3133 4771 3420 4843 δράξηται·
3469 4776 3565 4829 καὶ

1985 4857 2106 4912 οὔτε
2139 4860 2502 4926 πεπονθότων,
2526 4861 2647 4914 οὔτε
2676 4861 3045 4933 ξηρανθέντων
3074 4864 3363 4936 ἀναχωρεῖ,
3399 4867 3451 4918 εἰ
3484 4868 3565 4936 μή

1983 4966 2067 5014 τις
2106 4950 2267 5004 αὐτοῦ
2296 4951 2513 5025 σιδήρῳ,
2532 4952 2782 5024 καθάπερ
2814 4953 3125 5024 δράκοντος,
3168 4953 3404 5026 διατέμῃ
3433 4957 3563 5020 τοὺς

1985 5042 2263 5114 έλιγμούς.
2314 5043 2500 5107 Οὕτως
2546 5044 2664 5097 οὐδὲ
2704 5046 2941 5099 τοιούτου
2982 5046 3157 5117 ψυχὴν
3190 5045 3561 5118 ἐλευθερῶσαι

1985 5135 2164 5207 ῥᾴδιον
2187 5175 2201 5199 ,
2272 5135 2380 5189 εἴτε
2460 5136 2740 5201 νεάζοντος
2793 5137 2886 5191 τοῦ
2952 5136 3230 5208 σώματος,
3289 5138 3402 5191 εἴτε
3464 5141 3564 5195 καὶ

1984 5227 2480 5298 ὑπομαρανθέντος,
2516 5227 2612 5281 ἐὰν
2646 5231 2720 5301 μή
2750 5246 2832 5292 τις
2867 5227 3128 5300 νηφαλέος
3164 5227 3427 5300 λογισμὸς
3461 5230 3560 5282 ἐπ·

1984 5317 2172 5382 ελθὼν,
2199 5317 2274 5382 ὡς
2309 5319 2546 5389 μάχαιρα
2570 5318 2802 5391 διακόψῃ
2826 5318 2923 5389 τὴν
2950 5319 3122 5371 νόσον.
3178 5313 3187 5320 ’

385 5701 509 5759 “lv
537 5703 663 5776 neg.
695 5719 745 5770 v,
782 5705 845 5760 ll
869 5719 1010 5774 sqq.;
1044 5703 1173 5761 Luc.
1199 5718 1273 5774 tv,
1300 5704 1387 5759 27.
1456 5703 1497 5734 ⁵⁶
1524 5700 1564 5755 ll
1587 5703 1714 5772 neg.
1750 5717 1834 5766 xv,
1867 5707 1888 5754 t
1929 5713 2050 5771 sqq.
2131 5697 2173 5731 ⁸⁷
2202 5695 2357 5754 Joau.
2385 5711 2479 5762 ιιι,
2505 5694 2554 5752 6.
2635 5695 2678 5728 ⁸⁸
2700 5694 2821 5754 Act.
2852 5710 2905 5764 v,
2937 5696 2959 5750 l
2991 5706 3113 5766 sqq.
