3725 6125
170 382 194 407 ο
301 315 409 374 nis

1574 314 1634 370 S.
1676 312 1952 370 esum!
1990 313 2294 371 anasum

3456 319 3565 379 ίθθ

296 435 492 506 tlcipes
522 434 570 469 ⁸⁸
596 434 775 491 effecti
808 434 931 500 viri,
959 432 1110 504 plebs
1157 432 1448 500 rusticana,
1501 446 1561 489 ac
1607 440 1872 504 quotquot
1897 434 1946 495 Α
1975 430 2194 503 μέτοχοι
2216 432 2437 505 ἄνδρες·
2487 434 2645 507 ὑμετς
2696 433 2726 490 ό
2754 434 2990 509 χωρικδς
3038 436 3240 511 δῆμος,
3281 439 3377 494 καὶ
3418 440 3562 498 πάν-

295 526 508 597 oppidis
534 526 762 598 egressi,
787 541 891 580 una
913 524 1271 581 consensione
1296 526 1363 579 ad
1386 525 1489 579 hoc
1515 522 1710 580 l'estuin
1739 540 1873 580 cuii·

294 617 545 674 curristis
599 619 810 687 (omnes
836 616 1037 687 quippe
1074 630 1171 671 vos
1228 630 1335 671 uno
1362 616 1696 685 complector
1720 614 1872 670 vocis

295 708 586 780 praeconio)
612 728 626 761 ι
660 709 960 778 quisquene
983 718 1219 763 vestrum
1251 710 1431 763 animo
1447 723 1630 763 curam
1663 706 1869 777 injecit,
1896 774 1952 792 ..-

296 800 675 871 perspexitque
704 814 768 854 ac
809 797 1076 853 intellexit
1127 812 1232 868 qua
1259 804 1325 852 de
1352 813 1519 853 cansa
1555 797 1873 852 conveneri-

296 890 460 946 mus?
489 906 554 947 ae
581 905 749 961 quare
781 901 1070 962 martyres,
1114 904 1236 945 cnm
1293 890 1489 944 aedinm
1528 894 1723 943 ornatu
1754 887 1870 944 cul-

295 988 457 1051 tuque
503 982 809 1052 magnifico,
867 990 980 1035 tum
1031 982 1231 1035 annuis
1263 978 1595 1047 ejuscemodi
1637 978 1870 1056 coetibus

293 1076 676 1139 honestentur,
728 1087 794 1128 ac
845 1088 955 1143 quo
989 1071 1330 1142 potissimum
1391 1069 1666 1140 proposito
1698 1081 1868 1138 scopo

291 1165 522 1235 maiores
553 1164 750 1229 nostri,
789 1164 891 1219 ista
924 1178 1044 1232 quae
1077 1162 1321 1217 videmus
1349 1158 1867 1228 institueriiit,jnre-

290 1272 396 1330 que
426 1266 687 1329 perpetuo
717 1271 840 1312 eum
869 1254 1029 1310 ritum
1061 1255 1129 1309 ad
1155 1263 1403 1323 posteros
1434 1250 1869 1308 transmiserint?

287 1347 479 1404 Nonne
504 1346 590 1403 vel
640 1360 830 1417 parum
888 1343 1186 1400 intendenti
1232 1342 1474 1397 animum
1511 1357 1574 1396 uc
1632 1338 1863 1411 sapienti

287 1439 505 1508 planum
539 1438 591 1493 id
622 1446 782 1507 atque
807 1435 1175 1506 perspicuum,
1205 1433 1423 1503 pietatis
1449 1433 1567 1488 zelo
1593 1432 1708 1488 iiaec
1736 1432 1864 1488 talia

290 1531 447 1587 nobis
475 1531 769 1586 constituta
791 1543 932 1593 esse,
965 1527 1343 1597 solemnesque
1372 1533 1690 1590 conventus,
1711 1540 1864 1581 eoin-

289 1636 480 1678 munes
508 1621 770 1692 quosdam
822 1619 1127 1674 animorum
1161 1616 1386 1674 conflari
1421 1617 1596 1683 ludos,
1626 1626 1686 1671 ut
1716 1631 1863 1684 mar·-

290 1703 467 1785 tyruni
497 1712 644 1767 cultu
679 1726 743 1765 ac
777 1708 1147 1776 veneratione,
1195 1723 1357 1778 quam
1410 1708 1482 1762 illi
1518 1723 1615 1779 pro
1663 1709 1864 1778 pietate

1973 538 2084 587 τες,
2139 524 2253 577 ὅσοι
2323 523 2432 578 τῶν
2494 525 2703 581 πόλεων
2760 528 3205 602 ἕκφοιτήσαντες,
3252 532 3391 604 πρὸς
3458 532 3565 606 τὴν

1974 614 2255 684 παροῦσαν
2313 612 2621 686 συμφώνως
2659 617 2852 692 ἑορτήν
2903 619 3269 693 συνεδράμετε
3316 623 3564 699 (γενικῷ

1973 703 2079 774 γὰρ
2125 705 2268 777 ὑμᾶς
2319 707 2525 772 πάντας
2588 707 2981 780 περιλαμδάνω
3027 713 3410 786 κηρύγματι),
3449 710 3566 789 ἄρα

1970 795 2198 862 ἕκαστος
2239 798 2393 871 ὑμῶν
2431 799 2714 854 ὲνεθάλετο
2757 804 2823 874 τῇ
2865 803 3074 877 διανοίᾳ
3116 807 3400 876 φροντίδα,
3431 825 3562 863 συν·

1970 884 2110 939 εἶδεν
2135 883 2192 939 δὲ
2235 886 2329 940 καὶ
2375 888 2724 959 κατενόησεν,
2768 890 2909 961 ὑπὲρ
2946 890 3091 956 τίνος
3141 890 3553 966 ήθροίσθημενς

1968 975 2087 1029 ἀνθ’
2114 977 2236 1030 ὅτου
2284 976 2341 1031 δὲ
2384 978 2651 1051 τιμῶνται
2684 982 2959 1053 μάρτυρες
3026 983 3189 1037 οἴκων
3236 984 3551 1056 περιφανῶν

1969 1070 2367 1136 κατασκευαῐς,
2401 1070 2496 1124 καὶ
2521 1072 2633 1135 τοῖς
2680 1071 2972 1137 ἐνιαυσίοις
3000 1073 3212 1136 τούτοις
3240 1075 3541 1146 συλλόγοις,

1968 1155 2065 1210 καὶ
2084 1155 2220 1229 πρὸς
2241 1158 2361 1211 τίνα
2383 1158 2583 1212 σκοπὸν
2607 1158 2893 1230 βλέποντες
2922 1164 2969 1215 οί
2992 1162 3224 1234 πατέρες
3248 1166 3282 1235 ή
3291 1164 3409 1235 μῶν
3437 1168 3551 1220 tvo·

1972 1245 2276 1318 μοθέτησαν
2295 1248 2363 1302 τὰ
2378 1246 2648 1320 ὁρώμενα,
2677 1251 2769 1304 καὶ
2791 1251 3007 1325 ἰσχυρὸν
3024 1254 3242 1324 ἀφῆκαν
3262 1255 3354 1309 τὸν
3384 1256 3553 1329 νόμον

1968 1336 2082 1399 τοῖς
2109 1335 2434 1406 μιτέπειτα;
2467 1339 2537 1393 Ἧ
2568 1340 2835 1413 πρόδηλον
2864 1341 2943 1413 τῷ
2972 1345 3065 1398 καὶ
3097 1344 3294 1415 μικρὸν
3337 1345 3562 1403 πυκνῶ-

1970 1441 2125 1483 σαντι
2152 1428 2252 1500 τὴν
2288 1429 2546 1496 διάνοιαν,
2587 1432 2663 1496 ὡς
2705 1432 2853 1505 ζήλῳ
2881 1436 3013 1506 ήμίν
3059 1437 3344 1503 εὐσεὸείας
3382 1438 3557 1495 ταῦτα

1965 1516 2272 1591 διετυπώθη
2293 1560 2308 1586 ,
2356 1521 2450 1575 καὶ
2479 1522 2632 1576 κοινὰ
2675 1524 3048 1594 παιδαγωγεῖα
3098 1527 3208 1581 τῶν
3255 1529 3452 1601 ψυχῶν
3494 1531 3551 1586 αί

1967 1608 2304 1682 πανηγύρεις
2358 1612 2699 1681 συνάγονται,
2731 1614 2817 1668 ἵνα
2847 1616 3129 1689 μάρτυρας
3161 1619 3452 1691 τιμῶντες,
3486 1620 3545 1675 τὸ

1966 1698 2077 1753 τῶν
2124 1699 2417 1772 μαρτύρων
2461 1702 2603 1774 ὑπὲρ
2648 1705 2929 1773 εὐσεδείας
2976 1709 3244 1780 καρτερὸν
3302 1710 3548 1785 μιμησιῖ»

287 1804 658 1860 &nundinam
697 1802 1098 1868 ammaum,
1139 1801 1430 1865 nummus,
1483 1809 1649 1869 mque
1680 1801 1867 1854 docto.
1899 1776 1941 1836 Β
1971 1788 2140 1861 μεθα·
2166 1790 2256 1845 ἵνα
2278 1793 2392 1855 τοῖς
2421 1795 2809 1866 συναγομένοις
2835 1798 3149 1864 παιδευταῖς
3176 1801 3469 1870 ὑποθέντες
3492 1806 3551 1859 τὸ

288 1897 438 1953 ribus
480 1911 544 1949 ea
569 1894 863 1950 occasione
913 1892 1259 1965 congregatis
1306 1906 1491 1947 aurem
1539 1892 1866 1960 praebentes,

286 1983 629 2058 profuturum
661 1983 889 2053 aliquid,
916 1998 978 2039 ac
1006 1991 1169 2038 antea
1223 1983 1598 2053 hactenusque
1640 1984 1864 2054 ignora·

291 2086 400 2130 tum
422 2075 728 2140 discamus;
759 2074 840 2130 vel
865 2074 998 2130 certi
1034 2074 1288 2128 nimirum
1315 2073 1519 2146 aliquid
1549 2077 1817 2145 dogmatis
1843 2092 1859 2142 ;

289 2165 371 2221 vel
404 2166 794 2235 expositionem
821 2164 1061 2227 obscuri,
1088 2178 1154 2219 ac
1181 2164 1417 2234 ambigui
1458 2164 1558 2221 loci
1614 2166 1851 2238 Scriptu-

289 2258 522 2325 rae3vel
573 2258 802 2327 denique
861 2256 1220 2325 compositum
1254 2271 1562 2313 sermonem
1623 2258 1864 2314 moribus

289 2350 672 2406 instituendis?
723 2348 829 2405 Sed
867 2350 1012 2405 enim
1047 2365 1142 2405 vos
1196 2349 1327 2403 initii
1357 2349 1631 2411 videmini,
1661 2349 1864 2406 omisso

285 2442 499 2498 virtutis
545 2442 747 2506 studio,
816 2456 1057 2510 curaque
1135 2439 1328 2494 animae
1370 2441 1700 2511 posthabita,
1766 2440 1863 2497 toti

284 2536 425 2589 circa
455 2547 779 2588 mammonae
812 2534 1025 2598 sordeS,
1067 2530 1349 2600 lorumque
1388 2545 1565 2584 rerum
1594 2530 1863 2586 venalium

283 2623 530 2688 versari3
560 2621 650 2676 alii
683 2623 900 2691 quidem
954 2620 1056 2692 ipsi
1087 2622 1514 2687 contralientes;
1550 2620 1639 2674 alii
1675 2620 1864 2677 alienis

286 2714 479 2769 intenti
510 2712 910 2783 minantesque,
937 2728 1002 2767 ac
1033 2726 1214 2768 rerum
1258 2710 1526 2765 venalium
1563 2710 1864 2767 contentio·

287 2805 460 2860 slores
485 2804 839 2859 aestimatores
861 2803 1227 2869 sciscitantes,
1253 2817 1360 2873 quo
1392 2816 1491 2857 sua
1521 2802 1749 2858 invicem
1785 2804 1864 2857 vi-

290 2894 496 2951 lescere
532 2892 733 2949 saciant
764 2911 829 2951 ac
859 2896 1032 2967 pretio
1087 2895 1350 2951 minuant.
1392 2891 1614 2957 Verum,
1673 2895 1858 2965 agite;

291 2986 390 3042 lioc
423 2985 554 3041 milii
575 2986 813 3042 studium
848 2987 915 3041 ad
978 2987 1274 3043 Ecclesiam
1335 2984 1639 3051 transferte,
1704 2986 1863 3040 relin-

1966 1874 2081 1946 οῦς,
2109 1882 2369 1955 μάθωμέν
2391 1901 2446 1937 τι
2468 1887 2726 1957 χρηστὸν,
2760 1888 2789 1941 δ
2832 1894 2939 1963 πρὸ
2968 1890 3199 1963 βραχέος
3224 1894 3328 1948 οὐκ
3360 1895 3553 1966 ἐγινώ-

1968 1988 2192 2044 σκομεν,
2217 1972 2251 2046 ἡ
2280 1973 2548 2046 δόγματος
2574 1978 2893 2047 ἀσφάλειαν,
2918 1981 2953 2053 ἢ
2980 1982 3134 2037 λύσιν
3158 1986 3555 2061 ἀπορουμένης

1966 2064 2191 2138 Γραφῆς
2215 2107 2230 2130 ,
2254 2066 2290 2139 ή
2328 2084 2451 2121 τινα
2485 2067 2642 2139 λόγον
2682 2072 2782 2143 τήν
2808 2072 2918 2127 τῶν
2956 2072 3103 2145 ήθῶν
3146 2076 3556 2150 ἐπανορθοῦντα

1967 2156 2331 2224 κατάστασινς
2376 2157 2566 2230 Ὑμεῖς
2602 2160 2660 2215 δέ
2699 2180 2788 2234 μοι
2820 2162 3024 2218 δοκεῖτε
3048 2165 3149 2236 τῆς
3179 2167 3388 2240 ἀρετῆς
3435 2172 3556 2224 ἐπι-

1969 2246 2188 2318 μέλειαν
2227 2249 2458 2318 ἀφέντες
2478 2290 2493 2316 ,
2540 2252 2634 2305 καὶ
2670 2253 2768 2324 τῆς
2807 2255 2937 2327 περὶ
2977 2255 3076 2329 τὴν
3103 2256 3281 2330 ψυχὴν
3312 2262 3555 2333 σπουδῆς

1966 2337 2341 2407 ἐκλαθόμενοι,
2375 2340 2503 2410 ὃλην
2532 2341 2743 2399 ἑαυτῶν
2777 2347 3221 2415 μετατεθεικέναι
3263 2350 3365 2423 τήν
3400 2351 3557 2426 μέρι·

1970 2445 2107 2498 μναν
2134 2429 2271 2499 πρὸς
2289 2430 2380 2485 τὸν
2399 2435 2664 2504 συρφετὸν
2692 2435 2786 2491 τοῦ
2814 2442 3114 2509 μαμμωνᾶ,
3142 2441 3238 2494 καὶ
3262 2442 3368 2514 τὴν
3385 2445 3553 2516 ἀσχο-

1965 2519 2085 2574 λίαν
2112 2521 2218 2575 τῶν
2250 2524 2601 2595 πρατηρίων·
2637 2528 2688 2581 οἱ
2734 2529 2831 2600 μὲν
2873 2530 3028 2584 αὐτοὶ
3070 2532 3551 2607 συναλλάττοντες,

1964 2611 2014 2664 οί
2039 2610 2099 2665 δὲ
2132 2614 2420 2702 κεχηνότες
2446 2618 2528 2679 είς
2564 2616 2635 2671 τὰ
2668 2617 2954 2692 ἀλλότρια,
3000 2625 3095 2677 καὶ
3134 2623 3264 2690 τοῦς
3307 2628 3405 2684 ἐπὶ
3440 2632 3551 2694 τοῖς

1964 2699 2144 2766 ὠνίοις
2169 2704 2606 2774 φιλονεικοῦντας
2636 2710 2995 2786 ἱστοροῦντες,
3025 2715 3173 2780 ὅπως
3195 2716 3269 2773 τὰ
3297 2719 3551 2794 ἀλλήλων

1963 2794 2386 2862 ὲπευωνίζωσιν.
2431 2799 2592 2855 Ἀλλὰ
2624 2802 2883 2874 μετάθετέ
2905 2823 2995 2877 μοι
3027 2806 3118 2862 τὸν
3143 2809 3310 2865 πόθον
3336 2812 3435 2867 ἐπὶ
3451 2814 3551 2888 τὴν

1976 2884 2299 2958 Ἐκκλησίαν
2315 2906 2330 2920 ·
2358 2890 2721 2963 καταλείψατε
2746 2895 2845 2967 τήν
2870 2895 3259 2970 φιλαργυρίαν,
3287 2901 3388 2974 τὴν
3419 2904 3549 2973 ἀγό-

1967 2991 2152 3047 ραιον,
2183 2978 2281 3051 τὴν
2313 2981 2565 3050 μαινάδα.
2623 2985 3038 3059 Ἀποστράφητε
3078 2989 3253 3064 αὐτὴν
3294 2992 3374 3057 ὡς
3415 2996 3546 3050 ἄκο-

287 3077 436 3146 quitc
457 3077 764 3139 avaritiam,
792 3076 936 3129 illam
984 3075 1507 3142 circumforaneum,
1549 3075 1692 3130 illam
1726 3091 1857 3130 πιαι-
1890 3114 1932 3172 C
1967 3085 2104 3139 σμον
2134 3070 2399 3144 ἑταιρίδα,
2439 3074 2829 3146 προσγελῶσαν
2871 3078 2947 3150 τῷ
2982 3080 3201 3153 πλήθει,
3224 3087 3347 3150 ταῖς
3378 3085 3538 3141 ἅλλο-

287 3167 425 3222 nada
459 3166 836 3219 :aversamini
897 3176 1148 3235 tanquam
1198 3177 1403 3237 turpem
1440 3167 1859 3234 meretriculam,

287 3255 610 3314 multitudini
642 3256 988 3322 arridentem,
1011 3257 1199 3314 alienis
1224 3269 1470 3314 ornatam
1508 3259 1857 3326 indumentis,

286 3362 351 3403 ac
363 3345 633 3403 coloribus
662 3346 1002 3418 pigmentarii
1022 3345 1274 3406 fucatam.
1289 3351 1510 3419 Contra,
1526 3349 1861 3408 aniatediti-

287 3452 411 3494 nam
442 3437 583 3493 illam
610 3452 674 3492 ac
699 3436 922 3509 probam
949 3438 1328 3509 pudicamque,
1361 3441 1555 3495 decore
1586 3441 1856 3509 amictam,

285 3531 542 3602 vultuque
563 3529 712 3601 gravi
753 3544 816 3584 ac
843 3531 1106 3585 modesto.
1135 3529 1225 3584 Sic
1253 3533 1395 3584 enim
1425 3533 1500 3586 ait
1525 3532 1774 3589 Salomon
1803 3534 1856 3588 in

285 3623 420 3680 libro
444 3623 898 3680 Proverbiorum:
957 3621 1043 3677 Nc
1094 3624 1333 3678 dimittas
1392 3642 1529 3691 cant,
1588 3636 1732 3697 teque
1761 3624 1857 3680 itta

284 3726 464 3771 mutuo
489 3713 857 3784 complectetur
887 3731 906 3768 .·
938 3715 1098 3785 dilige
1129 3732 1265 3779 earu,
1309 3725 1356 3769 et
1403 3717 1658 3770 custodiet
1711 3728 1760 3771 tc
1787 3716 1854 3770 ⁸⁸.

284 3806 401 3863 Noli
458 3821 555 3878 per
590 3816 958 3877 contemptum
1014 3808 1319 3877 praeterire,
1356 3823 1454 3863 nec
1483 3823 1604 3878 qnae
1657 3807 1749 3863 tibi
1801 3808 1854 3862 in

282 3899 384 3955 hac
411 3913 594 3953 mensa
630 3896 1000 3967 proponimus,
1026 3912 1093 3952 eo
1124 3899 1461 3966 aspernanda
1502 3907 1679 3967 putes,
1710 3899 1852 3967 qnod

279 4006 342 4046 ea
375 3989 543 4060 gratis
593 3988 848 4055 consequi
901 3997 1071 4058 potes.
1129 3985 1232 4042 Sed
1273 4005 1336 4044 co
1367 3992 1599 4060 gratiora
1640 3991 1749 4046 sint
1791 4006 1854 4047 ac

282 4080 452 4150 inagis
501 4088 848 4149 expetantur,
871 4081 1011 4148 quod
1049 4094 1152 4134 non
1202 4082 1485 4136 sedeamus
1543 4082 1849 4139 institorum

281 4187 430 4227 more
485 4185 608 4226 cuin
671 4178 870 4225 statera
907 4181 961 4223 et
999 4170 1247 4225 trutina:
1300 4169 1620 4242 lucrumque
1662 4190 1847 4240 unum,

276 4264 541 4318 auditoris
573 4277 636 4318 ac
671 4261 915 4332 discipuli
945 4263 1172 4318 salntem
1193 4278 1518 4333 quaeramus.

349 4354 508 4412 Lecta
549 4356 700 4410 nobis
721 4366 888 4412 estex
911 4355 1061 4410 Actis
1090 4356 1454 4424 apostolorum
1482 4355 1632 4413 Pauli
1654 4360 1721 4415 ad
1744 4359 1846 4415 Fe·

1961 3159 2143 3231 τρίαις
2175 3160 2328 3228 ῦλαις
2368 3164 2870 3241 καλλωπιζομένην,
2924 3171 3017 3225 καὶ
3063 3175 3179 3240 τοῖς
3220 3174 3401 3232 ἄνθεσι
3439 3179 3534 3232 τοῦ

1964 3253 2426 3337 φαρμακοπώλου.
2489 3259 2785 3334 Ἐράσθητε
2836 3262 3041 3337 ταύτης
3090 3265 3194 3338 τῆς
3241 3265 3382 3333 θείας
3428 3271 3524 3323 καὶ

1963 3334 2241 3421 σώφρονος
2265 3344 2604 3418 ἐσταλμένης
2645 3352 2890 3421 κοσμίως
2908 3394 2923 3420 ,
2954 3354 3153 3425 σεμνὸν
3178 3357 3277 3412 καὶ
3293 3357 3528 3432 &pnech-

1965 3449 2147 3504 ριστον
2177 3432 2501 3508 βλεπούσης.
2530 3436 2687 3495 Οὕτω
2705 3441 2816 3511 γὰρ
2872 3444 3132 3516 Σαλομών
3162 3447 3223 3503 ἐν
3243 3450 3315 3522 τῇ
3346 3467 3538 3523 παροι-

1963 3526 2133 3595 μιακῇ
2169 3524 2336 3598 βίὸλῳ
2365 3529 2528 3599 φησίν
2546 3547 2562 3563 ·
2593 3531 2691 3601 Μὴ
2719 3532 3166 3606 ἐγκαταλείπῃ(
3190 3540 3418 3610 αὐτὴν.
3444 3545 3545 3600 καί

1958 3613 2271 3679 ἀνθέξεταί
2286 3631 2424 3673 σου.
2465 3619 2772 3690 Ἐράσθητι
2796 3624 3009 3695 αὐτῆς,
3039 3628 3137 3681 καί
3164 3629 3421 3700 τηρήσει
3443 3651 3541 3689 σε.

1957 3700 2050 3773 Μή
2086 3704 2364 3778 παρέλθῃς
2390 3714 2830 3784 καταφρονήσας,
2862 3715 2998 3785 μηδὲ
3027 3715 3096 3770 τὰ
3123 3721 3251 3793 παρ’
3284 3723 3423 3794 ήμῖν
3448 3727 3540 3779 ἐπὶ

1955 3793 2055 3865 τῆς
2101 3797 2381 3868 τραπέζης
2422 3799 2625 3873 ταύτης
2655 3804 3018 3877 προκείμενα,
3061 3809 3151 3864 διὰ
3191 3812 3351 3867 τοῦτο
3392 3817 3537 3870 αὐτὰ

1956 3882 2184 3957 νομίσῃς
2201 3884 2395 3957 ἄτιμα,
2419 3889 2605 3962 ἐπειδὴ
2635 3893 2836 3962 προῐκά
2865 3911 2947 3949 σοι
2968 3896 3176 3961 ἔξεστιν
3200 3898 3295 3972 τὴν
3321 3903 3523 3972 κτῆσιν

1957 3977 2441 4048 περιποιήσασθαι·
2491 3979 2629 4035 ἀλλὰ
2678 3985 2770 4038 καὶ
2803 3986 3004 4057 μᾶλλον
3049 3990 3395 4064 ὲπιθύμησον,
3427 3993 3514 4045 ὅτι

1952 4067 2014 4120 ού
2045 4066 2333 4139 καθήμεθα
2369 4070 2625 4143 κάπηλοι,
2661 4074 2825 4146 ζυγὸν
2862 4078 2895 4150 ἢ
2939 4082 3212 4156 τρυτάνην
3239 4081 3508 4157 φέροντες·

1952 4156 2009 4209 ἓν
2036 4156 2093 4211 δὲ
2123 4160 2309 4232 κέρδος
2343 4161 2636 4236 ζητοῦμεν,
2669 4169 2769 4240 τήν
2790 4170 2885 4224 τοῦ
2915 4173 3160 4246 μαθητοῦ
3190 4176 3481 4250 σωτηρίαν.

2032 4350 2366 4425 Ἀνεγνώσθη
2405 4355 2533 4426 ήμῖν
2575 4357 2639 4411 ὲκ
2674 4358 2781 4415 τῶν
2811 4361 3069 4434 Πράξεων
3119 4365 3336 4422 Παύλου
3368 4367 3528 4438 λόγος

276 4457 418 4502 stum
475 4461 540 4501 ac
579 4446 864 4516 Agrippam
900 4446 1074 4502 oratio
1097 4446 1143 4477 ⁸⁸
1173 4462 1187 4499 ι
1213 4445 1385 4511 Pauli,
1418 4447 1666 4517 inquam,
1701 4448 1846 4506 illius
1883 4452 1925 4506 ὓ
1952 4445 2086 4518 πρὸς
2108 4446 2314 4519 Φῆστον
2335 4449 2430 4504 καὶ
2465 4451 2790 4523 Ἀγρίππαν,
2819 4456 3031 4512 Παύλου
3054 4459 3149 4515 τοῦ
3172 4460 3368 4516 πιστοῦ
3396 4463 3531 4517 ἀπο-

277 4549 329 4592 et
355 4534 525 4590 fidelis
552 4534 776 4604 apostoli
793 4544 848 4588 et
871 4532 1149 4604 prudentis
1173 4533 1428 4591 oratoris,
1455 4531 1642 4590 vidisti
1664 4533 1842 4605 plane,

276 4627 509 4694 auditor,
534 4625 795 4694 siquidem
833 4624 1067 4678 animum
1092 4623 1391 4688 advertisti,
1431 4631 1490 4680 ut
1514 4639 1613 4680 nec
1641 4625 1730 4681 ille
1756 4642 1846 4682 ve-

278 4720 487 4774 ritatem
518 4732 583 4773 ex
614 4726 759 4770 metu
786 4716 1007 4787 prodat;
1048 4730 1111 4770 ac
1145 4715 1460 4786 obsequium
1489 4731 1616 4787 erga
1650 4717 1844 4788 Agrip-

277 4827 396 4881 pam
409 4808 929 4865 sermonislibertate
942 4815 1263 4876 temperans.
1285 4807 1474 4861 durum
1489 4798 1714 4863 tribunal
1729 4810 1840 4882 (ΞΟ)

275 4901 625 4971 vommitiget,
677 4914 742 4954 ac
774 4899 840 4954 ad
893 4899 1164 4954 lenitatem
1213 4898 1494 4953 inflectat:
1537 4915 1641 4954 non
1690 4901 1845 4956 aliter

275 5007 436 5062 quain
488 4992 532 5046 si
573 4991 778 5048 belluas
833 4988 1058 5062 aliquas,
1102 4990 1382 5056 orationis,
1421 4998 1479 5046 ut
1533 4991 1603 5046 ita
1644 4993 1838 5057 dicam,

277 5083 699 5140 contrectatione
729 5083 1058 5139 incantares.
1103 5079 1209 5137 Sed
1236 5092 1292 5137 et
1339 5079 1626 5139 Zacharias
1680 5085 1841 5141 bodie

275 5176 614 5241 prophetavit
658 5174 794 5247 (2¹),
820 5186 1132 5245 magnorum
1179 5173 1333 5230 nobis
1364 5171 1629 5246 Unigeniti
1659 5191 1841 5231 sacra-

379 5305 425 5338 ⁸⁸
459 5305 619 5362 lit-br.
652 5322 735 5372 itt,
758 5308 809 5361 l.

341 5441 452 5514 (ΞΟ)
495 5443 692 5497 Durum
726 5439 977 5508 tribunat,
1023 5441 1209 5513 τραχὺ
1251 5441 1576 5513 κριτήριον.
1595 5442 1686 5500 stc
1711 5443 1836 5516 legit

275 5512 560 5580 interpres,
609 5528 730 5566 enm
788 5513 959 5567 reddit.
1007 5515 1168 5567 duros
1219 5517 1441 5568 antimus.
1501 5511 1630 5568 Erat
1685 5528 1834 5569 certe

1953 4539 2157 4608 στόλου,
2212 4542 2305 4595 καὶ
2361 4543 2524 4615 σοφοῦ
2580 4546 2912 4622 δημηγόρου.
2970 4547 3123 4619 Εἶδες
3178 4555 3419 4620 πάντως,
3482 4548 3530 4610 ὦ

1948 4634 2242 4706 ἀκροατής,
2269 4636 2318 4688 εί
2340 4635 2431 4690 τὸν
2460 4635 2584 4692 νοῦν
2611 4640 2936 4712 ἐπέστησας,
2964 4644 3113 4709 ὅπως
3146 4647 3241 4700 καὶ
3263 4645 3363 4720 τὴν
3386 4645 3529 4719 ἁλή-

1950 4724 2101 4779 θειαν
2126 4726 2186 4780 οὗ
2214 4727 2535 4800 προδίδωσιν
2567 4732 2632 4786 ὲκ
2653 4732 2872 4801 δειλίας,
2903 4735 2997 4790 καὶ
3015 4736 3114 4809 τήν
3134 4738 3273 4811 πρὸς
3305 4740 3530 4813 Ἀγρίπ-

1950 4831 2060 4868 παν
2088 4815 2390 4885 θεραπείαν
2434 4820 2500 4890 τῇ
2552 4821 2836 4893 παρρησία
2894 4824 3153 4896 κεράσας,
3185 4826 3247 4879 τὸ
3283 4825 3527 4898 βραχὺ”

1949 4907 2230 4978 κριτήριον
2266 4908 2600 4979 ὲκμαλάσσει
2632 4912 2767 4983 πρὸς
2789 4914 3114 4988 ἁγαθότητα,
3141 4915 3290 4969 ὥσπε
3299 4933 3331 4988 ρ
3357 4917 3527 4990 θηρία

1947 4994 2069 5049 τινὰ
2096 4995 2414 5068 κατεπᾴδων
2442 5002 2561 5063 ταῖς
2581 4998 2675 5054 τοῦ
2697 5000 2856 5069 λόγου
2883 5004 3348 5076 μεταχειρήσεσιν.
3380 5005 3526 5076 Προ-

1948 5085 2245 5156 εφήτευσεν
2272 5087 2367 5140 καὶ
2391 5087 2630 5160 σήμερον
2654 5090 2945 5168 Ζαχαρίας,
2973 5091 3082 5147 τῶν
3107 5091 3359 5164 μεγάλων
3388 5094 3525 5166 ήμῐν

1950 5174 2264 5247 μυστηρίων
2315 5175 2411 5231 τοῦ
2454 5179 2793 5249 Μονογενοῦς
2842 5183 3146 5254 ὑπανοίγων
3191 5184 3287 5256 τὴν
3323 5184 3519 5255 θύραν,

903 5307 946 5339 ⁸⁸
973 5305 1130 5361 Prov.
1158 5323 1232 5371 iv,
1267 5305 1321 5360 6.
1395 5306 1579 5362 ’‘Act.
1613 5324 1738 5373 xxv,
1776 5309 1809 5364 8
1831 5327 1980 5383 sqq.;
2004 5325 2150 5372 xxvi,
2180 5309 2360 5381 2sqq.
2436 5314 2481 5346 ⁸⁷
2515 5313 2642 5386 Leg.
2677 5333 2872 5388 τραχύ.

1946 5445 2118 5512 tisset,
2151 5455 2208 5499 nt
2237 5447 2358 5503 Act.
2390 5465 2514 5504 xxv.

2011 5514 2123 5583 (at)
2163 5511 2451 5572 Zacharias
2490 5519 2641 5574 hodie
2686 5524 3035 5592 prophetavit.
3078 5520 3167 5580 Uti
3203 5523 3402 5591 Latini,
3437 5532 3516 5586 sic

275 5581 463 5639 Festus
494 5581 660 5637 Paulo
686 5583 854 5637 durus
880 5583 1064 5651 judex,
1098 5584 1187 5652 qui
1220 5583 1406 5637 volens
1439 5585 1668 5654 gratiam
1702 5598 1836 5653 prae-
1938 5593 1993 5636 et
2039 5581 2212 5639 Graeci
2255 5588 2539 5659 praecipuis
2591 5593 2892 5659 quibusque
2950 5593 3331 5651 festivitatibus
3381 5616 3516 5654 suas

275 5663 415 5708 stare
439 5652 658 5717 Jinlaeis,
693 5652 893 5706 eisdem
941 5649 1159 5707 Paulum
1193 5653 1486 5708 traditurus
1534 5661 1673 5720 erat,
1727 5653 1832 5708 nisi
1940 5652 2199 5709 lectiones
2233 5655 2450 5721 liabent,
2520 5673 2582 5714 ae
2637 5660 3040 5733 ἀναγνώσματα
3090 5677 3153 5719 ex
3203 5663 3528 5736 Sestinum,-

276 5726 386 5794 'tpse
424 5722 740 5793 appellando
777 5721 1065 5788 Caesarem,
1112 5721 1348 5792 iniquum
1378 5733 1630 5779 conatum
1680 5737 1835 5779 aver·

1935 5721 2086 5792 juxta
2139 5726 2279 5794 quod
2335 5726 2455 5783 resti
2512 5731 2648 5785 ratio
2687 5734 2895 5787 videtur
2941 5733 3177 5804 exigere,
3238 5736 3512 5809 praecip.ie
