3725 6125
689 320 750 379 S.
787 317 1067 377 ANToNtt
1106 317 1179 374 Η.
1218 313 1507 371 ABBATts
1568 311 1876 372 REGULAE
1912 310 2003 367 ΕΤ
2039 308 2446 366 PRAECEPTA.
3087 311 3228 371 ¹078

225 432 518 489 utilitatem
557 431 740 502 capies
779 433 848 489 ab
886 446 1051 504 opere
1097 431 1292 487 alieno.
1330 427 1426 483 Vir
1453 441 1548 484 sa·
1576 435 1619 488 A
1652 437 1744 480 tuo
1790 422 2010 479 silentio
2038 422 2258 477 obstrue
2276 433 2405 487 ora;
2456 430 2556 475 nec
2582 416 2890 485 demirerls,
2928 419 2979 475 si
3006 420 3128 491 quis
3154 422 3224 478 de

191 522 375 593 »ptime
439 521 592 577 novit
646 522 789 577 viam
855 520 1066 576 itineris
1120 519 1204 577 sui
1230 556 1248 586 ,
1320 517 1550 586 ideoque
1653 527 1705 573 te
1725 515 1923 572 malum
1948 514 2294 584 obloquatur,
2310 510 2436 582 quia
2465 508 2570 565 hoc
2591 517 2930 579 exopereest
2957 510 3226 580 pessimo·-

191 614 318 668 inat
367 611 437 667 ad
479 612 835 682 loquendum;
864 612 957 667 sed
998 610 1128 683 qnid
1173 609 1278 666 sibi
1330 609 1552 679 loquen·
1653 622 1772 664 rum
1821 604 2078 668 bostium,
2108 609 2171 657 ut
2207 598 2645 670 impedimentum
2686 606 2963 668 opponant
2996 596 3227 664 homini,

191 704 527 761 idicndumve
574 711 680 769 est,
734 702 1023 773 expendit-3
1077 711 1289 768 contra,
1343 701 1428 756 vir
1467 700 1552 754 in·
1653 711 1722 753 ne
1771 694 2139 768 apprehendat
2188 692 2490 749 seientiam.
2542 689 2644 747 Fili
2676 690 2772 756 mi,
2810 689 2879 744 ab
2914 689 3041 745 odio
3070 689 3230 760 longe

191 805 339 853 ttatus
358 794 667 851 concredita
712 794 811 849 sibi
859 809 1056 849 arcana
1101 794 1320 849 minime
1345 800 1552 849 servat.
1654 800 1794 857 esto,
1827 798 1886 845 et
1922 803 1953 843 a
1997 787 2429 858 concupiscentia
2460 785 2574 857 ipse
2606 793 2658 841 te
2681 784 2852 855 ipsum
2885 783 3121 846 vindice,
3152 782 3229 838 si·

191 869 292 943 fili
325 886 417 952 mi,
451 887 501 940 ei
548 884 643 955 qui
686 885 848 939 verba
896 895 983 939 tua
1029 900 1131 939 non
1176 882 1438 954 percipit,
1484 899 1553 939 ne
1659 880 1877 950 mulque
1908 880 1977 933 ab
2012 877 2264 934 obscenis
2290 874 2723 947 cogitationibus.
2747 872 3036 943 Apostolus
3057 870 3227 927 ‹loan-

191 994 212 1034 s
242 978 349 1032 illa.
384 976 485 1032 Fili
518 977 614 1042 mi,
664 990 854 1030 omnes
879 975 1126 1030 homines
1162 973 1248 1029 l'ac
1286 974 1383 1029 tibi
1420 973 1556 1028 ami-
1657 985 1754 1027 nes
1778 969 1874 1041 qui
1903 967 2123 1025 effectus
2158 976 2248 1024 est·
2267 964 2628 1023 habitaculum
2657 963 2826 1020 sancti
2853 961 3104 1034 Spiritus,
3136 961 3227 1016 tri-

192 1072 209 1124 l
239 1085 344 1124 non
370 1067 733 1122 consiliarios·
765 1066 903 1120 Ante
930 1064 1108 1120 omnia
1149 1064 1352 1120 amicos
1391 1078 1555 1133 expe·
1654 1064 1756 1118 bus
1785 1060 2193 1132 comprehendit
2234 1060 2494 1114 humanas
2534 1054 2835 1127 voluptates
2887 1054 3226 1125 sapientissi-

191 1181 197 1208 ο
225 1158 416 1230 proba,
440 1172 541 1215 nec
563 1171 753 1213 omnes
779 1156 944 1211 iacias
969 1154 1300 1223 familiares3
1329 1164 1386 1211 et
1415 1155 1462 1211 si
1485 1156 1561 1210 l'a-
1656 1166 1743 1207 mo
1782 1150 1874 1207 illo
1903 1159 2116 1207 asserto
2141 1166 2155 1203 :
2192 1148 2454 1215 Quondam
2488 1161 2640 1202 omne
2665 1146 2804 1214 quod
2828 1145 2978 1199 estin
3005 1146 3223 1211 urendo,

196 1263 318 1313 neS,
355 1262 425 1302 ne
457 1246 710 1301 omnibns
742 1245 900 1311 fidas,
932 1246 1188 1316 quoniam
1214 1246 1445 1301 mundus
1476 1259 1558 1307 est
1655 1252 1745 1296 ant
1777 1239 2197 1310 concupiscentia
2222 1232 2397 1293 carnis
2422 1246 2518 1302 est,
2539 1248 2631 1291 αιιι
2666 1236 3078 1305 concupiscentia
3103 1252 3231 1291 ocu-

194 1348 317 1394 atus
347 1339 403 1392 in
434 1338 594 1404 dolo;
626 1338 721 1393 sed
757 1354 922 1392 unum
951 1338 1045 1392 tibi
1073 1338 1210 1410 elige
1235 1337 1455 1393 fratrem
1492 1336 1559 1390 ti·
1658 1335 1828 1387 lorum
1858 1341 1949 1386 αιιι
1978 1330 2220 1402 superbia
2266 1329 2447 1383 mnndi
2477 1329 2542 1383 ¹⁸.
2575 1327 3018 1397 Concupiscentia
3050 1327 3228 1386 carnis

191 1441 210 1480 ι
245 1425 555 1489 Dominum,
588 1431 647 1478 et
670 1423 886 1478 adhaere
917 1422 1026 1477 Deo
1064 1430 1270 1475 tantum
1304 1430 1558 1490 tanquam
1655 1431 1740 1477 est
1787 1420 1995 1477 ventris
2040 1420 2267 1475 satietas
2313 1433 2381 1474 ex
2422 1417 2574 1488 copia
2626 1416 2897 1472 variorum
2961 1416 3234 1485 ciborum,

191 1515 314 1578 atri,
349 1514 602 1583 qnoniam
629 1528 816 1567 omnes
845 1512 1095 1567 homines
1119 1511 1173 1565 in
1194 1509 1372 1564 dolum
1407 1508 1560 1563 abie-
1660 1528 1820 1583 quam
1884 1510 2190 1567 necessario
2251 1509 2494 1580 sequitur
2540 1507 2910 1564 immundities
2976 1507 3227 1563 luxuriei.

191 1605 390 1673 tce-ptis
415 1604 635 1673 paucis;
665 1613 807 1657 terra
837 1611 1016 1658 autem
1043 1602 1157 1672 jam
1185 1601 1450 1672 completa
1474 1610 1565 1657 est
1659 1602 2107 1672 Concupiscentia
2141 1616 2272 1657 vero
2299 1601 2574 1657 oculorum
2601 1608 2728 1655 sunt
2760 1599 3059 1655 materialia
3096 1614 3229 1670 ope-

191 1697 232 1751 is
265 1703 319 1752 et
351 1695 587 1750 laborum
619 1704 781 1765 atque
806 1709 1120 1750 ntoerorum.
1152 1693 1253 1748 Fili
1287 1693 1382 1759 mi,
1410 1692 1456 1748 si
1482 1692 1560 1747 vi·
1662 1710 1745 1760 ra,
1793 1695 1846 1749 in
1903 1709 2131 1764 quorum
2172 1692 2572 1763 perpetratione
2615 1701 2709 1746 aut
2759 1689 2978 1747 effertur
3022 1692 3229 1757 oculus,

194 1787 371 1842 exeris
394 1786 761 1855 tranquillam,
787 1802 854 1842 ne
887 1795 940 1841 te
969 1786 1274 1840 admisceas
1296 1783 1400 1839 illis
1425 1799 1557 1854 quo·
1588 1775 1632 1831 B
1664 1794 1758 1840 aut
1784 1785 2091 1841 immundas
2127 1786 2193 1839 ad
2224 1798 2317 1839 cor
2343 1782 2537 1839 emittit
2573 1781 2800 1851 species.
2826 1781 3087 1853 Superbia
3131 1800 3229 1839 au·

191 1878 364 1932 uilium
404 1878 457 1932 in
481 1878 808 1934 vanitatibus
839 1878 1076 1947 positum
1106 1886 1224 1941 est;
1244 1885 1299 1940 et
1329 1876 1373 1930 si
1419 1873 1558 1929 sorte
1663 1885 1770 1931 tem
1800 1876 1986 1931 mundi
2009 1883 2095 1932 est
2126 1874 2295 1945 gloria
2325 1872 2437 1938 illa,
2474 1886 2596 1943 quae
2628 1873 2826 1929 nostris
2854 1872 3049 1930 insidet
3079 1889 3232 1930 men-

193 1967 436 2036 iscueris,
463 1979 580 2023 esto
638 1976 890 2038 tanquam
951 1982 1059 2023 non
1116 1965 1399 2021 admistus.
1451 1964 1553 2020 Fili
1659 1967 1799 2023 tibus
1833 1966 1906 2022 ob
1951 1966 2185 2021 caducas
2215 1976 2488 2033 vanasque
2519 1963 2823 2034 dignitates.
2863 1963 2963 2019 Fili
3008 1964 3103 2030 mi,
3139 1979 3230 2019 se·-

191 2062 389 2128 alacere
414 2060 524 2116 Deo
549 2060 846 2127 desideras,
870 2058 1147 2115 Christum
1179 2056 1295 2112 cole
1319 2073 1335 2123 ;
1357 2065 1411 2112 et
1437 2057 1553 2125 ipse
1671 2058 1817 2113 mina
1837 2056 2122 2127 justitiam,
2158 2064 2215 2109 nt
2267 2057 2391 2108 vitae
2423 2054 2634 2108 rrucms
2681 2062 2874 2111 metas.
2897 2055 3129 2121 Adhibe,
3158 2054 3229 2109 iili

194 2144 237 2200 it
280 2153 333 2200 te
363 2155 522 2215 atque
552 2146 865 2207 vindicabit.
900 2147 977 2202 De
1013 2160 1175 2214 opere
1225 2144 1370 2201 bono
1415 2145 1559 2215 quod
1661 2150 1758 2218 mi,
1818 2150 2058 2205 scientiae
2102 2147 2306 2213 innuen,
2355 2153 2411 2199 ut
2469 2144 2872 2215 generationem
2925 2160 3232 2216 consequa-

202 2235 454 2303 intendis,
495 2252 565 2293 ne
611 2237 850 2307 loquaris
888 2238 1132 2303 omnino,
1169 2237 1263 2292 sed
1305 2235 1468 2290 facito
1500 2236 1565 2290 il·
1662 2240 1738 2296 ris
1760 2241 2050 2309 Justorurn,
2074 2239 2200 2293 dunt
2229 2247 2441 2306 tempus
2464 2242 2554 2290 est
2573 2235 2925 2305 conquirendi
2953 2236 3233 2292 scientiam

191 2324 477 2394 oluptatum
522 2336 734 2382 amator
789 2342 858 2382 ne
905 2327 1005 2390 sis.
1045 2327 1174 2396 quia
1224 2325 1554 2397 voluptatum
1663 2327 1902 2383 Domini.

191 2430 254 2473 es
291 2414 434 2472 Deus
480 2431 586 2472 non
623 2418 862 2474 exaudit.
917 2416 1171 2474 Defectus
1227 2429 1350 2473 tuos
1401 2417 1560 2473 nimis
1652 2431 1659 2440 ·
1739 2419 1821 2474 vt.
1863 2417 1990 2486 Fili,
2021 2416 2278 2489 cogitatio
2304 2415 2483 2473 inanis
2507 2418 2717 2490 gloriae,
2746 2431 2896 2484 cave,
2921 2426 2973 2473 te
2991 2416 3235 2485 seducat,

192 2521 227 2562 e
261 2515 549 2574 memento,
589 2515 640 2563 et
679 2505 1020 2577 iuventutem
1062 2516 1206 2562 tuam
1233 2506 1346 2576 jam
1381 2516 1562 2563 trans·
1663 2513 1794 2568 dum
1820 2509 1919 2565 tibi
1944 2511 2180 2579 suggerit
2212 2508 2357 2578 quod
2402 2511 2642 2581 requiem
2682 2509 2738 2564 iu
2774 2508 3065 2565 solitudine
3098 2522 3235 2563 nan-

191 2612 314 2665 isse,
345 2607 404 2653 et
442 2596 667 2667 jamiam
693 2607 906 2669 tempus
935 2599 1126 2654 adesse
1157 2598 1241 2653 tui
1264 2598 1561 2665 discessus,
1663 2602 1909 2658 eisceris.
1958 2598 2227 2656 Persectio
2264 2616 2395 2658 sane
2433 2600 2750 2658 certaminis
2780 2599 2880 2667 tui,
2927 2597 3236 2655 obedientia

242 2688 508 2745 rationem
559 2704 622 2746 es
676 2691 989 2747 redditurus
1035 2702 1247 2746 tuorum
1307 2704 1562 2761 operum;
1662 2703 1781 2760 est;
1807 2692 2065 2763 qnoniam
2095 2691 2295 2748 bonum
2321 2702 2408 2750 est
2441 2696 2545 2749 hoc
2577 2693 2802 2758 homini,
2826 2699 2885 2746 ut
2907 2688 3094 2761 iugum
3129 2689 3236 2746 Do-

191 2794 234 2835 te
257 2780 402 2849 quod
426 2780 498 2835 ibi
525 2793 626 2835 nec
651 2777 814 2836 irater
838 2781 1065 2836 redimet
1101 2780 1344 2847 fratrem,
1373 2797 1473 2837 nec
1499 2781 1563 2836 n-
1667 2783 1794 2838 mini
1818 2797 1848 2838 a
1879 2782 2160 2851 iuventute
2177 2791 2373 2853 portet,
2402 2792 2458 2838 et
2487 2783 2691 2839 serviat
2717 2780 3079 2852 obediatquez
3117 2778 3233 2835 mal-

194 2882 313 2928 ater
339 2873 610 2931 liberabit.
643 2874 743 2932 Fili
785 2878 879 2941 nti,
908 2876 1100 2932 cellam
1129 2886 1275 2932 tuam
1306 2878 1360 2932 in
1389 2893 1566 2933 carce·
1669 2873 1853 2928 xillam
1895 2874 2214 2944 percutienti
2250 2873 2517 2943 praebens,
2566 2872 2777 2929 laetetur
2816 2872 2870 2927 in
2914 2870 3237 2942 opprobriis,

191 2965 234 3021 bi
264 2965 552 3032 constitue,
590 2967 712 3037 quia
753 2977 1186 3024 consummatum
1215 2967 1329 3037 jam
1362 2978 1444 3024 est
1478 2969 1561 3024 in·
1668 2970 1916 3025 ciborum
1947 2970 2207 3023 tenuitate
2233 2968 2614 3024 sitcontentus
2651 2983 2664 3017 ε
2697 2975 3023 3038 quapropter
3054 2964 3244 3019 Domi-

191 3071 206 3110 ι
251 3066 634 3129 externumque
675 3070 861 3126 tuum;
905 3069 959 3114 et
1010 3058 1234 3131 jamjam
1287 3059 1567 3115 dissolutio
1595 3102 1637 3158 C
1670 3075 1773 3116 nus
1799 3072 1987 3116 noster
2010 3056 2170 3115 «lesus
2206 3058 2458 3117 Christus
2493 3058 2635 3115 baud
2664 3057 2816 3114 illum
2844 3056 3101 3114 destituet
3130 3072 3237 3110 un-

199 3148 299 3206 boc
335 3149 536 3206 mundo
573 3151 745 3207 adest.
787 3151 847 3206 ln
887 3151 1139 3206 omnibus
1172 3151 1390 3206 hurnilis
1417 3160 1553 3217 esto,
1671 3167 1855 3222 quam,
1909 3152 2035 3221 qnia
2079 3151 2254 3208 bonus
2285 3160 2455 3208 estet
2491 3151 2709 3221 adjutor
2746 3150 3072 3214 animarum,
3121 3161 3242 3219 quae

192 3240 267 3296 itu
300 3247 414 3306 suu,
445 3243 496 3295 in
530 3240 893 3307 vestimentis,
917 3242 974 3297 in
1012 3242 1274 3305 sessione,
1311 3240 1567 3310 statione,
1670 3245 2186 3314 sustinent-propter
2205 3241 2358 3301 illum
2381 3256 2447 3298 ac
2478 3242 2656 3314 ipsum
2677 3238 3247 3313 qnoerunt3corrobo·

191 3335 371 3400 atione,
419 3334 607 3399 cubili,
665 3335 803 3391 cella
857 3335 1283 3406 etwupeuectili
1320 3332 1456 3403 eius.
1507 3333 1566 3391 ln
1610 3330 1615 3335 '
1670 3334 1813 3390 rabit
1845 3333 1994 3388 enim
2015 3346 2115 3392 eos
2137 3331 2313 3389 donec
2336 3332 2393 3388 ia
2422 3332 2603 3402 quiete
2634 3333 3121 3388 confirmabuntur.
3158 3331 3240 3385 Tu

191 3422 571 3479 unversatioue
593 3431 682 3477 tua
702 3434 920 3478 astrue
949 3422 1042 3478 tibi
1067 3423 1306 3478 habitum
1333 3439 1565 3494 pauper·
1673 3438 1821 3492 ergo,
1862 3423 1937 3478 iili
1972 3423 2066 3489 nti,
2098 3424 2170 3478 ita
2203 3423 2386 3487 l'ucias,
2422 3429 2479 3476 ut
2508 3421 2755 3476 habitare
2791 3423 2965 3492 possis
3003 3421 3056 3477 in
3088 3429 3240 3475 tran-

191 3524 289 3563 nec
327 3510 388 3560 in
437 3507 781 3563 sermonibus
809 3509 912 3565 tuis
939 3511 1205 3582 glorieris,
1241 3528 1338 3568 nec
1368 3514 1421 3569 in
1451 3515 1569 3571 lau·
1673 3514 1938 3585 quillitate
1960 3513 2131 3581 solus,
2153 3522 2209 3569 et
2229 3514 2387 3569 sileas
2413 3515 2465 3569 in
2486 3515 2686 3585 quiete.
2718 3512 2821 3567 Fili
2852 3512 2944 3580 mi,
2974 3511 3156 3568 loetare
3185 3514 3241 3568 in

191 3598 310 3650 ihus
362 3595 472 3650 tuis
521 3605 613 3652 aut
662 3598 872 3667 hymnis
917 3620 933 3657 ε
980 3614 1037 3659 et
1090 3620 1214 3660 curn
1279 3607 1570 3664 convenies
1677 3607 2108 3663 tribulationibus
2144 3621 2263 3676 quse
2299 3605 2396 3661 tibi
2430 3604 2714 3670 eveniunt3
2750 3604 2851 3660 has
2877 3603 3020 3659 enim
3052 3619 3243 3660 conse-

191 3699 308 3738 ⁰⁰¹¹·
357 3694 527 3751 tuum,
585 3687 741 3744 verba
773 3701 858 3746 tua
900 3709 968 3750 ne
1009 3694 1118 3749 sint
1158 3710 1279 3749 cum
1318 3695 1567 3754 artificio.
1674 3707 1914 3768 quuntur
1943 3697 2165 3754 fructus.
2192 3696 2248 3752 ln
2285 3696 2650 3767 voluptatibus
2676 3695 2858 3752 mundi
2896 3708 2965 3751 ne
3003 3694 3244 3751 delecte·

191 3778 262 3843 ni,
305 3779 349 3833 si
397 3779 729 3839 laudaverint
773 3791 827 3838 te
875 3793 1095 3855 propter
1134 3801 1298 3855 opera
1339 3796 1450 3854 tua,
1503 3804 1571 3844 ne
1677 3789 1773 3856 ris,
1807 3787 1882 3842 illi
1921 3787 2029 3855 mi;
2059 3788 2303 3843 morieris
2324 3787 2469 3843 enim
2504 3796 2673 3844 morte
2708 3786 2964 3857 pessima.
2996 3785 3099 3841 Fili
3144 3787 3242 3852 mi,

191 3881 243 3922 ²⁸
304 3878 580 3939 Pf⁰l²terea
647 3881 741 3928 aut
807 3872 1126 3943 delecteris,
1178 3878 1273 3932 sed
1328 3892 1391 3933 ea
1458 3877 1571 3934 cela
1640 3872 1936 3951 ‘perpetuo
1968 3879 2159 3949 evigila
2204 3894 2272 3934 ne
2316 3880 2612 3944 seducaris,
2641 3878 2894 3949 pigerque
2934 3876 3134 3932 evadas
3179 3892 3243 3929 ae

191 3976 266 4015 am
303 3971 486 4030 potes;
517 3979 618 4021 nec
648 3965 931 4035 permittas
969 3967 1217 4037 cuiqnam
1247 3969 1455 4024 illorum
1493 3969 1574 4025 sa·
1680 3968 1956 4039 negligens
1977 3967 2327 4037 abiectusque
2348 3969 2424 4024 sis
2451 3967 2505 4022 in
2527 3968 2705 4022 futuro
2732 3965 2963 4035 saeculo;
2986 3965 3245 4034 scriptum

191 4055 814 4123 tentionem,etelmitere
829 4070 896 4111 ne
912 4058 1147 4115 lauderis
1163 4061 1229 4115 ab
1245 4061 1570 4116 bominibus.
1679 4065 1765 4112 est
1785 4056 1927 4111 enim
1961 4072 1977 4110 ε
2013 4052 2100 4110 vae
2127 4055 2536 4127 negligentibus,
2566 4054 2821 4124 quoniam
2853 4054 3249 4123 appropinqua-

191 4145 274 4203 i’ili
311 4147 408 4213 nti,
445 4148 746 4219 quempiam
790 4148 899 4204 cito
942 4163 1011 4204 ne
1058 4151 1351 4221 corripias3
1389 4152 1441 4206 in
1473 4152 1575 4206 boc
1681 4146 1758 4201 vit
1784 4145 1904 4202 linis
1930 4159 2141 4211 eorum,
2175 4159 2273 4200 nee
2303 4145 2455 4199 adest
2488 4143 2593 4198 illis
2622 4140 2859 4210 adjutor,
2889 4153 2989 4196 nec
3012 4154 3137 4210 spes
3159 4155 3247 4194 sa-

191 4246 258 4293 sst
281 4250 443 4293 casus
477 4246 626 4304 tnns;
655 4237 749 4293 sed
780 4249 1049 4295 memento
1090 4250 1246 4296 antea
1280 4242 1458 4297 exitus
1495 4245 1572 4298 ωῑ
1681 4236 1827 4291 lutis.
1855 4235 1958 4291 Fili
1984 4236 2078 4300 mi,
2102 4248 2311 4290 morere
2343 4233 2568 4304 singulis
2597 4232 2811 4297 diebus,
2845 4238 2906 4285 ut
2928 4230 3093 4291 vivas,
3113 4230 3238 4299 quiin

189 4343 207 4384 ι
244 4341 490 4397 corpore,
527 4341 626 4382 nec
651 4328 989 4384 obliviscaris
1021 4337 1234 4386 περι-ηε
1276 4333 1576 4388 damnatio.
1682 4328 1988 4397 quicunque
2029 4326 2182 4381 timet
2215 4324 2522 4391 Dominum,
2559 4322 2703 4378 vivet
2745 4322 2797 4376 in
2830 4329 3114 4376 aeternurn.
3144 4317 3247 4374 Fili

191 4417 479 4484 emoriam3
510 4417 555 4472 si
587 4417 662 4471 ita
691 4417 835 4472 enim
863 4416 1081 4484 seceris,
1110 4420 1163 4474 in
1185 4430 1445 4477 :eternum
1469 4438 1574 4478 non
1608 4448 1655 4503 n
1685 4418 1776 4484 nti,
1806 4430 1943 4488 quos
1968 4416 2230 4488 pertulisti
2267 4425 2483 4487 propter
2507 4414 2784 4480 virtutem,
2814 4428 2885 4469 ne
2909 4412 3248 4469 obliviscaris

192 4508 278 4564 iis.
307 4508 491 4564 Patres
518 4516 698 4563 autem
723 4510 891 4565 nostri
918 4511 1221 4580 spirituales
1245 4524 1575 4583 asseverant,
1682 4509 1925 4565 laborum
1960 4518 2016 4566 et
2052 4510 2201 4581 piger
2240 4509 2359 4576 llas,
2394 4517 2451 4564 et
2480 4506 2740 4578 negligas.
2789 4521 2856 4562 80
2888 4519 3040 4562 θῐΐθί
3078 4504 3132 4558 ῑιὶ
3166 4504 3251 4559 ⁰¹-

191 4598 348 4653 linem
377 4599 636 4668 aptiorem
678 4599 856 4654 locum
895 4614 1014 4656 esse
1058 4599 1419 4659 meditationis
1460 4618 1577 4659 me·
1683 4601 1811 4656 tima
1845 4600 2003 4665 hora,
2031 4602 2128 4656 sed
2158 4599 2441 4655 Dominum
2476 4598 2635 4668 dilige
2665 4611 2834 4668 usque
2872 4597 2925 4652 in
2968 4596 3151 4663 finem,
3192 4604 3249 4652 et

219 4685 428 4751 mortis,
470 4694 526 4740 et
568 4685 831 4756 refugium
869 4701 898 4739 a
939 4685 1100 4741 rebus
1133 4686 1425 4754 corporeiS.
1477 4688 1579 4744 Fili
1685 4691 2112 4747 misericordiam
2141 4691 2507 4761 consequeris.
2549 4687 2652 4744 Fili
2699 4687 2796 4753 mi,
2841 4695 3058 4757 propter
3078 4686 3250 4742 cadu-

191 4776 406 4834 lioribus
456 4789 611 4834 utere
654 4777 809 4833 cibis.
852 4777 909 4833 Si
943 4778 1022 4832 ira
1062 4776 1342 4848 perculsus
1389 4777 1576 4844 fueris,
1679 4799 1774 4839 cas
1812 4797 1901 4839 res
1930 4796 1999 4838 ne
2027 4781 2247 4838 recedas
2286 4796 2317 4836 a
2361 4782 2504 4848 uem
2550 4779 2647 4836 sed
2690 4778 2833 4850 qnod
2868 4777 3137 4848 pollicitus
3188 4791 3249 4833 es

214 4868 361 4924 illam
402 4883 433 4923 a
479 4878 531 4925 te
559 4884 777 4926 remove
819 4869 1025 4940 procul,
1061 4879 1119 4924 ut
1148 4870 1382 4940 gaudeas
1413 4884 1578 4942 usqne
1685 4883 1928 4944 tempore
1957 4871 2306 4928 vehementiae
2343 4871 2417 4927 tui
2458 4871 2676 4936 caloris,
2718 4877 3009 4924 memento.
3056 4868 3251 4939 Signa·-

192 4974 283 5028 ως
313 4970 368 5017 et
413 4960 573 5017 enixe
603 4976 826 5033 precare
858 4961 1082 5032 juvenes
1119 4959 1275 5018 simul
1317 4969 1373 5015 et
1401 4975 1577 5028 senes,
1686 4965 1810 5029 culi,
1853 4963 2060 5020 scilicet
2106 4962 2323 5020 babitus
2360 4963 2457 5030 tui,
2491 4978 2601 5034 quo
2635 4961 2925 5016 mundatus
2971 4972 3034 5016 es
3075 4959 3248 5027 prins,

192 5092 194 5104 .
220 5051 660 5122 permittantsibi
695 5052 962 5108 dominari
992 5053 1149 5107 iram.
1185 5050 1286 5106 Fili
1318 5051 1412 5117 mi,
1445 5052 1577 5107 nihil
1685 5065 1875 5124 satage
1905 5070 1971 5112 ne
2002 5054 2357 5123 obliviscaris;
2386 5058 2480 5111 scd
2513 5054 2874 5125 lacrymarum
2918 5050 3251 5122 poenitentiae

202 5150 284 5198 est
326 5141 604 5208 fortitudo,
636 5156 797 5212 qnam
834 5141 887 5196 in
918 5141 1142 5196 veritate
1179 5139 1489 5212 persistere,
1526 5150 1581 5196 et
1684 5156 1790 5205 2..ae
1829 5162 1949 5218 qum
1991 5162 2089 5221 pro
2123 5157 2173 5204 ω
2200 5148 2332 5203 tusae
2358 5157 2505 5214 sum,
2534 5159 2740 5201 memor
2760 5152 2899 5212 esto,
2934 5150 2990 5198 et
3021 5139 3248 5197 festinus

191 5249 265 5290 tre
293 5234 543 5290 hostibus
575 5252 590 5289 ι
618 5233 870 5305 quoniam
896 5247 1018 5288 cum
1052 5231 1157 5288 illis
1195 5246 1300 5286 non
1329 5230 1577 5307 cesseris,
1690 5240 1877 5294 recede
1915 5253 1947 5292 a
1978 5238 2386 5310 cognationibus
2427 5235 2777 5301 absconditis,
2822 5248 2890 5289 ne
2918 5231 3093 5304 palam
3132 5239 3247 5285 tum

193 5333 307 5391 (ΞΜ,
333 5334 388 5380 θῑ
416 5339 524 5379 11011
559 5322 901 5379 inveniemur
938 5321 1166 5393 amplius
1200 5321 1435 5376 Omnino·
1479 5320 1581 5376 Fili
1689 5328 1984 5386 seducaris,
2032 5328 2131 5384 Fili
2177 5328 2272 5394 mi,
2313 5328 2508 5384 lectum
2544 5336 2694 5384 tuum
2737 5325 2963 5398 singulis
3000 5322 3250 5379 noctibus

196 5430 224 5468 r
249 5415 466 5486 sapiens
508 5414 660 5470 vultu
693 5413 931 5470 ostendit
968 5413 1285 5482 sapientiam
1320 5429 1334 5467 ι
1366 5411 1581 5482 sapiens
1688 5421 1824 5485 lava,
1854 5428 1908 5474 et
1942 5428 2167 5474 stratum
2204 5426 2351 5473 tunm
2382 5418 2643 5490 lacrymis
2673 5418 2777 5473 tuis
2805 5414 3162 5480 madefacito3
3194 5417 3250 5466 ct

210 5515 348 5574 esto,
393 5516 448 5563 et
491 5507 706 5563 illorum
739 5507 829 5579 qui
858 5513 1047 5564 contra
1095 5514 1147 5563 te
1190 5505 1573 5577 obloquuntur,
1687 5509 1906 5568 humilia
1940 5521 1992 5568 te
2020 5526 2200 5568 coram
2231 5511 2448 5569 Christo
2468 5510 2712 5577 Domino,
2745 5517 2804 5564 ut
2832 5514 3051 5581 peccata
3078 5500 3256 5561 deleat

199 5689 398 5747 tloan.
428 5705 489 5758 tt,
530 5690 615 5747 ts.
