<?xml version="1.0" encoding="UTF-8"?>
<!DOCTYPE html PUBLIC "-//W3C//DTD XHTML 1.0 Transitional//EN"
    "http://www.w3.org/TR/xhtml1/DTD/xhtml1-transitional.dtd">
<html xmlns="http://www.w3.org/1999/xhtml" xml:lang="en" lang="en">
 <head>
  <title>
</title>
<meta http-equiv="Content-Type" content="text/html;charset=utf-8" />
  <meta name='ocr-system' content='tesseract 3.04.00' />
  <meta name='ocr-capabilities' content='ocr_page ocr_carea ocr_par ocr_line ocrx_word'/>
</head>
<body>
  <div class='ocr_page' id='page_1' title='image "./patrologicursus103migngoog_0296.png"; bbox 0 0 3725 6125; ppageno 0'>
   <div class='ocr_carea' id='block_1_1' title="bbox 316 233 425 291">
    <p class='ocr_par' dir='ltr' id='par_1_1' title="bbox 316 233 425 291">
     <span class='ocr_line' id='line_1_1' title="bbox 316 233 425 291; baseline -0.018 -1"><span class='ocrx_word' id='word_1_1' title='bbox 316 233 425 291; x_wconf 65' lang='grc'><strong>479</strong></span> 
     </span>
    </p>
   </div>
   <div class='ocr_carea' id='block_1_2' title="bbox 1339 226 2491 286">
    <p class='ocr_par' dir='ltr' id='par_1_2' title="bbox 1339 226 2491 286">
     <span class='ocr_line' id='line_1_2' title="bbox 1339 226 2491 286; baseline -0.002 -2"><span class='ocrx_word' id='word_1_2' title='bbox 1339 228 1678 285; x_wconf 73' lang='lat' dir='ltr'><strong>Nmmstus</strong></span> <span class='ocrx_word' id='word_1_3' title='bbox 1715 226 2085 286; x_wconf 65' lang='lat' dir='ltr'><strong>Episcopus</strong></span> <span class='ocrx_word' id='word_1_4' title='bbox 2111 226 2491 284; x_wconf 75' lang='lat' dir='ltr'><strong>EMESENUS.</strong></span> 
     </span>
    </p>
   </div>
   <div class='ocr_carea' id='block_1_3' title="bbox 3459 232 3611 291">
    <p class='ocr_par' dir='ltr' id='par_1_3' title="bbox 3459 232 3611 291">
     <span class='ocr_line' id='line_1_3' title="bbox 3459 232 3611 291; baseline 0.007 -1"><span class='ocrx_word' id='word_1_5' title='bbox 3459 232 3611 291; x_wconf 67' lang='lat'><strong>⁴8⁰·</strong></span> 
     </span>
    </p>
   </div>
   <div class='ocr_carea' id='block_1_4' title="bbox 320 341 3563 420">
    <p class='ocr_par' dir='ltr' id='par_1_4' title="bbox 320 341 3563 420">
     <span class='ocr_line' id='line_1_4' title="bbox 320 341 3563 420; baseline -0.005 -11"><span class='ocrx_word' id='word_1_6' title='bbox 320 364 430 409; x_wconf 81' lang='lat' dir='ltr'><strong>tam</strong></span> <span class='ocrx_word' id='word_1_7' title='bbox 461 359 792 409; x_wconf 85' lang='lat' dir='ltr'><strong>senectutem</strong></span> <span class='ocrx_word' id='word_1_8' title='bbox 836 348 1099 420; x_wconf 77' lang='lat' dir='ltr'><strong>pervenit.</strong></span> <span class='ocrx_word' id='word_1_9' title='bbox 1127 346 1282 412; x_wconf 83' lang='lat' dir='ltr'><strong>item,</strong></span> <span class='ocrx_word' id='word_1_10' title='bbox 1310 346 1446 401; x_wconf 88' lang='lat' dir='ltr'><strong>alter</strong></span> <span class='ocrx_word' id='word_1_11' title='bbox 1472 345 1687 414; x_wconf 78' lang='lat' dir='ltr'><strong>quidem</strong></span> <span class='ocrx_word' id='word_1_12' title='bbox 1718 345 1875 398; x_wconf 87' lang='lat' dir='ltr'><strong>Aria·</strong></span> <span class='ocrx_word' id='word_1_13' title='bbox 1914 350 1959 406; x_wconf 81' lang='grc' dir='ltr'><strong>Α</strong></span> <span class='ocrx_word' id='word_1_14' title='bbox 1987 344 2080 399; x_wconf 83' lang='grc' dir='ltr'><strong>τοῦ</strong></span> <span class='ocrx_word' id='word_1_15' title='bbox 2115 344 2232 415; x_wconf 85' lang='grc' dir='ltr'>βίου</span> <span class='ocrx_word' id='word_1_16' title='bbox 2266 346 2628 415; x_wconf 79' lang='grc' dir='ltr'>κατήντησεν·</span> <span class='ocrx_word' id='word_1_17' title='bbox 2656 341 2925 414; x_wconf 82' lang='grc' dir='ltr'>δεύτερον,</span> <span class='ocrx_word' id='word_1_18' title='bbox 2954 348 2983 402; x_wconf 70' lang='grc' dir='ltr'><strong>ὁ</strong></span> <span class='ocrx_word' id='word_1_19' title='bbox 3021 342 3123 413; x_wconf 76' lang='grc' dir='ltr'><strong>μὲν</strong></span> <span class='ocrx_word' id='word_1_20' title='bbox 3146 343 3246 413; x_wconf 82' lang='grc' dir='ltr'><strong>τῆς</strong></span> <span class='ocrx_word' id='word_1_21' title='bbox 3296 345 3563 414; x_wconf 62' lang='grc' dir='ltr'><strong>Ἄρειοι-ιι-</strong></span> 
     </span>
    </p>
   </div>
   <div class='ocr_carea' id='block_1_5' title="bbox 310 435 1887 1686">
    <p class='ocr_par' dir='ltr' id='par_1_5' title="bbox 310 435 1887 1686">
     <span class='ocr_line' id='line_1_5' title="bbox 322 435 1885 511; baseline -0.009 -11"><span class='ocrx_word' id='word_1_22' title='bbox 322 460 518 500; x_wconf 90' lang='lat' dir='ltr'><strong>norum</strong></span> <span class='ocrx_word' id='word_1_23' title='bbox 545 444 725 499; x_wconf 80' lang='lat' dir='ltr'><strong>lurore</strong></span> <span class='ocrx_word' id='word_1_24' title='bbox 752 441 940 511; x_wconf 85' lang='lat' dir='ltr'><strong>plenus</strong></span> <span class='ocrx_word' id='word_1_25' title='bbox 975 448 1092 493; x_wconf 87' lang='lat' dir='ltr'><strong>erat</strong></span> <span class='ocrx_word' id='word_1_26' title='bbox 1120 438 1249 505; x_wconf 63' lang='lat' dir='ltr'><strong>:jiic</strong></span> <span class='ocrx_word' id='word_1_27' title='bbox 1287 450 1417 491; x_wconf 81' lang='lat' dir='ltr'><strong>vero</strong></span> <span class='ocrx_word' id='word_1_28' title='bbox 1444 435 1496 488; x_wconf 88' lang='lat' dir='ltr'><strong>in</strong></span> <span class='ocrx_word' id='word_1_29' title='bbox 1535 435 1651 489; x_wconf 87' lang='lat' dir='ltr'><strong>suis</strong></span> <span class='ocrx_word' id='word_1_30' title='bbox 1685 443 1885 489; x_wconf 81' lang='lat' dir='ltr'><strong>tracta-</strong></span> 
     </span>
     <span class='ocr_line' id='line_1_6' title="bbox 321 523 1883 605; baseline -0.01 -13"><span class='ocrx_word' id='word_1_31' title='bbox 321 536 489 603; x_wconf 75' lang='lat' dir='ltr'><strong>tibus,</strong></span> <span class='ocrx_word' id='word_1_32' title='bbox 521 550 639 605; x_wconf 83' lang='lat' dir='ltr'><strong>quae</strong></span> <span class='ocrx_word' id='word_1_33' title='bbox 663 540 786 588; x_wconf 90' lang='lat' dir='ltr'><strong>sunt</strong></span> <span class='ocrx_word' id='word_1_34' title='bbox 815 529 938 583; x_wconf 82' lang='lat' dir='ltr'><strong>fidei</strong></span> <span class='ocrx_word' id='word_1_35' title='bbox 966 528 1274 583; x_wconf 76' lang='lat' dir='ltr'><strong>orthodoxae</strong></span> <span class='ocrx_word' id='word_1_36' title='bbox 1304 526 1459 581; x_wconf 85' lang='lat' dir='ltr'><strong>docet</strong></span> <span class='ocrx_word' id='word_1_37' title='bbox 1475 539 1538 579; x_wconf 88' lang='lat' dir='ltr'><strong>ac</strong></span> <span class='ocrx_word' id='word_1_38' title='bbox 1553 523 1714 579; x_wconf 88' lang='lat' dir='ltr'><strong>tradit</strong></span> <span class='ocrx_word' id='word_1_39' title='bbox 1739 540 1883 592; x_wconf 72' lang='lat' dir='ltr'><strong>;nou</strong></span> 
     </span>
     <span class='ocr_line' id='line_1_7' title="bbox 321 613 1882 695; baseline -0.008 -13"><span class='ocrx_word' id='word_1_40' title='bbox 321 638 502 683; x_wconf 84' lang='lat' dir='ltr'><strong>antem</strong></span> <span class='ocrx_word' id='word_1_41' title='bbox 554 623 692 695; x_wconf 90' lang='lat' dir='ltr'><strong>quod</strong></span> <span class='ocrx_word' id='word_1_42' title='bbox 726 619 820 674; x_wconf 88' lang='lat' dir='ltr'><strong>Dei</strong></span> <span class='ocrx_word' id='word_1_43' title='bbox 858 619 1030 674; x_wconf 76' lang='lat' dir='ltr'><strong>Filius</strong></span> <span class='ocrx_word' id='word_1_44' title='bbox 1063 634 1129 675; x_wconf 88' lang='lat' dir='ltr'><strong>ac</strong></span> <span class='ocrx_word' id='word_1_45' title='bbox 1177 617 1413 673; x_wconf 82' lang='lat' dir='ltr'>Verbum</span> <span class='ocrx_word' id='word_1_46' title='bbox 1458 632 1525 673; x_wconf 86' lang='lat' dir='ltr'><strong>ex</strong></span> <span class='ocrx_word' id='word_1_47' title='bbox 1576 613 1742 671; x_wconf 91' lang='lat' dir='ltr'><strong>nihilo</strong></span> <span class='ocrx_word' id='word_1_48' title='bbox 1790 617 1882 681; x_wconf 90' lang='lat' dir='ltr'><strong>sit,</strong></span> 
     </span>
     <span class='ocr_line' id='line_1_8' title="bbox 322 706 1887 776; baseline -0.004 -8"><span class='ocrx_word' id='word_1_49' title='bbox 322 716 400 770; x_wconf 89' lang='lat' dir='ltr'><strong>uti</strong></span> <span class='ocrx_word' id='word_1_50' title='bbox 430 715 649 769; x_wconf 85' lang='lat' dir='ltr'><strong>insanus</strong></span> <span class='ocrx_word' id='word_1_51' title='bbox 699 707 788 763; x_wconf 88' lang='lat' dir='ltr'><strong>ille</strong></span> <span class='ocrx_word' id='word_1_52' title='bbox 838 707 1290 776; x_wconf 70' lang='lat' dir='ltr'><strong>blasphemasque</strong></span> <span class='ocrx_word' id='word_1_53' title='bbox 1313 706 1557 761; x_wconf 86' lang='lat' dir='ltr'><strong>Asterius</strong></span> <span class='ocrx_word' id='word_1_54' title='bbox 1590 706 1755 775; x_wconf 86' lang='lat' dir='ltr'><strong>:quin</strong></span> <span class='ocrx_word' id='word_1_55' title='bbox 1791 721 1887 775; x_wconf 91' lang='lat' dir='ltr'><strong>po-</strong></span> 
     </span>
     <span class='ocr_line' id='line_1_9' title="bbox 321 797 1882 872; baseline -0.006 -13"><span class='ocrx_word' id='word_1_56' title='bbox 321 809 427 861; x_wconf 85' lang='lat' dir='ltr'><strong>tius</strong></span> <span class='ocrx_word' id='word_1_57' title='bbox 460 817 668 872; x_wconf 88' lang='lat' dir='ltr'><strong>semper</strong></span> <span class='ocrx_word' id='word_1_58' title='bbox 686 815 903 865; x_wconf 81' lang='lat' dir='ltr'><strong>esse,ac</strong></span> <span class='ocrx_word' id='word_1_59' title='bbox 928 814 1140 869; x_wconf 81' lang='lat' dir='ltr'><strong>semper</strong></span> <span class='ocrx_word' id='word_1_60' title='bbox 1160 797 1306 852; x_wconf 85' lang='lat' dir='ltr'><strong>Patri</strong></span> <span class='ocrx_word' id='word_1_61' title='bbox 1329 797 1683 863; x_wconf 79' lang='lat' dir='ltr'><strong>coexsistere,</strong></span> <span class='ocrx_word' id='word_1_62' title='bbox 1718 798 1882 851; x_wconf 82' lang='lat' dir='ltr'><strong>Deum</strong></span> 
     </span>
     <span class='ocr_line' id='line_1_10' title="bbox 317 889 1881 957; baseline -0.006 -8"><span class='ocrx_word' id='word_1_63' title='bbox 317 895 557 957; x_wconf 84' lang='lat' dir='ltr'><strong>tradens,</strong></span> <span class='ocrx_word' id='word_1_64' title='bbox 590 892 814 947; x_wconf 82' lang='lat' dir='ltr'><strong>asserit.</strong></span> <span class='ocrx_word' id='word_1_65' title='bbox 846 890 1049 955; x_wconf 87' lang='lat' dir='ltr'><strong>Tertio,</strong></span> <span class='ocrx_word' id='word_1_66' title='bbox 1079 889 1328 944; x_wconf 78' lang='lat' dir='ltr'><strong>Asterius</strong></span> <span class='ocrx_word' id='word_1_67' title='bbox 1356 889 1444 944; x_wconf 90' lang='lat' dir='ltr'><strong>ille</strong></span> <span class='ocrx_word' id='word_1_68' title='bbox 1466 889 1751 943; x_wconf 69' lang='lat' dir='ltr'><strong>haereticus</strong></span> <span class='ocrx_word' id='word_1_69' title='bbox 1776 901 1881 940; x_wconf 87' lang='lat' dir='ltr'><strong>non</strong></span> 
     </span>
     <span class='ocr_line' id='line_1_11' title="bbox 313 974 1879 1049; baseline -0.006 -9"><span class='ocrx_word' id='word_1_70' title='bbox 313 986 466 1041; x_wconf 89' lang='lat' dir='ltr'><strong>urbis</strong></span> <span class='ocrx_word' id='word_1_71' title='bbox 512 983 779 1046; x_wconf 62' lang='lat' dir='ltr'><strong>Amase-e,</strong></span> <span class='ocrx_word' id='word_1_72' title='bbox 817 980 910 1037; x_wconf 89' lang='lat' dir='ltr'><strong>sed</strong></span> <span class='ocrx_word' id='word_1_73' title='bbox 959 979 1182 1034; x_wconf 87' lang='lat' dir='ltr'><strong>alterins</strong></span> <span class='ocrx_word' id='word_1_74' title='bbox 1216 974 1491 1049; x_wconf 79' lang='lat' dir='ltr'><strong>cujusdam</strong></span> <span class='ocrx_word' id='word_1_75' title='bbox 1546 975 1684 1031; x_wconf 87' lang='lat' dir='ltr'><strong>haud</strong></span> <span class='ocrx_word' id='word_1_76' title='bbox 1720 976 1879 1044; x_wconf 78' lang='lat' dir='ltr'><strong>longe</strong></span> 
     </span>
     <span class='ocr_line' id='line_1_12' title="bbox 311 1067 1877 1143; baseline -0.006 -14"><span class='ocrx_word' id='word_1_77' title='bbox 311 1074 599 1129; x_wconf 74' lang='lat' dir='ltr'>Antiochia</span> <span class='ocrx_word' id='word_1_78' title='bbox 635 1074 1002 1143; x_wconf 86' lang='lat' dir='ltr'><strong>episcopatum</strong></span> <span class='ocrx_word' id='word_1_79' title='bbox 1052 1071 1346 1141; x_wconf 87' lang='lat' dir='ltr'><strong>impietatis</strong></span> <span class='ocrx_word' id='word_1_80' title='bbox 1375 1069 1626 1123; x_wconf 82' lang='lat' dir='ltr'><strong>mercede</strong></span> <span class='ocrx_word' id='word_1_81' title='bbox 1655 1082 1685 1120; x_wconf 86' lang='lat' dir='ltr'><strong>a</strong></span> <span class='ocrx_word' id='word_1_82' title='bbox 1711 1067 1877 1122; x_wconf 90' lang='lat' dir='ltr'><strong>sociis</strong></span> 
     </span>
     <span class='ocr_line' id='line_1_13' title="bbox 312 1156 1882 1232; baseline -0.006 -11"><span class='ocrx_word' id='word_1_83' title='bbox 312 1165 583 1221; x_wconf 79' lang='lat' dir='ltr'><strong>hoereticis</strong></span> <span class='ocrx_word' id='word_1_84' title='bbox 635 1163 889 1232; x_wconf 88' lang='lat' dir='ltr'><strong>accepit:</strong></span> <span class='ocrx_word' id='word_1_85' title='bbox 923 1163 1063 1217; x_wconf 90' lang='lat' dir='ltr'><strong>unde</strong></span> <span class='ocrx_word' id='word_1_86' title='bbox 1123 1162 1285 1216; x_wconf 87' lang='lat' dir='ltr'><strong>etiam</strong></span> <span class='ocrx_word' id='word_1_87' title='bbox 1334 1158 1630 1215; x_wconf 79' lang='lat' dir='ltr'><strong>accersitus</strong></span> <span class='ocrx_word' id='word_1_88' title='bbox 1685 1156 1882 1212; x_wconf 90' lang='lat' dir='ltr'><strong>Antio-</strong></span> 
     </span>
     <span class='ocr_line' id='line_1_14' title="bbox 310 1247 1879 1323; baseline -0.004 -14"><span class='ocrx_word' id='word_1_89' title='bbox 310 1256 487 1309; x_wconf 87' lang='lat' dir='ltr'><strong>chiam</strong></span> <span class='ocrx_word' id='word_1_90' title='bbox 544 1254 840 1323; x_wconf 81' lang='lat' dir='ltr'><strong>impietatis</strong></span> <span class='ocrx_word' id='word_1_91' title='bbox 875 1252 1118 1307; x_wconf 88' lang='lat' dir='ltr'><strong>subsidio</strong></span> <span class='ocrx_word' id='word_1_92' title='bbox 1145 1266 1174 1304; x_wconf 85' lang='lat' dir='ltr'><strong>a</strong></span> <span class='ocrx_word' id='word_1_93' title='bbox 1213 1265 1322 1305; x_wconf 77' lang='lat' dir='ltr'><strong>suae</strong></span> <span class='ocrx_word' id='word_1_94' title='bbox 1354 1258 1516 1304; x_wconf 83' lang='lat' dir='ltr'><strong>sectae</strong></span> <span class='ocrx_word' id='word_1_95' title='bbox 1547 1247 1879 1311; x_wconf 89' lang='lat' dir='ltr'><strong>hominibus,</strong></span> 
     </span>
     <span class='ocr_line' id='line_1_15' title="bbox 310 1335 1877 1413; baseline -0.004 -15"><span class='ocrx_word' id='word_1_96' title='bbox 310 1342 648 1399; x_wconf 84' lang='lat' dir='ltr'><strong>admirabilis</strong></span> <span class='ocrx_word' id='word_1_97' title='bbox 705 1340 903 1398; x_wconf 86' lang='lat' dir='ltr'><strong>Juliani</strong></span> <span class='ocrx_word' id='word_1_98' title='bbox 962 1341 1231 1413; x_wconf 86' lang='lat' dir='ltr'><strong>precibus,</strong></span> <span class='ocrx_word' id='word_1_99' title='bbox 1267 1340 1343 1394; x_wconf 90' lang='lat' dir='ltr'><strong>uti</strong></span> <span class='ocrx_word' id='word_1_100' title='bbox 1401 1354 1586 1394; x_wconf 88' lang='lat' dir='ltr'><strong>sumus</strong></span> <span class='ocrx_word' id='word_1_101' title='bbox 1644 1335 1877 1405; x_wconf 74' lang='lat' dir='ltr'><strong>prael&#39;ati,</strong></span> 
     </span>
     <span class='ocr_line' id='line_1_16' title="bbox 311 1428 1881 1498; baseline -0.006 -7"><span class='ocrx_word' id='word_1_102' title='bbox 311 1436 607 1492; x_wconf 76' lang='lat' dir='ltr'><strong>miserabili</strong></span> <span class='ocrx_word' id='word_1_103' title='bbox 634 1436 781 1491; x_wconf 80' lang='lat' dir='ltr'><strong>exitu</strong></span> <span class='ocrx_word' id='word_1_104' title='bbox 824 1436 984 1488; x_wconf 80' lang='lat' dir='ltr'><strong>vitam</strong></span> <span class='ocrx_word' id='word_1_105' title='bbox 1027 1434 1217 1487; x_wconf 83' lang='lat' dir='ltr'><strong>linivit.</strong></span> <span class='ocrx_word' id='word_1_106' title='bbox 1256 1431 1549 1495; x_wconf 69' lang='lat' dir='ltr'><strong>Praeterea,</strong></span> <span class='ocrx_word' id='word_1_107' title='bbox 1581 1428 1716 1482; x_wconf 88' lang='lat' dir='ltr'><strong>alter</strong></span> <span class='ocrx_word' id='word_1_108' title='bbox 1753 1429 1881 1498; x_wconf 83' lang='lat' dir='ltr'><strong>qui-</strong></span> 
     </span>
     <span class='ocr_line' id='line_1_17' title="bbox 311 1516 1881 1596; baseline -0.008 -14"><span class='ocrx_word' id='word_1_109' title='bbox 311 1528 431 1582; x_wconf 88' lang='lat' dir='ltr'><strong>dem</strong></span> <span class='ocrx_word' id='word_1_110' title='bbox 459 1541 675 1596; x_wconf 76' lang='lat' dir='ltr'><strong>gregem</strong></span> <span class='ocrx_word' id='word_1_111' title='bbox 713 1525 891 1590; x_wconf 86' lang='lat' dir='ltr'><strong>docet,</strong></span> <span class='ocrx_word' id='word_1_112' title='bbox 926 1522 1088 1592; x_wconf 85' lang='lat' dir='ltr'><strong>inque</strong></span> <span class='ocrx_word' id='word_1_113' title='bbox 1113 1520 1405 1576; x_wconf 82' lang='lat' dir='ltr'><strong>virtutibus</strong></span> <span class='ocrx_word' id='word_1_114' title='bbox 1453 1518 1690 1574; x_wconf 86' lang='lat' dir='ltr'><strong>studiose</strong></span> <span class='ocrx_word' id='word_1_115' title='bbox 1730 1516 1881 1571; x_wconf 87' lang='lat' dir='ltr'><strong>labo-</strong></span> 
     </span>
     <span class='ocr_line' id='line_1_18' title="bbox 310 1607 1872 1686; baseline -0.005 -14"><span class='ocrx_word' id='word_1_116' title='bbox 310 1626 416 1681; x_wconf 84' lang='lat' dir='ltr'><strong>rat,</strong></span> <span class='ocrx_word' id='word_1_117' title='bbox 449 1632 514 1672; x_wconf 87' lang='lat' dir='ltr'><strong>ac</strong></span> <span class='ocrx_word' id='word_1_118' title='bbox 566 1610 836 1686; x_wconf 69' lang='lat' dir='ltr'><strong>&#39;religiosa’</strong></span> <span class='ocrx_word' id='word_1_119' title='bbox 868 1615 1032 1669; x_wconf 83' lang='lat' dir='ltr'><strong>totius</strong></span> <span class='ocrx_word' id='word_1_120' title='bbox 1059 1612 1494 1671; x_wconf 79' lang='lat' dir='ltr'><strong>conversationis</strong></span> <span class='ocrx_word' id='word_1_121' title='bbox 1518 1626 1583 1665; x_wconf 89' lang='lat' dir='ltr'><strong>ac</strong></span> <span class='ocrx_word' id='word_1_122' title='bbox 1615 1609 1741 1665; x_wconf 83' lang='lat' dir='ltr'><strong>vitae</strong></span> <span class='ocrx_word' id='word_1_123' title='bbox 1767 1607 1872 1664; x_wconf 90' lang='lat' dir='ltr'><strong>do-</strong></span> 
     </span>
    </p>
   </div>
   <div class='ocr_carea' id='block_1_6' title="bbox 1984 429 3566 1053">
    <p class='ocr_par' dir='ltr' id='par_1_6' title="bbox 1984 429 3566 1053">
     <span class='ocr_line' id='line_1_19' title="bbox 1987 429 3561 508; baseline 0.002 -18"><span class='ocrx_word' id='word_1_124' title='bbox 1987 437 2090 507; x_wconf 83' lang='grc' dir='ltr'><strong>κῆς</strong></span> <span class='ocrx_word' id='word_1_125' title='bbox 2111 435 2315 508; x_wconf 82' lang='grc' dir='ltr'>λύσσης</span> <span class='ocrx_word' id='word_1_126' title='bbox 2361 435 2746 507; x_wconf 77' lang='grc' dir='ltr'>ἐπεπλήρωτο·</span> <span class='ocrx_word' id='word_1_127' title='bbox 2782 429 2935 499; x_wconf 69' lang='grc' dir='ltr'>οὗτος</span> <span class='ocrx_word' id='word_1_128' title='bbox 2984 433 3063 499; x_wconf 85' lang='grc' dir='ltr'><strong>δὲ,</strong></span> <span class='ocrx_word' id='word_1_129' title='bbox 3100 435 3160 488; x_wconf 73' lang='grc' dir='ltr'><strong>ἐν</strong></span> <span class='ocrx_word' id='word_1_130' title='bbox 3192 438 3307 498; x_wconf 84' lang='grc' dir='ltr'>τοῖς</span> <span class='ocrx_word' id='word_1_131' title='bbox 3339 438 3561 506; x_wconf 77' lang='grc' dir='ltr'><strong>οἰκείοις</strong></span> 
     </span>
     <span class='ocr_line' id='line_1_20' title="bbox 1987 524 3560 601; baseline 0.001 -23"><span class='ocrx_word' id='word_1_132' title='bbox 1987 526 2163 596; x_wconf 83' lang='grc' dir='ltr'>λόγοις</span> <span class='ocrx_word' id='word_1_133' title='bbox 2188 527 2254 581; x_wconf 83' lang='grc' dir='ltr'><strong>τὰ</strong></span> <span class='ocrx_word' id='word_1_134' title='bbox 2281 526 2391 579; x_wconf 85' lang='grc' dir='ltr'><strong>τῶν</strong></span> <span class='ocrx_word' id='word_1_135' title='bbox 2419 524 2712 597; x_wconf 79' lang='grc' dir='ltr'>ὀρθοδόξων</span> <span class='ocrx_word' id='word_1_136' title='bbox 2742 525 3079 596; x_wconf 79' lang='grc' dir='ltr'><strong>δογματίζει,</strong></span> <span class='ocrx_word' id='word_1_137' title='bbox 3113 525 3216 579; x_wconf 82' lang='grc' dir='ltr'><strong>οὐκ</strong></span> <span class='ocrx_word' id='word_1_138' title='bbox 3255 527 3326 579; x_wconf 79' lang='grc' dir='ltr'><strong>ὲκ</strong></span> <span class='ocrx_word' id='word_1_139' title='bbox 3361 529 3439 601; x_wconf 80' lang='grc' dir='ltr'><strong>μὴ</strong></span> <span class='ocrx_word' id='word_1_140' title='bbox 3474 530 3560 585; x_wconf 76' lang='grc' dir='ltr'><strong>δν-</strong></span> 
     </span>
     <span class='ocr_line' id='line_1_21' title="bbox 1985 615 3565 692; baseline 0.001 -22"><span class='ocrx_word' id='word_1_141' title='bbox 1985 635 2092 671; x_wconf 88' lang='grc' dir='ltr'><strong>των</strong></span> <span class='ocrx_word' id='word_1_142' title='bbox 2134 618 2225 671; x_wconf 80' lang='grc' dir='ltr'><strong>τὸν</strong></span> <span class='ocrx_word' id='word_1_143' title='bbox 2254 617 2381 671; x_wconf 79' lang='grc' dir='ltr'>Υῐὸν</span> <span class='ocrx_word' id='word_1_144' title='bbox 2429 619 2524 672; x_wconf 73' lang='grc' dir='ltr'><strong>καὶ</strong></span> <span class='ocrx_word' id='word_1_145' title='bbox 2567 617 2736 685; x_wconf 82' lang='grc' dir='ltr'>Λόγον</span> <span class='ocrx_word' id='word_1_146' title='bbox 2775 617 2869 670; x_wconf 80' lang='grc' dir='ltr'><strong>τοῦ</strong></span> <span class='ocrx_word' id='word_1_147' title='bbox 2912 616 3070 680; x_wconf 83' lang='grc' dir='ltr'><strong>Θεοῦ,</strong></span> <span class='ocrx_word' id='word_1_148' title='bbox 3117 615 3194 681; x_wconf 80' lang='grc' dir='ltr'><strong>ὡς</strong></span> <span class='ocrx_word' id='word_1_149' title='bbox 3234 620 3264 672; x_wconf 82' lang='grc' dir='ltr'><strong>ὀ</strong></span> <span class='ocrx_word' id='word_1_150' title='bbox 3308 621 3565 692; x_wconf 78' lang='grc' dir='ltr'>μεμηνὼς</span> 
     </span>
     <span class='ocr_line' id='line_1_22' title="bbox 1985 704 3563 778; baseline -0.002 -18"><span class='ocrx_word' id='word_1_151' title='bbox 1985 706 2284 777; x_wconf 86' lang='grc' dir='ltr'>δυσφημῶν</span> <span class='ocrx_word' id='word_1_152' title='bbox 2329 706 2621 778; x_wconf 80' lang='grc' dir='ltr'>’Δστέριος,</span> <span class='ocrx_word' id='word_1_153' title='bbox 2648 706 2735 758; x_wconf 75' lang='grc' dir='ltr'><strong>ἀεὶ</strong></span> <span class='ocrx_word' id='word_1_154' title='bbox 2778 706 2835 758; x_wconf 80' lang='grc' dir='ltr'><strong>δὲ</strong></span> <span class='ocrx_word' id='word_1_155' title='bbox 2864 704 2991 758; x_wconf 77' lang='grc' dir='ltr'>ὅντα</span> <span class='ocrx_word' id='word_1_156' title='bbox 3021 704 3309 774; x_wconf 81' lang='grc' dir='ltr'>θεολογῶν,</span> <span class='ocrx_word' id='word_1_157' title='bbox 3352 710 3446 763; x_wconf 73' lang='grc' dir='ltr'><strong>καὶ</strong></span> <span class='ocrx_word' id='word_1_158' title='bbox 3479 712 3563 765; x_wconf 66' lang='grc' dir='ltr'><strong>ἀεὶ</strong></span> 
     </span>
     <span class='ocr_line' id='line_1_23' title="bbox 1986 796 3560 870; baseline -0.004 -18"><span class='ocrx_word' id='word_1_159' title='bbox 1986 799 2211 852; x_wconf 77' lang='grc' dir='ltr'>συνόντα</span> <span class='ocrx_word' id='word_1_160' title='bbox 2241 798 2321 868; x_wconf 84' lang='grc' dir='ltr'><strong>τῷ</strong></span> <span class='ocrx_word' id='word_1_161' title='bbox 2355 798 2560 869; x_wconf 85' lang='grc' dir='ltr'>Πατρί·</span> <span class='ocrx_word' id='word_1_162' title='bbox 2598 797 2799 870; x_wconf 85' lang='grc' dir='ltr'>τρίτον,</span> <span class='ocrx_word' id='word_1_163' title='bbox 2824 797 2862 849; x_wconf 75' lang='grc' dir='ltr'><strong>“ὁ</strong></span> <span class='ocrx_word' id='word_1_164' title='bbox 2917 796 3016 867; x_wconf 83' lang='grc' dir='ltr'><strong>μὲν</strong></span> <span class='ocrx_word' id='word_1_165' title='bbox 3062 798 3342 868; x_wconf 63' lang='lat' dir='ltr'><strong>nepe-emb&lt;</strong></span> <span class='ocrx_word' id='word_1_166' title='bbox 3380 800 3560 856; x_wconf 68' lang='grc' dir='ltr'>’Λα-ςέ-</span> 
     </span>
     <span class='ocr_line' id='line_1_24' title="bbox 1986 886 3566 960; baseline 0.001 -19"><span class='ocrx_word' id='word_1_167' title='bbox 1986 906 2119 960; x_wconf 85' lang='grc' dir='ltr'>ριος,</span> <span class='ocrx_word' id='word_1_168' title='bbox 2167 888 2227 941; x_wconf 81' lang='grc' dir='ltr'><strong>οὐ</strong></span> <span class='ocrx_word' id='word_1_169' title='bbox 2277 889 2377 959; x_wconf 81' lang='grc' dir='ltr'><strong>τῆς</strong></span> <span class='ocrx_word' id='word_1_170' title='bbox 2431 889 2746 958; x_wconf 83' lang='grc' dir='ltr'>Ἀμασείας,</span> <span class='ocrx_word' id='word_1_171' title='bbox 2798 886 2910 939; x_wconf 81' lang='grc' dir='ltr'>ἀλλ’</span> <span class='ocrx_word' id='word_1_172' title='bbox 2945 886 3111 957; x_wconf 78' lang='grc' dir='ltr'>ἄλλης</span> <span class='ocrx_word' id='word_1_173' title='bbox 3154 887 3304 951; x_wconf 78' lang='grc' dir='ltr'>τινὸς</span> <span class='ocrx_word' id='word_1_174' title='bbox 3361 892 3566 955; x_wconf 85' lang='grc' dir='ltr'>πόλεως</span> 
     </span>
     <span class='ocr_line' id='line_1_25' title="bbox 1984 976 3556 1053; baseline 0 -20"><span class='ocrx_word' id='word_1_175' title='bbox 1984 978 2386 1053; x_wconf 77' lang='grc' dir='ltr'><strong>πλησιαζούσης</strong></span> <span class='ocrx_word' id='word_1_176' title='bbox 2406 981 2471 1049; x_wconf 85' lang='grc' dir='ltr'><strong>τῇ</strong></span> <span class='ocrx_word' id='word_1_177' title='bbox 2503 978 2791 1048; x_wconf 83' lang='grc' dir='ltr'><strong>Ἀντιόχου,</strong></span> <span class='ocrx_word' id='word_1_178' title='bbox 2809 976 2995 1047; x_wconf 81' lang='grc' dir='ltr'>μισθὸν</span> <span class='ocrx_word' id='word_1_179' title='bbox 3014 977 3111 1048; x_wconf 84' lang='grc' dir='ltr'><strong>τῆς</strong></span> <span class='ocrx_word' id='word_1_180' title='bbox 3133 976 3393 1043; x_wconf 80' lang='grc' dir='ltr'>ὰσεὸείας</span> <span class='ocrx_word' id='word_1_181' title='bbox 3416 980 3556 1051; x_wconf 82' lang='grc' dir='ltr'>παρὰ</span> 
     </span>
    </p>
   </div>
   <div class='ocr_carea' id='block_1_7' title="bbox 1982 1068 3678 1144">
    <p class='ocr_par' dir='ltr' id='par_1_7' title="bbox 1982 1068 3678 1144">
     <span class='ocr_line' id='line_1_26' title="bbox 1982 1068 3678 1144; baseline -0.001 -18"><span class='ocrx_word' id='word_1_182' title='bbox 1982 1071 2091 1127; x_wconf 84' lang='grc' dir='ltr'><strong>τῶν</strong></span> <span class='ocrx_word' id='word_1_183' title='bbox 2127 1070 2556 1144; x_wconf 84' lang='grc' dir='ltr'>συναιρεσιωτῶν</span> <span class='ocrx_word' id='word_1_184' title='bbox 2597 1072 2694 1140; x_wconf 83' lang='grc' dir='ltr'><strong>τὴν</strong></span> <span class='ocrx_word' id='word_1_185' title='bbox 2754 1070 3057 1141; x_wconf 80' lang='grc' dir='ltr'>ἐπισκοπὴν</span> <span class='ocrx_word' id='word_1_186' title='bbox 3105 1069 3328 1139; x_wconf 78' lang='grc' dir='ltr'>εἴληφεν</span> <span class='ocrx_word' id='word_1_187' title='bbox 3350 1085 3366 1100; x_wconf 87' lang='grc'><em>·</em></span> <span class='ocrx_word' id='word_1_188' title='bbox 3399 1071 3458 1138; x_wconf 77' lang='grc' dir='ltr'><strong>ἐξ</strong></span> <span class='ocrx_word' id='word_1_189' title='bbox 3492 1068 3558 1144; x_wconf 78' lang='grc' dir='ltr'><strong>ἧς</strong></span> <span class='ocrx_word' id='word_1_190' title='bbox 3671 1076 3678 1084; x_wconf 89' lang='grc'><strong>“</strong></span> 
     </span>
    </p>
   </div>
   <div class='ocr_carea' id='block_1_8' title="bbox 1978 1161 3562 1687">
    <p class='ocr_par' dir='ltr' id='par_1_8' title="bbox 1978 1161 3562 1687">
     <span class='ocr_line' id='line_1_27' title="bbox 1984 1161 3551 1236; baseline -0.002 -17"><span class='ocrx_word' id='word_1_191' title='bbox 1984 1166 2078 1219; x_wconf 73' lang='grc' dir='ltr'><strong>καὶ</strong></span> <span class='ocrx_word' id='word_1_192' title='bbox 2110 1165 2445 1236; x_wconf 83' lang='grc' dir='ltr'>μετάκλητος</span> <span class='ocrx_word' id='word_1_193' title='bbox 2484 1166 2541 1217; x_wconf 84' lang='grc' dir='ltr'><strong>ὲν</strong></span> <span class='ocrx_word' id='word_1_194' title='bbox 2581 1162 2879 1233; x_wconf 75' lang='grc' dir='ltr'>Ἀντιοχείᾳ</span> <span class='ocrx_word' id='word_1_195' title='bbox 2918 1162 3067 1232; x_wconf 77' lang='grc' dir='ltr'>παρὰ</span> <span class='ocrx_word' id='word_1_196' title='bbox 3092 1161 3203 1214; x_wconf 82' lang='grc' dir='ltr'><strong>τῶν</strong></span> <span class='ocrx_word' id='word_1_197' title='bbox 3245 1164 3551 1233; x_wconf 78' lang='grc' dir='ltr'>ὀμοφρόνων</span> 
     </span>
     <span class='ocr_line' id='line_1_28' title="bbox 1981 1251 3544 1323; baseline -0.001 -15"><span class='ocrx_word' id='word_1_198' title='bbox 1981 1253 2219 1323; x_wconf 84' lang='grc' dir='ltr'>γεγονὼς</span> <span class='ocrx_word' id='word_1_199' title='bbox 2263 1254 2356 1308; x_wconf 74' lang='grc' dir='ltr'><strong>ἐπὶ</strong></span> <span class='ocrx_word' id='word_1_200' title='bbox 2393 1252 2680 1323; x_wconf 76' lang='grc' dir='ltr'>συμμαχίᾳ</span> <span class='ocrx_word' id='word_1_201' title='bbox 2722 1252 2816 1305; x_wconf 83' lang='grc' dir='ltr'><strong>τοῦ</strong></span> <span class='ocrx_word' id='word_1_202' title='bbox 2849 1251 3279 1323; x_wconf 81' lang='grc' dir='ltr'>δυσσεὸήματος,</span> <span class='ocrx_word' id='word_1_203' title='bbox 3309 1255 3424 1315; x_wconf 81' lang='grc' dir='ltr'>ταῖς</span> <span class='ocrx_word' id='word_1_204' title='bbox 3454 1253 3544 1306; x_wconf 80' lang='grc' dir='ltr'><strong>τοῦ</strong></span> 
     </span>
     <span class='ocr_line' id='line_1_29' title="bbox 1981 1343 3544 1418; baseline -0.003 -17"><span class='ocrx_word' id='word_1_205' title='bbox 1981 1345 2283 1418; x_wconf 79' lang='grc' dir='ltr'>θαυμασίου</span> <span class='ocrx_word' id='word_1_206' title='bbox 2339 1344 2627 1399; x_wconf 84' lang='grc' dir='ltr'>Ἰουλιανοῦ</span> <span class='ocrx_word' id='word_1_207' title='bbox 2678 1346 3038 1416; x_wconf 82' lang='grc' dir='ltr'>προσευχαῖς,</span> <span class='ocrx_word' id='word_1_208' title='bbox 3089 1343 3165 1407; x_wconf 87' lang='grc' dir='ltr'><strong>ὡς</strong></span> <span class='ocrx_word' id='word_1_209' title='bbox 3211 1343 3544 1414; x_wconf 70' lang='grc' dir='ltr'>προείρηται,</span> 
     </span>
     <span class='ocr_line' id='line_1_30' title="bbox 1980 1430 3554 1505; baseline -0.003 -16"><span class='ocrx_word' id='word_1_210' title='bbox 1980 1436 2070 1491; x_wconf 61' lang='grc' dir='ltr'><strong>τὸν</strong></span> <span class='ocrx_word' id='word_1_211' title='bbox 2102 1434 2215 1505; x_wconf 88' lang='grc' dir='ltr'>βίον</span> <span class='ocrx_word' id='word_1_212' title='bbox 2244 1433 2443 1497; x_wconf 77' lang='grc' dir='ltr'>ἀθλίως</span> <span class='ocrx_word' id='word_1_213' title='bbox 2473 1432 2867 1501; x_wconf 79' lang='grc' dir='ltr'>κατέστρεψεν·</span> <span class='ocrx_word' id='word_1_214' title='bbox 2903 1431 2995 1484; x_wconf 76' lang='grc' dir='ltr'><strong>ὲπὶ</strong></span> <span class='ocrx_word' id='word_1_215' title='bbox 3041 1430 3270 1493; x_wconf 80' lang='grc' dir='ltr'><strong>τούτοις,</strong></span> <span class='ocrx_word' id='word_1_216' title='bbox 3301 1432 3334 1483; x_wconf 82' lang='grc' dir='ltr'><strong>ὁ</strong></span> <span class='ocrx_word' id='word_1_217' title='bbox 3364 1430 3459 1500; x_wconf 80' lang='grc' dir='ltr'><strong>μὲν</strong></span> <span class='ocrx_word' id='word_1_218' title='bbox 3479 1430 3554 1484; x_wconf 82' lang='grc' dir='ltr'><strong>δι-</strong></span> 
     </span>
     <span class='ocr_line' id='line_1_31' title="bbox 1978 1521 3560 1596; baseline -0.005 -15"><span class='ocrx_word' id='word_1_219' title='bbox 1978 1528 2164 1581; x_wconf 81' lang='grc' dir='ltr'>δάσκει</span> <span class='ocrx_word' id='word_1_220' title='bbox 2192 1527 2255 1580; x_wconf 80' lang='grc' dir='ltr'><strong>τὸ</strong></span> <span class='ocrx_word' id='word_1_221' title='bbox 2297 1525 2568 1596; x_wconf 79' lang='grc' dir='ltr'>ποίμνιον,</span> <span class='ocrx_word' id='word_1_222' title='bbox 2594 1526 2687 1579; x_wconf 74' lang='grc' dir='ltr'><strong>καὶ</strong></span> <span class='ocrx_word' id='word_1_223' title='bbox 2731 1524 3094 1593; x_wconf 80' lang='grc' dir='ltr'>φιλοπονεῖται</span> <span class='ocrx_word' id='word_1_224' title='bbox 3125 1523 3255 1591; x_wconf 75' lang='grc' dir='ltr'>περὶ</span> <span class='ocrx_word' id='word_1_225' title='bbox 3296 1521 3409 1574; x_wconf 83' lang='grc' dir='ltr'><strong>τῶν</strong></span> <span class='ocrx_word' id='word_1_226' title='bbox 3433 1523 3560 1592; x_wconf 81' lang='grc' dir='ltr'>ἀρε·</span> 
     </span>
     <span class='ocr_line' id='line_1_32' title="bbox 1978 1612 3562 1687; baseline -0.006 -14"><span class='ocrx_word' id='word_1_227' title='bbox 1978 1619 2108 1682; x_wconf 85' lang='grc' dir='ltr'><strong>τῶν,</strong></span> <span class='ocrx_word' id='word_1_228' title='bbox 2144 1620 2359 1687; x_wconf 82' lang='grc' dir='ltr'>ἁπάσης</span> <span class='ocrx_word' id='word_1_229' title='bbox 2380 1619 2434 1671; x_wconf 86' lang='grc' dir='ltr'><strong>δὲ</strong></span> <span class='ocrx_word' id='word_1_230' title='bbox 2458 1618 2730 1671; x_wconf 73' lang='grc' dir='ltr'>δείκνυται</span> <span class='ocrx_word' id='word_1_231' title='bbox 2766 1614 3059 1685; x_wconf 80' lang='grc' dir='ltr'>θεαρέστου</span> <span class='ocrx_word' id='word_1_232' title='bbox 3092 1612 3370 1675; x_wconf 78' lang='grc' dir='ltr'>πολιτείας</span> <span class='ocrx_word' id='word_1_233' title='bbox 3396 1628 3562 1667; x_wconf 81' lang='grc' dir='ltr'>κατα-</span> 
     </span>
    </p>
   </div>
   <div class='ocr_carea' id='block_1_9' title="bbox 310 1684 3270 1781">
    <p class='ocr_par' dir='ltr' id='par_1_9' title="bbox 310 1684 3270 1781">
     <span class='ocr_line' id='line_1_33' title="bbox 310 1684 3270 1781; baseline -0.002 -19"><span class='ocrx_word' id='word_1_234' title='bbox 310 1708 564 1763; x_wconf 86' lang='lat' dir='ltr'><strong>micilium</strong></span> <span class='ocrx_word' id='word_1_235' title='bbox 618 1709 905 1780; x_wconf 76' lang='lat' dir='ltr'><strong>proditur:</strong></span> <span class='ocrx_word' id='word_1_236' title='bbox 939 1720 1167 1775; x_wconf 88' lang='lat' dir='ltr'><strong>quorum</strong></span> <span class='ocrx_word' id='word_1_237' title='bbox 1231 1704 1362 1760; x_wconf 90' lang='lat' dir='ltr'><strong>nihil</strong></span> <span class='ocrx_word' id='word_1_238' title='bbox 1421 1700 1796 1776; x_wconf 80' lang='lat' dir='ltr'><strong>deprehendas</strong></span> <span class='ocrx_word' id='word_1_239' title='bbox 1821 1700 1873 1756; x_wconf 88' lang='lat' dir='ltr'><strong>in</strong></span> <span class='ocrx_word' id='word_1_240' title='bbox 1910 1684 1953 1738; x_wconf 77' lang='grc' dir='ltr'>Β</span> <span class='ocrx_word' id='word_1_241' title='bbox 1985 1712 2214 1781; x_wconf 57' lang='lat' dir='ltr'><strong>Yth-stov·</strong></span> <span class='ocrx_word' id='word_1_242' title='bbox 2250 1712 2278 1763; x_wconf 87' lang='grc' dir='ltr'><strong>ὁ</strong></span> <span class='ocrx_word' id='word_1_243' title='bbox 2303 1710 2359 1763; x_wconf 84' lang='grc' dir='ltr'><strong>δὲ</strong></span> <span class='ocrx_word' id='word_1_244' title='bbox 2389 1710 2539 1763; x_wconf 82' lang='grc' dir='ltr'>οὐδὲν</span> <span class='ocrx_word' id='word_1_245' title='bbox 2566 1708 2804 1762; x_wconf 84' lang='grc' dir='ltr'>τοιοῦτον</span> <span class='ocrx_word' id='word_1_246' title='bbox 2840 1704 3270 1774; x_wconf 73' lang='grc' dir='ltr'>ἐπιγινώσκεται,</span> 
     </span>
    </p>
   </div>
   <div class='ocr_carea' id='block_1_10' title="bbox 310 1800 501 1854">
    <p class='ocr_par' dir='ltr' id='par_1_10' title="bbox 310 1800 501 1854">
     <span class='ocr_line' id='line_1_34' title="bbox 310 1800 501 1854; baseline 0.016 -3"><span class='ocrx_word' id='word_1_247' title='bbox 310 1800 501 1854; x_wconf 79' lang='lat' dir='ltr'><strong>attero.</strong></span> 
     </span>
    </p>
   </div>
   <div class='ocr_carea' id='block_1_11' title="bbox 310 1968 3545 2025">
    <p class='ocr_par' dir='ltr' id='par_1_11' title="bbox 310 1968 3545 2025">
     <span class='ocr_line' id='line_1_35' title="bbox 310 1968 3545 2025; baseline 0 4100"><span class='ocrx_word' id='word_1_248' title='bbox 310 1968 3545 2025; x_wconf 95' lang='lat' dir='ltr'><strong> </strong></span> 
     </span>
    </p>
   </div>
   <div class='ocr_carea' id='block_1_12' title="bbox 1508 2143 2349 2204">
    <p class='ocr_par' dir='ltr' id='par_1_12' title="bbox 1508 2143 2349 2204">
     <span class='ocr_line' id='line_1_36' title="bbox 1508 2143 2349 2204; baseline -0.008 -8"><span class='ocrx_word' id='word_1_249' title='bbox 1508 2151 1684 2195; x_wconf 60' lang='lat' dir='ltr'><strong>emes</strong></span> <span class='ocrx_word' id='word_1_250' title='bbox 1721 2144 1945 2204; x_wconf 65' lang='lat' dir='ltr'><strong>mmm</strong></span> <span class='ocrx_word' id='word_1_251' title='bbox 1979 2143 2203 2188; x_wconf 79' lang='lat' dir='ltr'><strong>nomm</strong></span> <span class='ocrx_word' id='word_1_252' title='bbox 2238 2143 2349 2189; x_wconf 60' lang='lat' dir='ltr'><strong>cn,</strong></span> 
     </span>
    </p>
   </div>
   <div class='ocr_carea' id='block_1_13' title="bbox 1368 2300 2513 2629">
    <p class='ocr_par' dir='ltr' id='par_1_13' title="bbox 1368 2300 2513 2629">
     <span class='ocr_line' id='line_1_37' title="bbox 1368 2300 2513 2629; baseline 0 -2"><span class='ocrx_word' id='word_1_253' title='bbox 1368 2456 1650 2627; x_wconf 87' lang='lat' dir='ltr'><strong>NE</strong></span> <span class='ocrx_word' id='word_1_254' title='bbox 1681 2300 2513 2629; x_wconf 54' lang='lat' dir='ltr'>MfiSIUS</span> 
     </span>
    </p>
   </div>
   <div class='ocr_carea' id='block_1_14' title="bbox 1008 2728 1872 2863">
    <p class='ocr_par' dir='ltr' id='par_1_14' title="bbox 1008 2728 1872 2863">
     <span class='ocr_line' id='line_1_38' title="bbox 1008 2728 1872 2863; baseline -0.006 0"><span class='ocrx_word' id='word_1_255' title='bbox 1008 2728 1872 2863; x_wconf 58' lang='lat' dir='ltr'><strong>&#39;EPISGOPUS</strong></span> 
     </span>
    </p>
   </div>
   <div class='ocr_carea' id='block_1_15' title="bbox 2026 2767 2782 2860">
    <p class='ocr_par' dir='ltr' id='par_1_15' title="bbox 2026 2767 2782 2860">
     <span class='ocr_line' id='line_1_39' title="bbox 2026 2767 2782 2860; baseline 0.001 -4"><span class='ocrx_word' id='word_1_256' title='bbox 2026 2767 2782 2860; x_wconf 84' lang='lat' dir='ltr'><strong>EMESENUS</strong></span> 
     </span>
    </p>
   </div>
   <div class='ocr_carea' id='block_1_16' title="bbox 1909 2992 1983 3006">
    <p class='ocr_par' dir='ltr' id='par_1_16' title="bbox 1909 2992 1983 3006">
     <span class='ocr_line' id='line_1_40' title="bbox 1909 2992 1983 3006; baseline -0.027 0"><span class='ocrx_word' id='word_1_257' title='bbox 1909 2992 1983 3006; x_wconf 61' lang='lat'><strong>⁷⁸-</strong></span> 
     </span>
    </p>
   </div>
   <div class='ocr_carea' id='block_1_17' title="bbox 944 3139 2661 3314">
    <p class='ocr_par' dir='ltr' id='par_1_17' title="bbox 944 3139 2661 3314">
     <span class='ocr_line' id='line_1_41' title="bbox 944 3139 2661 3314; baseline 0.002 -63"><span class='ocrx_word' id='word_1_258' title='bbox 944 3154 948 3157; x_wconf 40' lang='lat'><em>*</em></span> <span class='ocrx_word' id='word_1_259' title='bbox 1174 3139 1825 3305; x_wconf 23' lang='lat' dir='ltr'><strong>‚novus</strong></span> <span class='ocrx_word' id='word_1_260' title='bbox 1875 3140 2661 3314; x_wconf 75' lang='lat' dir='ltr'><strong>fflsTOthA</strong></span> 
     </span>
    </p>
   </div>
   <div class='ocr_carea' id='block_1_18' title="bbox 1165 3316 2944 3429">
    <p class='ocr_par' dir='ltr' id='par_1_18' title="bbox 1165 3316 2944 3429">
     <span class='ocr_line' id='line_1_42' title="bbox 1165 3316 2944 3429; baseline -0.002 -17"><span class='ocrx_word' id='word_1_261' title='bbox 1165 3362 1258 3425; x_wconf 72' lang='lat' dir='ltr'><strong>(Ex</strong></span> <span class='ocrx_word' id='word_1_262' title='bbox 1284 3359 1578 3413; x_wconf 67' lang='lat' dir='ltr'><strong>motionem</strong></span> <span class='ocrx_word' id='word_1_263' title='bbox 1600 3363 1808 3412; x_wconf 68' lang='lat' dir='ltr'><strong>Parnm</strong></span> <span class='ocrx_word' id='word_1_264' title='bbox 1830 3316 2090 3424; x_wconf 60' lang='lat' dir='ltr'><strong>caua&#39;hhu,</strong></span> <span class='ocrx_word' id='word_1_265' title='bbox 2117 3366 2154 3411; x_wconf 85' lang='lat' dir='ltr'><strong>t.</strong></span> <span class='ocrx_word' id='word_1_266' title='bbox 2178 3359 2287 3422; x_wconf 84' lang='lat' dir='ltr'><strong>vn,</strong></span> <span class='ocrx_word' id='word_1_267' title='bbox 2310 3359 2513 3424; x_wconf 68' lang='lat' dir='ltr'><strong>proleg.</strong></span> <span class='ocrx_word' id='word_1_268' title='bbox 2533 3357 2748 3426; x_wconf 62' lang='grc' dir='ltr'><strong>μιγ</strong></span> <span class='ocrx_word' id='word_1_269' title='bbox 2820 3406 2825 3411; x_wconf 87' lang='grc'><strong>,</strong></span> <span class='ocrx_word' id='word_1_270' title='bbox 2849 3402 2857 3409; x_wconf 83' lang='grc'>.</span> <span class='ocrx_word' id='word_1_271' title='bbox 2887 3412 2891 3417; x_wconf 78' lang='grc'><strong>,</strong></span> <span class='ocrx_word' id='word_1_272' title='bbox 2919 3416 2944 3429; x_wconf 29' lang='grc' dir='ltr'><strong>Ὢ</strong></span> 
     </span>
    </p>
   </div>
   <div class='ocr_carea' id='block_1_19' title="bbox 381 3627 3540 3700">
    <p class='ocr_par' dir='ltr' id='par_1_19' title="bbox 381 3627 3540 3700">
     <span class='ocr_line' id='line_1_43' title="bbox 381 3627 3540 3700; baseline 0 -17"><span class='ocrx_word' id='word_1_273' title='bbox 381 3629 422 3683; x_wconf 86' lang='lat' dir='ltr'><strong>l.</strong></span> <span class='ocrx_word' id='word_1_274' title='bbox 461 3627 687 3693; x_wconf 64' lang='lat' dir='ltr'><strong>Emesam,</strong></span> <span class='ocrx_word' id='word_1_275' title='bbox 728 3642 848 3696; x_wconf 80' lang='lat' dir='ltr'><strong>quae</strong></span> <span class='ocrx_word' id='word_1_276' title='bbox 891 3636 947 3682; x_wconf 88' lang='lat' dir='ltr'><strong>et</strong></span> <span class='ocrx_word' id='word_1_277' title='bbox 990 3628 1192 3693; x_wconf 82' lang='lat' dir='ltr'><strong>Emisa,</strong></span> <span class='ocrx_word' id='word_1_278' title='bbox 1240 3629 1294 3683; x_wconf 90' lang='lat' dir='ltr'><strong>in</strong></span> <span class='ocrx_word' id='word_1_279' title='bbox 1337 3629 1612 3687; x_wconf 85' lang='lat' dir='ltr'><strong>Phoenicia</strong></span> <span class='ocrx_word' id='word_1_280' title='bbox 1643 3634 1875 3688; x_wconf 85' lang='lat' dir='ltr'><strong>secunda</strong></span> <span class='ocrx_word' id='word_1_281' title='bbox 1908 3638 1950 3695; x_wconf 83' lang='lat' dir='ltr'>C</span> <span class='ocrx_word' id='word_1_282' title='bbox 1986 3633 2060 3687; x_wconf 87' lang='lat' dir='ltr'><strong>De</strong></span> <span class='ocrx_word' id='word_1_283' title='bbox 2087 3641 2279 3685; x_wconf 80' lang='lat' dir='ltr'><strong>natura</strong></span> <span class='ocrx_word' id='word_1_284' title='bbox 2304 3630 2551 3693; x_wconf 71' lang='lat' dir='ltr'><strong>hominis,</strong></span> <span class='ocrx_word' id='word_1_285' title='bbox 2588 3629 2700 3683; x_wconf 84' lang='lat' dir='ltr'><strong>sive</strong></span> <span class='ocrx_word' id='word_1_286' title='bbox 2727 3629 2935 3699; x_wconf 79' lang='lat' dir='ltr'><strong>aliquas</strong></span> <span class='ocrx_word' id='word_1_287' title='bbox 2961 3643 3029 3683; x_wconf 84' lang='lat' dir='ltr'><strong>ex</strong></span> <span class='ocrx_word' id='word_1_288' title='bbox 3060 3644 3127 3685; x_wconf 91' lang='lat' dir='ltr'><strong>co</strong></span> <span class='ocrx_word' id='word_1_289' title='bbox 3156 3629 3358 3700; x_wconf 75' lang='lat' dir='ltr'><strong>eclogas</strong></span> <span class='ocrx_word' id='word_1_290' title='bbox 3381 3630 3540 3684; x_wconf 71' lang='lat' dir='ltr'><strong>eslii-</strong></span> 
     </span>
    </p>
   </div>
   <div class='ocr_carea' id='block_1_20' title="bbox 280 3718 1884 5154">
    <p class='ocr_par' dir='ltr' id='par_1_20' title="bbox 280 3718 1884 5154">
     <span class='ocr_line' id='line_1_44' title="bbox 311 3718 1879 3794; baseline 0.003 -20"><span class='ocrx_word' id='word_1_291' title='bbox 311 3721 597 3791; x_wconf 81' lang='lat' dir='ltr'><strong>episcopus</strong></span> <span class='ocrx_word' id='word_1_292' title='bbox 637 3718 801 3773; x_wconf 81' lang='lat' dir='ltr'><strong>luisse</strong></span> <span class='ocrx_word' id='word_1_293' title='bbox 838 3719 1069 3774; x_wconf 90' lang='lat' dir='ltr'><strong>traditur</strong></span> <span class='ocrx_word' id='word_1_294' title='bbox 1110 3718 1431 3789; x_wconf 81' lang='lat' dir='ltr'><strong>Nemesius3</strong></span> <span class='ocrx_word' id='word_1_295' title='bbox 1471 3722 1630 3792; x_wconf 85' lang='lat' dir='ltr'><strong>eique</strong></span> <span class='ocrx_word' id='word_1_296' title='bbox 1671 3724 1723 3778; x_wconf 91' lang='lat' dir='ltr'><strong>in</strong></span> <span class='ocrx_word' id='word_1_297' title='bbox 1761 3724 1879 3794; x_wconf 86' lang='lat' dir='ltr'><strong>epi-</strong></span> 
     </span>
     <span class='ocr_line' id='line_1_45' title="bbox 312 3808 1881 3882; baseline 0.002 -17"><span class='ocrx_word' id='word_1_298' title='bbox 312 3823 592 3880; x_wconf 85' lang='lat' dir='ltr'><strong>scoporum</strong></span> <span class='ocrx_word' id='word_1_299' title='bbox 625 3808 1011 3863; x_wconf 86' lang='lat' dir='ltr'><strong>Emesenorum</strong></span> <span class='ocrx_word' id='word_1_300' title='bbox 1040 3811 1180 3865; x_wconf 85' lang='lat' dir='ltr'><strong>serie</strong></span> <span class='ocrx_word' id='word_1_301' title='bbox 1209 3811 1503 3866; x_wconf 82' lang='lat' dir='ltr'><strong>ordinanda</strong></span> <span class='ocrx_word' id='word_1_302' title='bbox 1533 3813 1776 3882; x_wconf 87' lang='lat' dir='ltr'><strong>quintum</strong></span> <span class='ocrx_word' id='word_1_303' title='bbox 1802 3813 1881 3868; x_wconf 88' lang='lat' dir='ltr'><strong>lo-</strong></span> 
     </span>
     <span class='ocr_line' id='line_1_46' title="bbox 309 3899 1882 3975; baseline 0.002 -18"><span class='ocrx_word' id='word_1_304' title='bbox 309 3916 435 3957; x_wconf 67' lang='lat' dir='ltr'><strong>cum</strong></span> <span class='ocrx_word' id='word_1_305' title='bbox 465 3910 610 3956; x_wconf 91' lang='lat' dir='ltr'><strong>recte</strong></span> <span class='ocrx_word' id='word_1_306' title='bbox 635 3901 889 3956; x_wconf 73' lang='lat' dir='ltr'><strong>tribuisse</strong></span> <span class='ocrx_word' id='word_1_307' title='bbox 914 3899 1125 3955; x_wconf 86' lang='lat' dir='ltr'><strong>videtur</strong></span> <span class='ocrx_word' id='word_1_308' title='bbox 1155 3901 1226 3956; x_wconf 91' lang='lat' dir='ltr'><strong>cl.</strong></span> <span class='ocrx_word' id='word_1_309' title='bbox 1255 3901 1583 3972; x_wconf 81' lang='lat' dir='ltr'><strong>Lequienius</strong></span> <span class='ocrx_word' id='word_1_310' title='bbox 1607 3903 1685 3975; x_wconf 83' lang='lat' dir='ltr'><strong>(a)</strong></span> <span class='ocrx_word' id='word_1_311' title='bbox 1719 3923 1731 3959; x_wconf 89' lang='lat'>:</span> <span class='ocrx_word' id='word_1_312' title='bbox 1769 3920 1882 3960; x_wconf 88' lang='lat' dir='ltr'><strong>me·</strong></span> 
     </span>
     <span class='ocr_line' id='line_1_47' title="bbox 313 3988 1876 4060; baseline 0.003 -14"><span class='ocrx_word' id='word_1_313' title='bbox 313 3991 462 4046; x_wconf 87' lang='lat' dir='ltr'><strong>dium</strong></span> <span class='ocrx_word' id='word_1_314' title='bbox 486 3991 691 4047; x_wconf 91' lang='lat' dir='ltr'><strong>scilicet</strong></span> <span class='ocrx_word' id='word_1_315' title='bbox 715 3992 854 4046; x_wconf 90' lang='lat' dir='ltr'><strong>inter</strong></span> <span class='ocrx_word' id='word_1_316' title='bbox 877 3990 1100 4045; x_wconf 87' lang='lat' dir='ltr'><strong>Paulum</strong></span> <span class='ocrx_word' id='word_1_317' title='bbox 1123 3988 1168 4059; x_wconf 85' lang='lat'><strong>1,</strong></span> <span class='ocrx_word' id='word_1_318' title='bbox 1191 3992 1282 4060; x_wconf 90' lang='lat' dir='ltr'><strong>qui</strong></span> <span class='ocrx_word' id='word_1_319' title='bbox 1308 3993 1360 4047; x_wconf 92' lang='lat' dir='ltr'><strong>in</strong></span> <span class='ocrx_word' id='word_1_320' title='bbox 1393 3992 1720 4049; x_wconf 80' lang='lat' dir='ltr'><strong>seleuciensi</strong></span> <span class='ocrx_word' id='word_1_321' title='bbox 1749 4010 1876 4050; x_wconf 87' lang='lat' dir='ltr'><strong>con·</strong></span> 
     </span>
     <span class='ocr_line' id='line_1_48' title="bbox 312 4079 1880 4147; baseline 0.004 -13"><span class='ocrx_word' id='word_1_322' title='bbox 312 4079 437 4135; x_wconf 87' lang='lat' dir='ltr'><strong>cilio</strong></span> <span class='ocrx_word' id='word_1_323' title='bbox 471 4080 703 4147; x_wconf 71' lang='lat' dir='ltr'><strong>Geor-gio</strong></span> <span class='ocrx_word' id='word_1_324' title='bbox 723 4079 1118 4146; x_wconf 77' lang='lat' dir='ltr'><strong>AlexandrinO,</strong></span> <span class='ocrx_word' id='word_1_325' title='bbox 1159 4082 1356 4135; x_wconf 88' lang='lat' dir='ltr'><strong>Acacio</strong></span> <span class='ocrx_word' id='word_1_326' title='bbox 1383 4080 1702 4138; x_wconf 74' lang='lat' dir='ltr'><strong>Caesariensi</strong></span> <span class='ocrx_word' id='word_1_327' title='bbox 1731 4085 1880 4141; x_wconf 85' lang='lat' dir='ltr'><strong>aliis-</strong></span> 
     </span>
     <span class='ocr_line' id='line_1_49' title="bbox 312 4167 1883 4239; baseline 0.003 -17"><span class='ocrx_word' id='word_1_328' title='bbox 312 4183 419 4239; x_wconf 83' lang='lat' dir='ltr'><strong>que</strong></span> <span class='ocrx_word' id='word_1_329' title='bbox 449 4170 714 4225; x_wconf 81' lang='lat' dir='ltr'><strong>Arianicae</strong></span> <span class='ocrx_word' id='word_1_330' title='bbox 756 4167 1007 4224; x_wconf 79' lang='lat' dir='ltr'><strong>factionis</strong></span> <span class='ocrx_word' id='word_1_331' title='bbox 1058 4169 1378 4238; x_wconf 70' lang='lat' dir='ltr'><strong>praesulibus</strong></span> <span class='ocrx_word' id='word_1_332' title='bbox 1419 4170 1735 4238; x_wconf 63' lang='lat' dir='ltr'><strong>adhaerens,</strong></span> <span class='ocrx_word' id='word_1_333' title='bbox 1770 4172 1883 4226; x_wconf 83' lang='lat' dir='ltr'><strong>sor·</strong></span> 
     </span>
     <span class='ocr_line' id='line_1_50' title="bbox 313 4241 1884 4330; baseline 0.002 -16"><span class='ocrx_word' id='word_1_334' title='bbox 313 4259 472 4314; x_wconf 81' lang='lat' dir='ltr'><strong>mulae</strong></span> <span class='ocrx_word' id='word_1_335' title='bbox 491 4261 726 4328; x_wconf 88' lang='lat' dir='ltr'><strong>ipsorum</strong></span> <span class='ocrx_word' id='word_1_336' title='bbox 753 4258 873 4313; x_wconf 88' lang='lat' dir='ltr'><strong>lidei</strong></span> <span class='ocrx_word' id='word_1_337' title='bbox 904 4258 1221 4326; x_wconf 79' lang='lat' dir='ltr'><strong>subscripsit</strong></span> <span class='ocrx_word' id='word_1_338' title='bbox 1241 4275 1255 4324; x_wconf 88' lang='lat'><strong>;</strong></span> <span class='ocrx_word' id='word_1_339' title='bbox 1279 4268 1332 4314; x_wconf 90' lang='lat' dir='ltr'><strong>et</strong></span> <span class='ocrx_word' id='word_1_340' title='bbox 1355 4259 1665 4329; x_wconf 77' lang='lat' dir='ltr'><strong>cyriacum,</strong></span> <span class='ocrx_word' id='word_1_341' title='bbox 1687 4241 1800 4330; x_wconf 82' lang='lat' dir='ltr'><strong>qui,</strong></span> <span class='ocrx_word' id='word_1_342' title='bbox 1824 4271 1884 4317; x_wconf 85' lang='lat' dir='ltr'><strong>ut</strong></span> 
     </span>
     <span class='ocr_line' id='line_1_51' title="bbox 315 4346 1882 4422; baseline 0.003 -20"><span class='ocrx_word' id='word_1_343' title='bbox 315 4349 480 4403; x_wconf 85' lang='lat' dir='ltr'><strong>relert</strong></span> <span class='ocrx_word' id='word_1_344' title='bbox 510 4347 779 4403; x_wconf 83' lang='lat' dir='ltr'><strong>Palladius</strong></span> <span class='ocrx_word' id='word_1_345' title='bbox 811 4348 909 4420; x_wconf 74' lang='lat' dir='ltr'><strong>(lv),</strong></span> <span class='ocrx_word' id='word_1_346' title='bbox 941 4347 1164 4403; x_wconf 86' lang='lat' dir='ltr'><strong>loannis</strong></span> <span class='ocrx_word' id='word_1_347' title='bbox 1186 4346 1555 4421; x_wconf 76' lang='lat' dir='ltr'><strong>chrysostomi</strong></span> <span class='ocrx_word' id='word_1_348' title='bbox 1586 4365 1764 4405; x_wconf 80' lang='lat' dir='ltr'><strong>causae</strong></span> <span class='ocrx_word' id='word_1_349' title='bbox 1785 4366 1882 4422; x_wconf 82' lang='lat' dir='ltr'><strong>pa-</strong></span> 
     </span>
     <span class='ocr_line' id='line_1_52' title="bbox 313 4437 1878 4516; baseline 0.006 -26"><span class='ocrx_word' id='word_1_350' title='bbox 313 4437 600 4494; x_wconf 87' lang='lat' dir='ltr'><strong>trocinium</strong></span> <span class='ocrx_word' id='word_1_351' title='bbox 657 4446 877 4516; x_wconf 80' lang='lat' dir='ltr'><strong>strenue</strong></span> <span class='ocrx_word' id='word_1_352' title='bbox 936 4441 1192 4509; x_wconf 87' lang='lat' dir='ltr'><strong>suscepit.</strong></span> <span class='ocrx_word' id='word_1_353' title='bbox 1248 4442 1322 4496; x_wconf 85' lang='lat' dir='ltr'><strong>De</strong></span> <span class='ocrx_word' id='word_1_354' title='bbox 1379 4439 1615 4496; x_wconf 87' lang='lat' dir='ltr'><strong>Nemesii</strong></span> <span class='ocrx_word' id='word_1_355' title='bbox 1664 4442 1878 4512; x_wconf 77' lang='lat' dir='ltr'><strong>quidem</strong></span> 
     </span>
     <span class='ocr_line' id='line_1_53' title="bbox 310 4528 1883 4603; baseline 0.004 -19"><span class='ocrx_word' id='word_1_356' title='bbox 310 4528 603 4599; x_wconf 84' lang='lat' dir='ltr'><strong>episcopali</strong></span> <span class='ocrx_word' id='word_1_357' title='bbox 659 4531 786 4586; x_wconf 92' lang='lat' dir='ltr'><strong>sede</strong></span> <span class='ocrx_word' id='word_1_358' title='bbox 836 4531 1099 4589; x_wconf 80' lang='lat' dir='ltr'><strong>Emesena</strong></span> <span class='ocrx_word' id='word_1_359' title='bbox 1123 4572 1139 4597; x_wconf 82' lang='grc'><strong>,</strong></span> <span class='ocrx_word' id='word_1_360' title='bbox 1178 4542 1233 4588; x_wconf 92' lang='lat' dir='ltr'><strong>et</strong></span> <span class='ocrx_word' id='word_1_361' title='bbox 1264 4534 1329 4587; x_wconf 83' lang='lat' dir='ltr'><strong>de</strong></span> <span class='ocrx_word' id='word_1_362' title='bbox 1366 4543 1604 4602; x_wconf 88' lang='lat' dir='ltr'><strong>tempore</strong></span> <span class='ocrx_word' id='word_1_363' title='bbox 1639 4548 1746 4603; x_wconf 86' lang='lat' dir='ltr'><strong>quo</strong></span> <span class='ocrx_word' id='word_1_364' title='bbox 1783 4533 1883 4590; x_wconf 86' lang='lat' dir='ltr'><strong>sso-</strong></span> 
     </span>
     <span class='ocr_line' id='line_1_54' title="bbox 280 4609 1879 4702; baseline 0.005 -27"><span class='ocrx_word' id='word_1_365' title='bbox 280 4609 487 4702; x_wconf 65' lang='lat' dir='ltr'><strong>{ruerit</strong></span> <span class='ocrx_word' id='word_1_366' title='bbox 515 4621 768 4677; x_wconf 84' lang='lat' dir='ltr'><strong>dubitant</strong></span> <span class='ocrx_word' id='word_1_367' title='bbox 801 4624 1038 4679; x_wconf 87' lang='lat' dir='ltr'><strong>nonnulli</strong></span> <span class='ocrx_word' id='word_1_368' title='bbox 1071 4645 1084 4681; x_wconf 73' lang='grc' dir='ltr'><strong><em>ε</em></strong></span> <span class='ocrx_word' id='word_1_369' title='bbox 1115 4627 1241 4695; x_wconf 90' lang='lat' dir='ltr'><strong>quin</strong></span> <span class='ocrx_word' id='word_1_370' title='bbox 1265 4634 1319 4681; x_wconf 89' lang='lat' dir='ltr'><strong>et</strong></span> <span class='ocrx_word' id='word_1_371' title='bbox 1338 4623 1545 4679; x_wconf 80' lang='lat' dir='ltr'><strong>Cavcus</strong></span> <span class='ocrx_word' id='word_1_372' title='bbox 1567 4639 1633 4681; x_wconf 92' lang='lat' dir='ltr'><strong>eo</strong></span> <span class='ocrx_word' id='word_1_373' title='bbox 1662 4641 1879 4695; x_wconf 88' lang='lat' dir='ltr'><strong>proces-</strong></span> 
     </span>
     <span class='ocr_line' id='line_1_55' title="bbox 283 4708 1878 4786; baseline 0.004 -21"><span class='ocrx_word' id='word_1_374' title='bbox 283 4708 379 4785; x_wconf 78' lang='lat' dir='ltr'><strong>!sit</strong></span> <span class='ocrx_word' id='word_1_375' title='bbox 402 4720 466 4768; x_wconf 87' lang='lat' dir='ltr'><strong>ut</strong></span> <span class='ocrx_word' id='word_1_376' title='bbox 496 4712 828 4769; x_wconf 73' lang='lat' dir='ltr'><strong>confidenter</strong></span> <span class='ocrx_word' id='word_1_377' title='bbox 855 4717 1150 4772; x_wconf 88' lang='lat' dir='ltr'><strong>asseruerit</strong></span> <span class='ocrx_word' id='word_1_378' title='bbox 1181 4715 1273 4786; x_wconf 88' lang='lat' dir='ltr'><strong>(c),</strong></span> <span class='ocrx_word' id='word_1_379' title='bbox 1309 4714 1375 4770; x_wconf 88' lang='lat' dir='ltr'><strong>de</strong></span> <span class='ocrx_word' id='word_1_380' title='bbox 1396 4713 1648 4771; x_wconf 76' lang='lat' dir='ltr'><strong>Nemesin</strong></span> <span class='ocrx_word' id='word_1_381' title='bbox 1674 4716 1878 4772; x_wconf 83' lang='lat' dir='ltr'><strong>incerta</strong></span> 
     </span>
     <span class='ocr_line' id='line_1_56' title="bbox 307 4804 1882 4876; baseline 0.004 -18"><span class='ocrx_word' id='word_1_382' title='bbox 307 4817 428 4859; x_wconf 86' lang='lat' dir='ltr'><strong>csse</strong></span> <span class='ocrx_word' id='word_1_383' title='bbox 465 4804 668 4872; x_wconf 88' lang='lat' dir='ltr'><strong>omnia,</strong></span> <span class='ocrx_word' id='word_1_384' title='bbox 701 4819 823 4859; x_wconf 88' lang='lat' dir='ltr'><strong>cum</strong></span> <span class='ocrx_word' id='word_1_385' title='bbox 855 4804 921 4860; x_wconf 88' lang='lat' dir='ltr'><strong>de</strong></span> <span class='ocrx_word' id='word_1_386' title='bbox 954 4820 1019 4862; x_wconf 87' lang='lat' dir='ltr'><strong>eo</strong></span> <span class='ocrx_word' id='word_1_387' title='bbox 1055 4807 1214 4876; x_wconf 87' lang='lat' dir='ltr'><strong>plane</strong></span> <span class='ocrx_word' id='word_1_388' title='bbox 1237 4807 1435 4862; x_wconf 83' lang='lat' dir='ltr'><strong>sileant</strong></span> <span class='ocrx_word' id='word_1_389' title='bbox 1467 4816 1697 4863; x_wconf 76' lang='lat' dir='ltr'><strong>veteres.</strong></span> <span class='ocrx_word' id='word_1_390' title='bbox 1731 4809 1799 4862; x_wconf 87' lang='lat' dir='ltr'><strong>At</strong></span> <span class='ocrx_word' id='word_1_391' title='bbox 1827 4810 1882 4869; x_wconf 86' lang='lat' dir='ltr'><strong>id</strong></span> 
     </span>
     <span class='ocr_line' id='line_1_57' title="bbox 313 4894 1877 4965; baseline 0.006 -18"><span class='ocrx_word' id='word_1_392' title='bbox 313 4894 585 4953; x_wconf 89' lang='lat' dir='ltr'><strong>immerito</strong></span> <span class='ocrx_word' id='word_1_393' title='bbox 633 4913 764 4954; x_wconf 85' lang='lat' dir='ltr'><strong>saue</strong></span> <span class='ocrx_word' id='word_1_394' title='bbox 807 4900 1238 4965; x_wconf 86' lang='lat' dir='ltr'><strong>pronuntiatum.</strong></span> <span class='ocrx_word' id='word_1_395' title='bbox 1277 4900 1492 4955; x_wconf 75' lang='lat' dir='ltr'><strong>Nullum</strong></span> <span class='ocrx_word' id='word_1_396' title='bbox 1535 4903 1677 4959; x_wconf 91' lang='lat' dir='ltr'><strong>enim</strong></span> <span class='ocrx_word' id='word_1_397' title='bbox 1715 4902 1877 4959; x_wconf 86' lang='lat' dir='ltr'><strong>dubi·</strong></span> 
     </span>
     <span class='ocr_line' id='line_1_58' title="bbox 311 4986 1876 5063; baseline 0.006 -25"><span class='ocrx_word' id='word_1_398' title='bbox 311 4987 456 5042; x_wconf 83' lang='lat' dir='ltr'><strong>tandi</strong></span> <span class='ocrx_word' id='word_1_399' title='bbox 490 4986 666 5043; x_wconf 90' lang='lat' dir='ltr'><strong>locum</strong></span> <span class='ocrx_word' id='word_1_400' title='bbox 702 4988 1011 5059; x_wconf 85' lang='lat' dir='ltr'><strong>relinquunt</strong></span> <span class='ocrx_word' id='word_1_401' title='bbox 1038 4989 1270 5059; x_wconf 88' lang='lat' dir='ltr'><strong>primum</strong></span> <span class='ocrx_word' id='word_1_402' title='bbox 1300 4990 1539 5046; x_wconf 87' lang='lat' dir='ltr'><strong>omnium</strong></span> <span class='ocrx_word' id='word_1_403' title='bbox 1570 4993 1876 5063; x_wconf 86' lang='lat' dir='ltr'><strong>complures</strong></span> 
     </span>
     <span class='ocr_line' id='line_1_59' title="bbox 311 5078 1875 5154; baseline 0.005 -24"><span class='ocrx_word' id='word_1_404' title='bbox 311 5091 441 5133; x_wconf 84' lang='lat' dir='ltr'><strong>mss.</strong></span> <span class='ocrx_word' id='word_1_405' title='bbox 468 5078 705 5145; x_wconf 90' lang='lat' dir='ltr'><strong>codices,</strong></span> <span class='ocrx_word' id='word_1_406' title='bbox 732 5081 822 5150; x_wconf 84' lang='lat' dir='ltr'><strong>qui</strong></span> <span class='ocrx_word' id='word_1_407' title='bbox 854 5078 970 5136; x_wconf 85' lang='lat' dir='ltr'><strong>sive</strong></span> <span class='ocrx_word' id='word_1_408' title='bbox 994 5079 1262 5151; x_wconf 75' lang='lat' dir='ltr'><strong>integrum</strong></span> <span class='ocrx_word' id='word_1_409' title='bbox 1291 5083 1525 5136; x_wconf 84' lang='lat' dir='ltr'><strong>auctoris</strong></span> <span class='ocrx_word' id='word_1_410' title='bbox 1549 5083 1715 5137; x_wconf 89' lang='lat' dir='ltr'><strong>nostri</strong></span> <span class='ocrx_word' id='word_1_411' title='bbox 1740 5096 1875 5154; x_wconf 86' lang='lat' dir='ltr'><strong>opus</strong></span> 
     </span>
    </p>
   </div>
   <div class='ocr_carea' id='block_1_21' title="bbox 316 5315 1880 5652">
    <p class='ocr_par' dir='ltr' id='par_1_21' title="bbox 381 5315 1699 5387">
     <span class='ocr_line' id='line_1_60' title="bbox 381 5315 1699 5387; baseline 0.001 -16"><span class='ocrx_word' id='word_1_412' title='bbox 381 5315 457 5384; x_wconf 79' lang='lat' dir='ltr'><strong>(a)</strong></span> <span class='ocrx_word' id='word_1_413' title='bbox 496 5317 571 5372; x_wconf 80' lang='lat' dir='ltr'><strong>Le</strong></span> <span class='ocrx_word' id='word_1_414' title='bbox 612 5317 752 5374; x_wconf 83' lang='lat' dir='ltr'><strong>nien.</strong></span> <span class='ocrx_word' id='word_1_415' title='bbox 782 5317 878 5374; x_wconf 82' lang='lat' dir='ltr'><strong>Or.</strong></span> <span class='ocrx_word' id='word_1_416' title='bbox 912 5317 1130 5382; x_wconf 71' lang='lat' dir='ltr'><strong>Christ„</strong></span> <span class='ocrx_word' id='word_1_417' title='bbox 1166 5325 1297 5376; x_wconf 82' lang='lat' dir='ltr'><strong>tom.</strong></span> <span class='ocrx_word' id='word_1_418' title='bbox 1323 5317 1387 5382; x_wconf 81' lang='lat' dir='ltr'><strong>lt,</strong></span> <span class='ocrx_word' id='word_1_419' title='bbox 1417 5332 1543 5387; x_wconf 73' lang='lat' dir='ltr'><strong>pag.</strong></span> <span class='ocrx_word' id='word_1_420' title='bbox 1575 5317 1699 5372; x_wconf 78' lang='lat'><strong>859.</strong></span> 
     </span>
    </p>

    <p class='ocr_par' dir='ltr' id='par_1_22' title="bbox 380 5385 1734 5458">
     <span class='ocr_line' id='line_1_61' title="bbox 380 5385 1734 5458; baseline 0.001 -19"><span class='ocrx_word' id='word_1_421' title='bbox 380 5386 433 5456; x_wconf 79' lang='lat' dir='ltr'><strong>(b</strong></span> <span class='ocrx_word' id='word_1_422' title='bbox 496 5387 587 5440; x_wconf 83' lang='lat' dir='ltr'><strong>Pal</strong></span> <span class='ocrx_word' id='word_1_423' title='bbox 614 5388 700 5442; x_wconf 84' lang='lat' dir='ltr'><strong>ad.</strong></span> <span class='ocrx_word' id='word_1_424' title='bbox 728 5388 872 5445; x_wconf 70' lang='lat' dir='ltr'><strong>Diat.</strong></span> <span class='ocrx_word' id='word_1_425' title='bbox 909 5390 972 5443; x_wconf 83' lang='lat' dir='ltr'><strong>de</strong></span> <span class='ocrx_word' id='word_1_426' title='bbox 1013 5385 1112 5441; x_wconf 84' lang='lat' dir='ltr'><strong>Vit.</strong></span> <span class='ocrx_word' id='word_1_427' title='bbox 1139 5387 1435 5458; x_wconf 73' lang='lat' dir='ltr'><strong>chrysost..</strong></span> <span class='ocrx_word' id='word_1_428' title='bbox 1468 5403 1591 5456; x_wconf 77' lang='lat' dir='ltr'><strong>pag.</strong></span> <span class='ocrx_word' id='word_1_429' title='bbox 1614 5387 1734 5446; x_wconf 65' lang='lat'><strong>¹94.</strong></span> 
     </span>
    </p>

    <p class='ocr_par' dir='ltr' id='par_1_23' title="bbox 405 5455 1506 5526">
     <span class='ocr_line' id='line_1_62' title="bbox 405 5455 1506 5526; baseline 0.001 -18"><span class='ocrx_word' id='word_1_430' title='bbox 405 5472 431 5508; x_wconf 88' lang='lat' dir='ltr'><strong>c</strong></span> <span class='ocrx_word' id='word_1_431' title='bbox 491 5455 624 5511; x_wconf 78' lang='lat' dir='ltr'><strong>Cav.</strong></span> <span class='ocrx_word' id='word_1_432' title='bbox 660 5456 801 5512; x_wconf 83' lang='lat' dir='ltr'><strong>Hist.</strong></span> <span class='ocrx_word' id='word_1_433' title='bbox 833 5458 962 5520; x_wconf 83' lang='lat' dir='ltr'><strong>litt..</strong></span> <span class='ocrx_word' id='word_1_434' title='bbox 1001 5469 1131 5512; x_wconf 90' lang='lat' dir='ltr'><strong>tom.</strong></span> <span class='ocrx_word' id='word_1_435' title='bbox 1166 5456 1204 5522; x_wconf 85' lang='lat' dir='ltr'><strong>l,</strong></span> <span class='ocrx_word' id='word_1_436' title='bbox 1233 5473 1355 5526; x_wconf 78' lang='lat' dir='ltr'><strong>pag.</strong></span> <span class='ocrx_word' id='word_1_437' title='bbox 1379 5456 1506 5511; x_wconf 74' lang='lat'><em>9:16.</em></span> 
     </span>
    </p>

    <p class='ocr_par' dir='ltr' id='par_1_24' title="bbox 316 5525 1880 5652">
     <span class='ocr_line' id='line_1_63' title="bbox 316 5525 1880 5652; baseline 0.004 -74"><span class='ocrx_word' id='word_1_438' title='bbox 316 5591 357 5648; x_wconf 67' lang='lat' dir='ltr'><strong>p</strong></span> <span class='ocrx_word' id='word_1_439' title='bbox 394 5526 469 5652; x_wconf 54' lang='lat' dir='ltr'><strong>‘ch</strong></span> <span class='ocrx_word' id='word_1_440' title='bbox 506 5525 720 5651; x_wconf 41' lang='lat' dir='ltr'><strong>illatam.</strong></span> <span class='ocrx_word' id='word_1_441' title='bbox 755 5527 891 5600; x_wconf 81' lang='lat' dir='ltr'><strong>Opp.</strong></span> <span class='ocrx_word' id='word_1_442' title='bbox 942 5537 1075 5582; x_wconf 84' lang='lat' dir='ltr'><strong>tom.</strong></span> <span class='ocrx_word' id='word_1_443' title='bbox 1106 5525 1171 5591; x_wconf 86' lang='lat' dir='ltr'><strong>ll,</strong></span> <span class='ocrx_word' id='word_1_444' title='bbox 1203 5543 1324 5598; x_wconf 78' lang='lat' dir='ltr'><strong>pag.</strong></span> <span class='ocrx_word' id='word_1_445' title='bbox 1352 5526 1454 5581; x_wconf 78' lang='lat'><strong>153</strong></span> <span class='ocrx_word' id='word_1_446' title='bbox 1477 5528 1608 5583; x_wconf 82' lang='lat' dir='ltr'><strong>edit.</strong></span> <span class='ocrx_word' id='word_1_447' title='bbox 1635 5528 1880 5586; x_wconf 82' lang='lat' dir='ltr'><strong>Cotubcl.</strong></span> 
     </span>
     <span class='ocr_line' id='line_1_64' title="bbox 360 5613 674 5652; baseline -0.006 -2"><span class='ocrx_word' id='word_1_448' title='bbox 360 5615 389 5650; x_wconf 86' lang='lat' dir='ltr'><strong>a</strong></span> <span class='ocrx_word' id='word_1_449' title='bbox 426 5613 439 5650; x_wconf 88' lang='grc' dir='ltr'>ι</span> <span class='ocrx_word' id='word_1_450' title='bbox 475 5637 487 5652; x_wconf 94' lang='grc'><strong>.</strong></span> <span class='ocrx_word' id='word_1_451' title='bbox 662 5637 674 5648; x_wconf 93' lang='grc'><em>.</em></span> 
     </span>
    </p>
   </div>
   <div class='ocr_carea' id='block_1_22' title="bbox 1981 3717 3560 5160">
    <p class='ocr_par' dir='ltr' id='par_1_25' title="bbox 1981 3717 3560 5160">
     <span class='ocr_line' id='line_1_65' title="bbox 1984 3717 3546 3786; baseline -0.002 -10"><span class='ocrx_word' id='word_1_452' title='bbox 1984 3723 2165 3786; x_wconf 86' lang='lat' dir='ltr'><strong>beant,</strong></span> <span class='ocrx_word' id='word_1_453' title='bbox 2215 3735 2319 3774; x_wconf 86' lang='lat' dir='ltr'><strong>non</strong></span> <span class='ocrx_word' id='word_1_454' title='bbox 2351 3719 2523 3775; x_wconf 90' lang='lat' dir='ltr'><strong>solum</strong></span> <span class='ocrx_word' id='word_1_455' title='bbox 2562 3717 2797 3773; x_wconf 85' lang='lat' dir='ltr'><strong>Nemesii</strong></span> <span class='ocrx_word' id='word_1_456' title='bbox 2833 3733 3027 3773; x_wconf 88' lang='lat' dir='ltr'><strong>nomen</strong></span> <span class='ocrx_word' id='word_1_457' title='bbox 3051 3759 3066 3785; x_wconf 88' lang='lat'>‚</span> <span class='ocrx_word' id='word_1_458' title='bbox 3105 3720 3200 3776; x_wconf 87' lang='lat' dir='ltr'><strong>sed</strong></span> <span class='ocrx_word' id='word_1_459' title='bbox 3236 3735 3354 3775; x_wconf 85' lang='lat' dir='ltr'><strong>eum</strong></span> <span class='ocrx_word' id='word_1_460' title='bbox 3383 3722 3546 3775; x_wconf 86' lang='lat' dir='ltr'><strong>etiam</strong></span> 
     </span>
     <span class='ocr_line' id='line_1_66' title="bbox 1985 3810 3551 3881; baseline 0.001 -15"><span class='ocrx_word' id='word_1_461' title='bbox 1985 3813 2145 3868; x_wconf 83' lang='lat' dir='ltr'><strong>luisse</strong></span> <span class='ocrx_word' id='word_1_462' title='bbox 2176 3813 2507 3880; x_wconf 85' lang='lat' dir='ltr'><strong>episcopum,</strong></span> <span class='ocrx_word' id='word_1_463' title='bbox 2540 3819 2595 3865; x_wconf 92' lang='lat' dir='ltr'><strong>et</strong></span> <span class='ocrx_word' id='word_1_464' title='bbox 2625 3811 2832 3865; x_wconf 78' lang='lat' dir='ltr'><strong>Emesae</strong></span> <span class='ocrx_word' id='word_1_465' title='bbox 2865 3810 3078 3878; x_wconf 83' lang='lat' dir='ltr'><strong>quidem</strong></span> <span class='ocrx_word' id='word_1_466' title='bbox 3109 3812 3339 3876; x_wconf 63' lang='lat' dir='ltr'><strong>sedisse,</strong></span> <span class='ocrx_word' id='word_1_467' title='bbox 3373 3812 3551 3881; x_wconf 83' lang='lat' dir='ltr'><strong>palam</strong></span> 
     </span>
     <span class='ocr_line' id='line_1_67' title="bbox 1984 3885 3559 3974; baseline -0.001 -14"><span class='ocrx_word' id='word_1_468' title='bbox 1984 3907 2217 3974; x_wconf 89' lang='lat' dir='ltr'><strong>produnt</strong></span> <span class='ocrx_word' id='word_1_469' title='bbox 2250 3924 2269 3959; x_wconf 79' lang='grc' dir='ltr'>τ</span> <span class='ocrx_word' id='word_1_470' title='bbox 2298 3914 2356 3960; x_wconf 90' lang='lat' dir='ltr'><strong>ut</strong></span> <span class='ocrx_word' id='word_1_471' title='bbox 2385 3921 2450 3960; x_wconf 85' lang='lat' dir='ltr'><strong>ex</strong></span> <span class='ocrx_word' id='word_1_472' title='bbox 2486 3919 2593 3960; x_wconf 89' lang='lat' dir='ltr'><strong>uno</strong></span> <span class='ocrx_word' id='word_1_473' title='bbox 2620 3913 2781 3973; x_wconf 84' lang='lat' dir='ltr'><strong>atque</strong></span> <span class='ocrx_word' id='word_1_474' title='bbox 2807 3885 2982 3960; x_wconf 80' lang='lat' dir='ltr'><strong>altero</strong></span> <span class='ocrx_word' id='word_1_475' title='bbox 3012 3905 3188 3959; x_wconf 86' lang='lat' dir='ltr'><strong>indice</strong></span> <span class='ocrx_word' id='word_1_476' title='bbox 3220 3904 3559 3960; x_wconf 70' lang='lat' dir='ltr'><strong>Bibliothecae</strong></span> 
     </span>
     <span class='ocr_line' id='line_1_68' title="bbox 1983 3994 3556 4066; baseline 0 -17"><span class='ocrx_word' id='word_1_477' title='bbox 1983 3996 2411 4052; x_wconf 78' lang='lat' dir='ltr'><strong>bibliothecarum</strong></span> <span class='ocrx_word' id='word_1_478' title='bbox 2429 3998 2904 4066; x_wconf 75' lang='lat' dir='ltr'><strong>manuscriptorum</strong></span> <span class='ocrx_word' id='word_1_479' title='bbox 2922 3994 3405 4052; x_wconf 78' lang='lat' dir='ltr'><strong>Montlauconianae</strong></span> <span class='ocrx_word' id='word_1_480' title='bbox 3422 3999 3556 4052; x_wconf 77' lang='lat' dir='ltr'><strong>satis</strong></span> 
     </span>
     <span class='ocr_line' id='line_1_69' title="bbox 1984 4087 3555 4156; baseline -0.001 -14"><span class='ocrx_word' id='word_1_481' title='bbox 1984 4097 2318 4156; x_wconf 89' lang='lat' dir='ltr'><strong>compertum</strong></span> <span class='ocrx_word' id='word_1_482' title='bbox 2367 4087 2647 4142; x_wconf 85' lang='lat' dir='ltr'><strong>habemus.</strong></span> <span class='ocrx_word' id='word_1_483' title='bbox 2717 4087 2938 4142; x_wconf 83' lang='lat' dir='ltr'><strong>Accedit</strong></span> <span class='ocrx_word' id='word_1_484' title='bbox 2998 4095 3260 4155; x_wconf 67' lang='lat' dir='ltr'><strong>practerea</strong></span> <span class='ocrx_word' id='word_1_485' title='bbox 3308 4098 3555 4141; x_wconf 77' lang='lat' dir='ltr'><strong>veterum</strong></span> 
     </span>
     <span class='ocr_line' id='line_1_70' title="bbox 1983 4177 3550 4247; baseline -0.003 -13"><span class='ocrx_word' id='word_1_486' title='bbox 1983 4181 2309 4247; x_wconf 86' lang='lat' dir='ltr'><strong>scriptorum</strong></span> <span class='ocrx_word' id='word_1_487' title='bbox 2368 4178 2859 4235; x_wconf 87' lang='lat' dir='ltr'><strong>ecclesiasticorum</strong></span> <span class='ocrx_word' id='word_1_488' title='bbox 2927 4178 3257 4242; x_wconf 84' lang='lat' dir='ltr'><strong>auctoritas,</strong></span> <span class='ocrx_word' id='word_1_489' title='bbox 3331 4177 3550 4231; x_wconf 78' lang='lat' dir='ltr'><strong>Maximi</strong></span> 
     </span>
     <span class='ocr_line' id='line_1_71' title="bbox 1983 4269 3554 4335; baseline -0.001 -11"><span class='ocrx_word' id='word_1_490' title='bbox 1983 4269 2310 4326; x_wconf 78' lang='lat' dir='ltr'><strong>confessoris</strong></span> <span class='ocrx_word' id='word_1_491' title='bbox 2333 4281 2387 4326; x_wconf 91' lang='lat' dir='ltr'><strong>et</strong></span> <span class='ocrx_word' id='word_1_492' title='bbox 2413 4271 2682 4325; x_wconf 86' lang='lat' dir='ltr'><strong>Anastasii</strong></span> <span class='ocrx_word' id='word_1_493' title='bbox 2712 4270 2952 4335; x_wconf 80' lang='lat' dir='ltr'><strong>Sinaitae,</strong></span> <span class='ocrx_word' id='word_1_494' title='bbox 2998 4284 3202 4326; x_wconf 90' lang='lat' dir='ltr'><strong>necnon</strong></span> <span class='ocrx_word' id='word_1_495' title='bbox 3236 4270 3402 4325; x_wconf 80' lang='lat' dir='ltr'><strong>Mosis</strong></span> <span class='ocrx_word' id='word_1_496' title='bbox 3429 4270 3554 4323; x_wconf 83' lang='lat' dir='ltr'><strong>Bar·</strong></span> 
     </span>
     <span class='ocr_line' id='line_1_72' title="bbox 1981 4361 3556 4430; baseline -0.002 -14"><span class='ocrx_word' id='word_1_497' title='bbox 1981 4361 2214 4430; x_wconf 65' lang='lat' dir='ltr'><strong>Cepha-‚3</strong></span> <span class='ocrx_word' id='word_1_498' title='bbox 2242 4376 2467 4429; x_wconf 80' lang='lat' dir='ltr'><strong>quorum</strong></span> <span class='ocrx_word' id='word_1_499' title='bbox 2503 4363 2577 4416; x_wconf 90' lang='lat' dir='ltr'><strong>illi</strong></span> <span class='ocrx_word' id='word_1_500' title='bbox 2611 4361 2806 4417; x_wconf 83' lang='lat' dir='ltr'><strong>saeculo</strong></span> <span class='ocrx_word' id='word_1_501' title='bbox 2838 4377 2934 4427; x_wconf 77' lang='lat' dir='ltr'><strong>vn,</strong></span> <span class='ocrx_word' id='word_1_502' title='bbox 2973 4361 3061 4417; x_wconf 90' lang='lat' dir='ltr'><strong>hic</strong></span> <span class='ocrx_word' id='word_1_503' title='bbox 3100 4370 3281 4416; x_wconf 87' lang='lat' dir='ltr'><strong>autem</strong></span> <span class='ocrx_word' id='word_1_504' title='bbox 3316 4378 3376 4417; x_wconf 74' lang='lat' dir='ltr'><strong>ix</strong></span> <span class='ocrx_word' id='word_1_505' title='bbox 3408 4361 3556 4415; x_wconf 90' lang='lat' dir='ltr'><strong>desi-</strong></span> 
     </span>
     <span class='ocr_line' id='line_1_73' title="bbox 1984 4451 3552 4523; baseline -0.001 -17"><span class='ocrx_word' id='word_1_506' title='bbox 1984 4463 2145 4507; x_wconf 88' lang='lat' dir='ltr'><strong>nente</strong></span> <span class='ocrx_word' id='word_1_507' title='bbox 2173 4452 2436 4508; x_wconf 84' lang='lat' dir='ltr'><strong>claruisse</strong></span> <span class='ocrx_word' id='word_1_508' title='bbox 2467 4453 2839 4523; x_wconf 82' lang='lat' dir='ltr'><strong>perhibentur.</strong></span> <span class='ocrx_word' id='word_1_509' title='bbox 2870 4453 2935 4507; x_wconf 86' lang='lat' dir='ltr'><strong>Et</strong></span> <span class='ocrx_word' id='word_1_510' title='bbox 2965 4453 3228 4507; x_wconf 82' lang='lat' dir='ltr'><strong>Maximus</strong></span> <span class='ocrx_word' id='word_1_511' title='bbox 3252 4451 3471 4523; x_wconf 82' lang='lat' dir='ltr'><strong>quidem</strong></span> <span class='ocrx_word' id='word_1_512' title='bbox 3502 4454 3552 4506; x_wconf 93' lang='lat' dir='ltr'><strong>in</strong></span> 
     </span>
     <span class='ocr_line' id='line_1_74' title="bbox 1986 4541 3560 4615; baseline -0.003 -17"><span class='ocrx_word' id='word_1_513' title='bbox 1986 4541 2266 4612; x_wconf 73' lang='lat' dir='ltr'><strong>opusculis</strong></span> <span class='ocrx_word' id='word_1_514' title='bbox 2300 4544 2602 4615; x_wconf 65' lang='lat' dir='ltr'><strong>theologicis</strong></span> <span class='ocrx_word' id='word_1_515' title='bbox 2641 4553 2691 4599; x_wconf 88' lang='lat' dir='ltr'><strong>et</strong></span> <span class='ocrx_word' id='word_1_516' title='bbox 2735 4544 3001 4613; x_wconf 83' lang='lat' dir='ltr'><strong>polemicis</strong></span> <span class='ocrx_word' id='word_1_517' title='bbox 3034 4543 3141 4598; x_wconf 89' lang='lat' dir='ltr'><strong>duo</strong></span> <span class='ocrx_word' id='word_1_518' title='bbox 3187 4541 3304 4597; x_wconf 88' lang='lat' dir='ltr'><strong>loca</strong></span> <span class='ocrx_word' id='word_1_519' title='bbox 3350 4542 3560 4610; x_wconf 80' lang='lat' dir='ltr'><strong>profert</strong></span> 
     </span>
     <span class='ocr_line' id='line_1_75' title="bbox 1985 4631 3558 4703; baseline 0 -17"><span class='ocrx_word' id='word_1_520' title='bbox 1985 4631 2334 4697; x_wconf 81' lang='lat' dir='ltr'><strong>Nemesiana,</strong></span> <span class='ocrx_word' id='word_1_521' title='bbox 2367 4648 2484 4703; x_wconf 69' lang='lat' dir='ltr'><strong>quae</strong></span> <span class='ocrx_word' id='word_1_522' title='bbox 2524 4633 2604 4690; x_wconf 91' lang='lat' dir='ltr'><strong>sic</strong></span> <span class='ocrx_word' id='word_1_523' title='bbox 2637 4634 2881 4689; x_wconf 88' lang='lat' dir='ltr'><strong>inscribit</strong></span> <span class='ocrx_word' id='word_1_524' title='bbox 2924 4632 3003 4703; x_wconf 82' lang='lat' dir='ltr'><strong>(cl)</strong></span> <span class='ocrx_word' id='word_1_525' title='bbox 3042 4652 3055 4688; x_wconf 76' lang='grc' dir='ltr'><strong>ε</strong></span> <span class='ocrx_word' id='word_1_526' title='bbox 3108 4632 3213 4687; x_wconf 80' lang='grc' dir='ltr'><strong>Τοῦ</strong></span> <span class='ocrx_word' id='word_1_527' title='bbox 3259 4633 3418 4702; x_wconf 81' lang='grc' dir='ltr'>ἁγίου</span> <span class='ocrx_word' id='word_1_528' title='bbox 3451 4635 3558 4686; x_wconf 83' lang='grc' dir='ltr'><strong>Νε-</strong></span> 
     </span>
     <span class='ocr_line' id='line_1_76' title="bbox 1988 4721 3559 4795; baseline 0.001 -20"><span class='ocrx_word' id='word_1_529' title='bbox 1988 4721 2174 4793; x_wconf 82' lang='grc' dir='ltr'>μεσίου</span> <span class='ocrx_word' id='word_1_530' title='bbox 2205 4724 2502 4777; x_wconf 75' lang='grc' dir='ltr'>ἐπισκόπου</span> <span class='ocrx_word' id='word_1_531' title='bbox 2563 4725 2814 4795; x_wconf 79' lang='grc' dir='ltr'>Ἐμέσης.</span> <span class='ocrx_word' id='word_1_532' title='bbox 2852 4725 3034 4779; x_wconf 80' lang='lat' dir='ltr'><strong>Sancti</strong></span> <span class='ocrx_word' id='word_1_533' title='bbox 3067 4722 3300 4779; x_wconf 82' lang='lat' dir='ltr'><strong>Nemesii</strong></span> <span class='ocrx_word' id='word_1_534' title='bbox 3330 4726 3559 4792; x_wconf 76' lang='lat' dir='ltr'><strong>episcopi</strong></span> 
     </span>
     <span class='ocr_line' id='line_1_77' title="bbox 1985 4812 3554 4885; baseline 0.002 -18"><span class='ocrx_word' id='word_1_535' title='bbox 1985 4812 2244 4871; x_wconf 83' lang='lat' dir='ltr'><strong>Emeseni.</strong></span> <span class='ocrx_word' id='word_1_536' title='bbox 2286 4814 2469 4884; x_wconf 79' lang='lat' dir='ltr'><strong>Neque</strong></span> <span class='ocrx_word' id='word_1_537' title='bbox 2507 4817 2663 4871; x_wconf 85' lang='lat' dir='ltr'><strong>aliter</strong></span> <span class='ocrx_word' id='word_1_538' title='bbox 2706 4817 3023 4871; x_wconf 81' lang='lat' dir='ltr'><strong>Anastasius</strong></span> <span class='ocrx_word' id='word_1_539' title='bbox 3061 4816 3298 4881; x_wconf 71' lang='lat' dir='ltr'><strong>Simila,</strong></span> <span class='ocrx_word' id='word_1_540' title='bbox 3348 4816 3440 4885; x_wconf 87' lang='lat' dir='ltr'><strong>qui</strong></span> <span class='ocrx_word' id='word_1_541' title='bbox 3490 4832 3554 4870; x_wconf 89' lang='lat' dir='ltr'><strong>ex</strong></span> 
     </span>
     <span class='ocr_line' id='line_1_78' title="bbox 1984 4903 3555 4977; baseline 0.002 -19"><span class='ocrx_word' id='word_1_542' title='bbox 1984 4903 2216 4961; x_wconf 87' lang='lat' dir='ltr'><strong>Nemesii</strong></span> <span class='ocrx_word' id='word_1_543' title='bbox 2241 4921 2404 4975; x_wconf 87' lang='lat' dir='ltr'><strong>opere</strong></span> <span class='ocrx_word' id='word_1_544' title='bbox 2428 4908 2536 4961; x_wconf 90' lang='lat' dir='ltr'><strong>duo</strong></span> <span class='ocrx_word' id='word_1_545' title='bbox 2566 4908 2692 4962; x_wconf 89' lang='lat' dir='ltr'><strong>item</strong></span> <span class='ocrx_word' id='word_1_546' title='bbox 2724 4919 2977 4976; x_wconf 77' lang='lat' dir='ltr'><strong>excerpta</strong></span> <span class='ocrx_word' id='word_1_547' title='bbox 3008 4909 3145 4962; x_wconf 91' lang='lat' dir='ltr'><strong>bene</strong></span> <span class='ocrx_word' id='word_1_548' title='bbox 3170 4907 3327 4977; x_wconf 82' lang='lat' dir='ltr'><strong>longa</strong></span> <span class='ocrx_word' id='word_1_549' title='bbox 3361 4908 3413 4962; x_wconf 92' lang='lat' dir='ltr'><strong>in</strong></span> <span class='ocrx_word' id='word_1_550' title='bbox 3442 4923 3555 4961; x_wconf 90' lang='lat' dir='ltr'><strong>me-</strong></span> 
     </span>
     <span class='ocr_line' id='line_1_79' title="bbox 1984 4995 3551 5070; baseline 0 -19"><span class='ocrx_word' id='word_1_551' title='bbox 1984 4995 2130 5051; x_wconf 85' lang='lat' dir='ltr'><strong>dium</strong></span> <span class='ocrx_word' id='word_1_552' title='bbox 2163 4997 2434 5052; x_wconf 85' lang='lat' dir='ltr'><strong>adducens</strong></span> <span class='ocrx_word' id='word_1_553' title='bbox 2464 4997 2554 5068; x_wconf 86' lang='lat' dir='ltr'><strong>(e),</strong></span> <span class='ocrx_word' id='word_1_554' title='bbox 2577 4998 2804 5052; x_wconf 85' lang='lat' dir='ltr'><strong>alterum</strong></span> <span class='ocrx_word' id='word_1_555' title='bbox 2838 4999 2912 5053; x_wconf 84' lang='lat' dir='ltr'><strong>De</strong></span> <span class='ocrx_word' id='word_1_556' title='bbox 2935 4999 3257 5068; x_wconf 81' lang='lat' dir='ltr'><strong>providentia</strong></span> <span class='ocrx_word' id='word_1_557' title='bbox 3294 4998 3383 5070; x_wconf 80' lang='grc' dir='ltr'><strong>(Ι),</strong></span> <span class='ocrx_word' id='word_1_558' title='bbox 3418 4999 3551 5052; x_wconf 86' lang='lat' dir='ltr'><strong>alte·</strong></span> 
     </span>
     <span class='ocr_line' id='line_1_80' title="bbox 1988 5085 3556 5160; baseline 0.002 -19"><span class='ocrx_word' id='word_1_559' title='bbox 1988 5100 2106 5141; x_wconf 89' lang='lat' dir='ltr'><strong>rum</strong></span> <span class='ocrx_word' id='word_1_560' title='bbox 2137 5085 2215 5141; x_wconf 89' lang='lat' dir='ltr'><strong>De</strong></span> <span class='ocrx_word' id='word_1_561' title='bbox 2253 5097 2446 5142; x_wconf 82' lang='lat' dir='ltr'><strong>natura</strong></span> <span class='ocrx_word' id='word_1_562' title='bbox 2477 5088 2703 5142; x_wconf 80' lang='lat' dir='ltr'><strong>hominis</strong></span> <span class='ocrx_word' id='word_1_563' title='bbox 2727 5088 2801 5160; x_wconf 73' lang='lat' dir='ltr'><strong>(q)</strong></span> <span class='ocrx_word' id='word_1_564' title='bbox 2822 5107 2837 5155; x_wconf 87' lang='lat'>;</span> <span class='ocrx_word' id='word_1_565' title='bbox 2862 5103 2923 5143; x_wconf 90' lang='lat' dir='ltr'><strong>ea</strong></span> <span class='ocrx_word' id='word_1_566' title='bbox 2954 5104 3012 5144; x_wconf 92' lang='lat' dir='ltr'><strong>se</strong></span> <span class='ocrx_word' id='word_1_567' title='bbox 3036 5089 3390 5160; x_wconf 87' lang='lat' dir='ltr'><strong>descripsisse</strong></span> <span class='ocrx_word' id='word_1_568' title='bbox 3422 5103 3556 5158; x_wconf 82' lang='lat' dir='ltr'><strong>pro—</strong></span> 
     </span>
    </p>
   </div>
   <div class='ocr_carea' id='block_1_23' title="bbox 1983 5323 3558 5604">
    <p class='ocr_par' dir='ltr' id='par_1_26' title="bbox 1983 5323 3558 5465">
     <span class='ocr_line' id='line_1_81' title="bbox 2052 5323 3558 5398; baseline 0.005 -21"><span class='ocrx_word' id='word_1_569' title='bbox 2052 5323 2121 5394; x_wconf 86' lang='lat' dir='ltr'><strong>(e)</strong></span> <span class='ocrx_word' id='word_1_570' title='bbox 2161 5324 2347 5380; x_wconf 87' lang='lat' dir='ltr'><strong>Anast.</strong></span> <span class='ocrx_word' id='word_1_571' title='bbox 2373 5325 2514 5389; x_wconf 68' lang='lat' dir='ltr'><strong>Sin„</strong></span> <span class='ocrx_word' id='word_1_572' title='bbox 2537 5325 2758 5392; x_wconf 80' lang='lat' dir='ltr'><strong>Quaestt.</strong></span> <span class='ocrx_word' id='word_1_573' title='bbox 2791 5342 2921 5382; x_wconf 81' lang='lat' dir='ltr'><strong>xvut</strong></span> <span class='ocrx_word' id='word_1_574' title='bbox 2942 5337 2996 5381; x_wconf 89' lang='lat' dir='ltr'><strong>et</strong></span> <span class='ocrx_word' id='word_1_575' title='bbox 3023 5326 3321 5398; x_wconf 72' lang='lat' dir='ltr'><strong>xxiv.‘0pp.</strong></span> <span class='ocrx_word' id='word_1_576' title='bbox 3342 5326 3558 5394; x_wconf 77' lang='lat' dir='ltr'><strong>Grets..</strong></span> 
     </span>
     <span class='ocr_line' id='line_1_82' title="bbox 1983 5392 3021 5465; baseline 0.003 -17"><span class='ocrx_word' id='word_1_577' title='bbox 1983 5401 2115 5448; x_wconf 85' lang='lat' dir='ltr'><strong>tom.</strong></span> <span class='ocrx_word' id='word_1_578' title='bbox 2149 5392 2286 5459; x_wconf 74' lang='lat' dir='ltr'><strong>xiv,</strong></span> <span class='ocrx_word' id='word_1_579' title='bbox 2317 5406 2455 5464; x_wconf 81' lang='lat' dir='ltr'><strong>part.</strong></span> <span class='ocrx_word' id='word_1_580' title='bbox 2487 5410 2545 5456; x_wconf 89' lang='lat' dir='ltr'><strong>tt,</strong></span> <span class='ocrx_word' id='word_1_581' title='bbox 2588 5411 2707 5465; x_wconf 75' lang='lat' dir='ltr'><strong>pag.</strong></span> <span class='ocrx_word' id='word_1_582' title='bbox 2741 5395 2870 5463; x_wconf 73' lang='lat'><strong>270,</strong></span> <span class='ocrx_word' id='word_1_583' title='bbox 2895 5397 3021 5451; x_wconf 70' lang='lat'><strong>294.</strong></span> 
     </span>
    </p>

    <p class='ocr_par' dir='ltr' id='par_1_27' title="bbox 2054 5462 3086 5536">
     <span class='ocr_line' id='line_1_83' title="bbox 2054 5462 3086 5536; baseline 0.004 -20"><span class='ocrx_word' id='word_1_584' title='bbox 2054 5462 2121 5533; x_wconf 76' lang='lat' dir='ltr'><strong>(s)</strong></span> <span class='ocrx_word' id='word_1_585' title='bbox 2162 5464 2372 5519; x_wconf 86' lang='lat' dir='ltr'><strong>Nemes.</strong></span> <span class='ocrx_word' id='word_1_586' title='bbox 2408 5464 2479 5518; x_wconf 88' lang='lat' dir='ltr'><strong>De</strong></span> <span class='ocrx_word' id='word_1_587' title='bbox 2510 5475 2620 5518; x_wconf 78' lang='lat' dir='ltr'><strong>nat.</strong></span> <span class='ocrx_word' id='word_1_588' title='bbox 2650 5468 2815 5533; x_wconf 63' lang='lat' dir='ltr'><strong>hom„</strong></span> <span class='ocrx_word' id='word_1_589' title='bbox 2852 5481 2968 5536; x_wconf 87' lang='lat' dir='ltr'><strong>cap.</strong></span> <span class='ocrx_word' id='word_1_590' title='bbox 3001 5467 3086 5520; x_wconf 72' lang='lat'><strong>⁴4.</strong></span> 
     </span>
    </p>

    <p class='ocr_par' dir='ltr' id='par_1_28' title="bbox 2055 5531 2685 5604">
     <span class='ocr_line' id='line_1_84' title="bbox 2055 5531 2685 5604; baseline 0.006 -20"><span class='ocrx_word' id='word_1_591' title='bbox 2055 5532 2130 5601; x_wconf 76' lang='lat'><strong>(9)</strong></span> <span class='ocrx_word' id='word_1_592' title='bbox 2174 5531 2247 5585; x_wconf 85' lang='lat' dir='ltr'><strong>ld.</strong></span> <span class='ocrx_word' id='word_1_593' title='bbox 2288 5532 2442 5599; x_wconf 73' lang='lat' dir='ltr'><strong>ibid„</strong></span> <span class='ocrx_word' id='word_1_594' title='bbox 2483 5549 2602 5604; x_wconf 86' lang='lat' dir='ltr'><strong>cap.</strong></span> <span class='ocrx_word' id='word_1_595' title='bbox 2636 5534 2685 5588; x_wconf 80' lang='lat' dir='ltr'><strong>l.</strong></span> 
     </span>
    </p>
   </div>
  </div>
 </body>
</html>
