3725 6125
304 355 407 413 48¹1

1375 345 1714 431 Neussstus
1755 311 2134 401 ertscovus
2166 340 2553 398 finissemus,

1216 856 1958 955 EXPLICATIO
2030 856 2635 949 StGLARtJM

562 1132 644 1192 Et
671 1128 902 1191 notitia
944 1125 1308 1198 editionum,
1360 1121 1664 1195 codicum,
1693 1120 2051 1180 versionum
2077 1135 2150 1177 oe
2195 1114 2581 1197 reliquorum
2611 1130 2887 1192 operum,
2928 1130 3061 1193 qnoe
3086 1112 3155 1173 in
3192 1111 3308 1172 hae

1538 1294 1806 1356 editione
1844 1289 2131 1353 adhibita
2165 1295 2333 1351 sunt.

372 1689 498 1744 Ant.
557 1686 735 1742 Editio
781 1686 1191 1756 Autverpiensts
1239 1682 1365 1736 anni
1404 1681 1576 1748 1565,
1622 1681 1676 1737 8.
1731 1679 1883 1735 Hane
1908 1689 1959 1741 A
1988 1678 2254 1733 editiones
2285 1677 2336 1731 in
2379 1675 2634 1730 Anactorio
2671 1673 2905 1729 Ducaeno
2947 1672 3285 1729 Bibtioetiecae
3337 1673 3555 1731 Patr-nn:

300 1778 512 1838 curavit
544 1777 792 1833 Nicasius
814 1775 1124 1832 Ellebodius
1144 1814 1160 1839 ,
1188 1773 1530 1838 Casletanus,
1562 1772 1646 1827 vir
1675 1771 1878 1828 doetis-

303 1872 491 1935 simus‚
526 1869 617 1940 qui
657 1868 866 1937 primus
898 1866 1086 1923 Graeca
1123 1864 1290 1921 edidit
1329 1879 1396 1918 ex
1441 1864 1650 1918 duobus
1674 1861 1876 1918 codici·

303 1962 403 2017 bus
428 1976 490 2015 ac
522 1975 711 2015 novam
744 1960 1044 2013 versionem
1079 1959 1324 2013 Latinam
1352 1957 1567 2026 adjecit.
1610 1954 1686 2009 De
1724 1964 1875 2009 utro—

217 2114 220 2117 ,
301 2051 618 2124 que,eodice
640 2051 711 2104 ita
736 2050 896 2105 babet
921 2049 973 2103 iu
1003 2048 1316 2117 praefatione
1341 2067 1354 2103 ε
1378 2047 1548 2110 Μόλις
1569 2044 1701 2099 ποτὲ
1720 2044 1875 2098 δυσὶν

303 2144 630 2214 ἐνετύχομεν
653 2127 1028 2214 ἀντιγράφοις,
1060 2142 1154 2195 καὶ
1208 2139 1419 2205 τούτοις
1450 2141 1767 2212 ἀνηκέστως
1796 2138 1878 2194 δι-

300 2236 658 2308 εφθαρμένοις
682 2234 776 2289 καὶ
799 2234 1005 2306 μυρίων
1036 2233 1446 2305 ἁμαρτημάτων
1471 2232 1752 2303 γέμουσιν.
1780 2223 1877 2293 Οἷς

299 2326 717 2398 ἐπιμελέστερον
759 2323 1111 2388 ὲπιὸαλόντες
1137 2363 1152 2386 ,
1195 2324 1289 2377 καὶ
1325 2322 1435 2378 τῶν
1487 2324 1547 2375 ὲν
1593 2321 1877 2393 ἑκατέροις

298 2417 713 2490 ἁμαρτημάτων
759 2419 823 2470 ὲκ
860 2417 968 2469 τῶν
1021 2417 1152 2487 παρ’
1190 2415 1470 2486 ἑκατέροις
1509 2412 1684 2485 ὀρθῶς
1732 2413 1875 2483 ἔχειν

297 2505 593 2560 δοκούντων
619 2506 1180 2576 καταστοχασάμενοι,
1211 2506 1320 2557 κάκ
1344 2503 1454 2556 τῶν
1487 2503 1715 2557 ἐνόντων
1751 2503 1874 2555 ὲπι-

297 2597 687 2671 διορθώσαντες
707 2637 722 2661 ,
760 2596 1081 2668 ὑγιεστέραν
1126 2595 1277 2667 παρὰ
1306 2595 1442 2647 πολὺ
1469 2595 1569 2663 τῆς
1599 2593 1875 2666 προτέρας

298 2684 398 2757 τὴν
439 2682 818 2753 πραγματείαν
860 2681 1369 2753 παρεσκευάσαμεν.
1419 2681 1498 2735 Ex
1549 2682 1636 2737 his
1666 2681 1875 2735 duobus

303 2786 434 2843 ergo
464 2772 616 2825 vaide
642 2774 913 2841 corruptis
959 2773 1237 2827 codicibus
1264 2813 1279 2837 ,
1311 2780 1370 2827 ut
1411 2772 1527 2841 ipse
1567 2770 1870 2841 profitetur,

303 2861 604 2917 orationem
651 2860 895 2916 Graecam
949 2863 1156 2931 primus
1186 2863 1355 2918 edidit
1412 2876 1477 2917 ac
1511 2878 1612 2933 pro
1663 2863 1873 2917 viribus

302 2952 415 3007 suis
440 2951 736 3008 eottstituit.
783 2952 1162 3023 Discrepantes
1192 2953 1452 3009 iectiones
1491 2964 1693 3019 autem,
1728 2963 1875 3009 certe

303 3041 686 3108 notabifiores,
733 3045 964 3116 margini
996 3045 1250 3102 editionis
1288 3046 1502 3118 adjecit.
1534 3045 1740 3102 Novam
1776 3061 1871 3102 au·
1906 3068 1948 3122 B

305 3147 409 3190 tem
442 3137 750 3191 versionem
780 3135 1030 3192 Latinam
1062 3137 1289 3205 addidit,
1316 3138 1460 3208 quod
1491 3139 1668 3194 versio
1697 3138 1871 3194 Geor-

306 3228 379 3298 gii
416 3225 580 3282 vattae
608 3227 684 3300 (a)
730 3216 927 3284 minus⁴
949 3226 1003 3284 ei
1018 3226 1387 3299 piebebotun.
1429 3231 1595 3289 oeea
1620 3232 1872 3299 enimita
1913 3290 1922 3295 ,

301 3324 488 3373 censet
512 3316 564 3371 iu
587 3316 901 3386 praefatione
925 3335 940 3371 τ
978 3316 1041 3373 '0
1070 3317 1262 3393 πρώην
1284 3320 1347 3374 τὸ
1374 3319 1576 3392 βιῦλίον
1605 3319 1766 3375 τοῦτο
1792 3321 1873 3386 εἰς

300 3406 398 3480 τὴν
459 3408 747 3478 Ῥωμαίων
803 3409 1081 3462 διάλεκτον
1132 3413 1479 3481 μετενεγκεῖν
1539 3413 1870 3483 ἐγχειρήσας

300 3496 571 3569 Γεώργιος
604 3499 633 3550 ὀ
665 3498 895 3569 Βάλλης,
932 3499 992 3552 οὐ
1030 3501 1232 3570 μᾶλλον
1289 3501 1634 3572 ήρμήνευσεν
1671 3503 1703 3572 ἢ
1748 3520 1871 3555 συν-

300 3587 420 3657 έχεε
448 3589 542 3641 καὶ
565 3589 868 3660 κατῄσχυνε
903 3591 994 3644 τὸν
1011 3591 1317 3661 φιλόσοφον,
1342 3592 1464 3646 καθ’
1486 3593 1721 3663 ἑκάστην
1748 3611 1872 3664 σχε-

300 3677 387 3731 δὸν
418 3678 666 3749 περίοδον
691 3680 912 3751 τῆςρτοῦ
938 3682 1208 3753 Νεμεαίου
1241 3683 1481 3747 διανοίας
1515 3684 1866 3747 ἀποπίπτων,

301 3769 402 3822 κὰν
439 3772 547 3835 τοῖς
580 3771 1082 3841 κατημαξευμένοις
1113 3775 1347 3827 τουτοισὶ
1377 3775 1486 3826 τῶν
1509 3774 1706 3840 λέξεων
1736 3775 1870 3845 σχή-

304 3876 470 3929 μασιν
534 3862 624 3914 ὐπ’
675 3863 945 3932 ἀμαθείας
995 3867 1217 3934 γελοίως
1267 3849 1641 3919 ἀπαλλάττων.
1701 3864 1870 3934 liujus

300 3950 551 4002 editionis
587 3957 832 4021 exempla
879 3956 982 4008 vidi
1032 3956 1260 4024 duplicis
1300 3957 1544 4023 generis,
1601 3971 1719 4024 quae
1765 3957 1869 4011 ltoc

301 4037 418 4092 solo
466 4037 603 4092 inter
646 4057 703 4094 se
742 4041 1014 4108 dim-runt,
1059 4046 1199 4114 quod
1231 4047 1423 4114 pagina
1462 4047 1560 4101 181
1601 4045 1864 4115 exempla,

303 4136 362 4178 ut
399 4124 635 4194 videtur,
688 4131 837 4199 prius
882 4147 1157 4202 expressa,
1217 4144 1336 4205 post
1383 4137 1540 4189 finem
1596 4137 1860 4190 orationis

298 4214 500 4272 Graecae
545 4218 719 4274 solutu
753 4223 1062 4290 paginarum
1095 4225 1380 4289 custodem,
1426 4235 1483 4279 ut
1527 4237 1739 4290 vocant,
1769 4226 1866 4280 ba-

301 4304 459 4372 bent,
494 4306 742 4361 nimirum
790 4311 933 4364 bunc
978 4311 1023 4363 Μ
1067 4311 1209 4366 3.1n
1261 4315 1518 4384 exetnpiis
1565 4325 1739 4370 autetn
1767 4316 1866 4369 aii-

299 4391 618 4458 quantuium
667 4403 789 4461 post
834 4399 1143 4466 expressis,
1203 4401 1402 4456 omisso
1453 4403 1556 4458 isto
1603 4403 1859 4467 custode,

299 4478 555 4533 continuo
605 4493 725 4549 post
755 4486 1071 4541 vocabulum
1110 4487 1261 4553 τέλος
1301 4491 1467 4545 notati
1497 4500 1623 4547 sunt
1648 4507 1861 4548 errores

302 4569 611 4639 typothetae,
644 4588 780 4642 quos
800 4576 850 4631 in
881 4581 982 4633 bac
1012 4580 1246 4636 editione
1273 4582 1436 4637 tacite
1465 4584 1698 4636 correxi.

375 4701 654 4761 variantes
700 4708 956 4767 lectiones
1011 4716 1294 4784 utriusque
1338 4714 1542 4771 codicis
1588 4717 1672 4772 bio
1725 4717 1859 4772 infra

299 4790 440 4848 inter
462 4796 695 4864 reliquas
717 4802 894 4855 notavi
922 4803 1101 4857 addita
1132 4814 1256 4858 nota
1283 4807 1405 4858 Ant.

366 4926 446 4981 Ab
484 4927 586 4983 bae
629 4929 861 4985 editione
893 4947 1113 5004 prorsus
1166 4949 1269 4989 non
1308 4935 1564 4992 differunt
1617 4939 1859 5008 repetitae

368 5239 442 5309 (o)
481 5243 616 5295 Ante
646 5241 848 5295 Vanam
879 5242 1020 5298 bunc
1049 5244 1283 5298 {ibellum
1311 5244 1499 5300 Latine
1523 5247 1848 5315 iuterpreta-

297 5315 382 5359 tus
419 5310 590 5364 fuerat
618 5310 914 5366 Richardus
942 5314 1272 5382 Burgundi0,
1305 5315 1552 5381 Pisanus,
1589 5320 1676 5383 qui
1708 5331 1850 5370 atino

296 5375 434 5430 1191
467 5379 620 5441 obiit,
656 5392 708 5433 et
734 5381 970 5437 Joaunes
998 5384 1148 5437 Cotto
1194 5382 1680 5454 Norimbergensis·
1722 5386 1852 5440 Vide

294 5443 509 5502 Fabric.
558 5449 699 5503 Bibl.
728 5448 821 5506 Gr.
849 5453 955 5506 vol.
989 5454 1103 5515 vii,
1150 5469 1199 5522 p.
1246 5453 1370 5516 550.
1403 5463 1457 5508 et
1486 5469 1538 5523 p.
1573 5456 1707 5518 6473
1744 5456 1848 5510 voi.

295 5512 428 5581 Vnt,
458 5532 512 5586 p.
543 5517 664 5582 161,
697 5530 750 5571 et
777 5535 836 5573 ea
861 5537 979 5590 quae
1006 5523 1141 5576 infra
1173 5526 1376 5579 monui.
1401 5523 1695 5593 Utramque
1727 5540 1851 5578 ver·

299 5585 511 5642 sionem
547 5588 851 5644 Ellebodius
880 5593 1090 5647 videtur
1114 5593 1409 5664 ignorasse.
1457 5594 1852 5663 Burgundionis

295 5657 499 5724 versio,
529 5665 586 5713 ut
627 5659 882 5726 arbitror,
930 5677 1201 5732 nunquam
1236 5663 1425 5720 formis
1463 5664 1867 5736 typographicis

1984 1771 2168 1837 Paria,
2215 1768 2377 1834 1691,
2415 1778 2456 1824 t.
2502 1766 2567 1834 11,
2615 1783 2668 1838 p.
2718 1765 2820 1822 166
2864 1781 2984 1837 sqq.
3035 1778 3089 1823 et
3132 1768 3184 1823 in
3234 1766 3557 1823 Bibliotheca

1990 1861 2219 1918 Petrum
2250 1862 2582 1928 metelliana,
2612 1859 2787 1925 Paris,
2815 1858 2973 1925 1611,
3007 1869 3044 1914 ι.
3078 1859 3191 1924 xn,
3220 1875 3273 1932 p.
3304 1860 3410 1915 708
3434 1876 3553 1932 sqq.

2071 2000 2175 2055 Ox.
2224 1999 2401 2055 Editio
2451 1996 2781 2054 oxoniensis
2830 2010 2862 2049 e
2928 1995 3138 2051 theatro
3195 1994 3558 2051 Sbeidoniano

1982 2091 2141 2157 1671,
2172 2091 2227 2147 8.
2260 2089 2429 2160 liujus
2460 2091 2659 2155 editor,
2687 2103 2847 2159 quem
2876 2087 3160 2143 Fabricius
3192 2097 3350 2157 putat
3394 2087 3557 2144 fuisse

1981 2182 2242 2240 loannem
2274 2182 2505 2246 Felium.
2537 2182 2847 2252 episcopum
2872 2178 3256 2245 Oxoniensem,
3294 2182 3561 2251 expressit

1977 2272 2267 2328 editionem
2285 2270 2565 2336 Ettebodii‚
2579 2269 2985 2341 paucissimisin
3000 2279 3171 2335 textu,
3192 2272 3353 2326 modo
3376 2273 3554 2336 tacite,

1978 2365 2137 2419 modo
2174 2364 2421 2420 codicum
2459 2363 2784 2418 auctoritate
2830 2361 3068 2418 mutatis.
3118 2360 3220 2428 Qui
3268 2362 3556 2419 contulerit

1979 2454 2117 2510 banc
2152 2455 2441 2510 editionem
2476 2470 2506 2509 a
2532 2454 2723 2524 pagina
2754 2451 2844 2517 82,
2869 2463 2921 2507 et
2958 2452 3220 2509 Enebodii
3243 2468 3348 2523 ap.
3380 2454 3469 2518 5⁰,
3506 2456 3553 2507 is

1979 2545 2243 2612 inveniet,
2271 2545 2495 2616 paginas
2529 2545 2809 2615 utriusque
2833 2543 3090 2600 editionis
3120 2545 3189 2600 ab
3214 2543 3450 2600 hocloco
3483 2547 3550 2597 ad

1982 2634 2143 2689 tinem
2166 2635 2462 2691 convenire
2489 2636 2657 2691 etiam
2686 2637 2740 2691 in
2767 2652 2992 2692 numero
3017 2636 3425 2694 vocabulorum.
3452 2634 3557 2690 Va-

1980 2724 2184 2780 riantes
2234 2725 2498 2782 lectiones
2540 2724 2794 2781 editionis
2865 2726 3277 2796 Antverpiensis
3328 2741 3551 2796 prorsus

1977 2815 2237 2886 neglexit,
2268 2818 2411 2887 quod
2438 2833 2547 2873 non
2586 2818 2815 2874 debebat
2841 2818 2978 2873 fieri.
3015 2819 3136 2888 lpse
3163 2818 3301 2874 duos
3336 2819 3555 2876 codices

1976 2902 2310 2962 oxonienses
2347 2907 2626 2974 adhibuit,
2658 2922 2796 2977 quos
2827 2918 3006 2962 tamen
3038 2907 3208 2963 octies
3225 2908 3306 2981 (b)
3339 2908 3513 2965 seium
3537 2951 3554 2975 ,

1975 2996 2133 3066 quasi
2163 2997 2359 3065 obiter,
2384 2998 2645 3054 laudavit.
2703 2998 3015 3055 Versionem
3049 2998 3303 3055 Latinam
3335 3000 3548 3057 Eiiebo-

1981 3088 2051 3143 dii
2080 3087 2323 3158 pluribus
2360 3090 2414 3145 in
2446 3090 2582 3146 locis
2612 3106 2676 3146 ac
2703 3091 3021 3165 plerumque
3050 3102 3256 3149 temere
3287 3097 3547 3162 mutavit,

1975 3194 2079 3234 uec
2124 3194 2187 3234 ea
2226 3181 2293 3235 de
2331 3195 2391 3236 re
2423 3180 2660 3237 lectores
2704 3184 3004 3240 admonuit.
3047 3184 3320 3241 Praeterea
3350 3188 3403 3242 in
3448 3188 3552 3243 fine

1939 3256 2470 3329 -antniiiioversiones
2505 3273 2802 3353 *nonnullas
2844 3276 3077 3347 adjecit,
3111 3277 3164 3331 in
3206 3280 3402 3347 quibus
3431 3279 3538 3333 fere

1974 3361 2180 3415 notavit
2226 3352 2478 3418 auctores
2521 3379 2553 3418 a
2605 3353 2867 3422 ‘Nemmio
2923 3368 3192 3455 laudatos.
3248 3371 3527 3451 Singularis

1976 3452 2154 3505 omnia
2186 3451 2345 3522 bujus
2379 3453 2631 3509 editionis
2663 3456 2776 3511 suis
2806 3456 2937 3513 loeis
2970 3451 3463 3516 indicavih'htis.

2041 3585 2112 3640 D.
2155 3586 2207 3641 1.
2247 3586 2430 3643 Codex
2457 3589 2773 3646 Dresdensis
2797 3592 3137 3648 bibliothecae
3158 3591 3455 3649 Eiectoraiis
3475 3591 3528 3645 1.

1972 3676 2127 3731 Hune
2150 3691 2249 3746 ego
2286 3678 2371 3733 bis
2397 3681 2702 3735 examinavi
2751 3683 2815 3736 ad
2854 3685 3148 3740 editionem
3181 3684 3529 3752 Antverpien-

1972 3782 2084 3822 sem
2120 3776 2175 3823 et
2208 3768 2593 3827 oxoniensem.
2643 3772 2741 3826 Est
2791 3774 3235 3831 membranaceus
3282 3791 3405 3830 saec.
3438 3791 3538 3829 ιιι.

1973 3868 2032 3910 ut
2054 3858 2306 3912 arbitror.
2344 3858 2515 3915 Habet
2547 3861 2673 3915 folia
2706 3863 2849 3915 iii-4·
2872 3865 2960 3928 81,
3005 3880 3123 3929 scu,
3163 3867 3545 3932 quaterniones

1971 3946 2156 4002 decem
2185 3957 2239 4002 et
2272 3964 2435 4002 unum
2487 3951 2696 4005 folium.
2761 3953 2864 4008 Sed
2913 3956 3199 4022 quaternio
3239 3959 3429 4010 tertius
3457 3965 3539 4009 te-

1971 4053 2117 4092 mere
2147 4039 2355 4094 insutus
2382 4051 2463 4095 est
2508 4051 2626 4109 post
2681 4046 2969 4103 decimum.
3023 4045 3078 4098 in
3106 4049 3347 4101 secundo
3375 4048 3531 4101 etiam

1969 4127 2173 4181 dissuta
2212 4138 2334 4181 sunt
2365 4127 2509 4182 foiia.
2540 4128 2594 4182 ln
2624 4131 2722 4185 boc
2747 4146 2775 4183 a
2800 4147 2956 4185 matut
2977 4133 3262 4188 recentiori
3286 4135 3538 4204 scriptum

1967 4226 2082 4271 est:
2117 4214 2203 4269 Ea:
2230 4216 2535 4277 bibliotheca
2588 4219 2969 4275 Loesclteriana
3002 4222 3223 4277 Clodius
3268 4240 3539 4293 comparo·

1968 4308 2034 4360 vit
2057 4323 2076 4372 ,·
2105 4307 2170 4362 nb
2199 4308 2301 4361 alia
2354 4325 2511 4362 {nanu
2554 4329 2568 4362 ε
2624 4310 2859 4365 Nemesit'
2905 4312 3132 4381 episcopi
3171 4305 3449 4369 Tractatum
3479 4316 3538 4367 de

1968 4399 2164 4453 anima.
2200 4398 2349 4452 Liber
2375 4401 2521 4453 bona.»
2540 4412 2675 4455 notoe
2697 4417 2758 4455 oc
2779 4419 3057 4456 urniorum.
3107 4404 3237 4456 item
3263 4404 3314 4457 in
3352 4405 3533 4458 charta

1967 4489 2256 4557 separatim
2286 4490 2493 4558 adjecta
2519 4490 2748 4561 iegitur:
2788 4491 2869 4545 Ex
2895 4493 3203 4547 bibliotheca
3241 4493 3536 4547 Seidelinnn

1969 4576 2146 4630 Berol.
2180 4578 2394 4633 redemit
2419 4578 2483 4633 V.
2508 4580 2572 4634 E.
2606 4581 2923 4638 Loescherus
2953 4583 3018 4638 D.
3050 4584 3539 4639 constatStbaleris

1969 4666 2038 4721 18
2098 4670 2320 4736 grossis.
2352 4669 2428 4723 Ex
2463 4671 2549 4725 bis
2605 4689 2733 4742 ergo
2799 4687 3043 4739 constat,
3102 4679 3243 4730 bunc
3292 4678 3533 4731 codicem

1968 4759 2144 4828 primo
2165 4771 2401 4829 emptum
2435 4777 2555 4817 esse
2589 4778 2655 4818 ex
2692 4765 3015 4819 bibiiotbeea
3062 4766 3280 4820 Seideiii
3334 4766 3537 4821 Beron-

1968 4848 2149 4902 nensis
2162 4848 2476 4906 aVaieutiuo
2498 4852 2726 4909 Ernesto
2742 4853 3537 4923 Loesciteru,superintendente

1966 4938 2237 5007 quondam
2283 4941 2594 5009 Dresdensi,
2655 4946 2849 5000 deinde
2900 4961 2963 5000 ex
3026 4947 3349 5003 bibliotheca
3403 4949 3534 5003 Loe-

1923 5248 2046 5304 fuit
2077 5265 2355 5321 expressa,
2391 5255 2823 5326 Burgundionem
2865 5270 3045 5316 autem
3089 5263 3278 5319 Graeca
3316 5270 3537 5323 verbum

1946 5321 2098 5374 verbo
2132 5322 2421 5378 reddidisse
2467 5339 2621 5396 atque
2655 5331 2832 5383 omnin
2865 5331 3105 5385 barbaris
3133 5336 3410 5390 vocabulis
3443 5341 3536 5391 ob-

1946 5404 2186 5444 scut-aue
2209 5408 2282 5445 -ac
2315 5393 2536 5461 [oedasse
2560 5436 2574 5460 ,
2605 5410 2795 5452 auctor
2826 5411 2908 5455 est
2940 5401 3089 5456 Cono
3122 5405 3172 5457 in
3211 5408 3533 5474 praefatione

1948 5459 2015 5512 ad
2051 5475 2203 5514 suam
2231 5465 2527 5518 versionem
2556 5467 2827 5525 Latinam.

1990 5527 2097 5609 .(’·)
2134 5530 2262 5583 Eam
2293 5532 2362 5586 ob
2394 5548 2615 5589 causam
2650 5555 2707 5594 se
2737 5551 2957 5594 excusat
2999 5541 3050 5592 in
3084 5543 3402 5611 praefatione
3432 5561 3525 5614 pa-

1952 5613 2077 5668 gtnt
2112 5600 2407 5669 penultima
2437 5620 2449 5655 :
2493 5605 2546 5658 fs
2575 5618 2713 5662 certe
2737 5621 2848 5663 erat
2884 5620 3070 5664 unctor
3096 5623 3294 5678 noster,
3322 5624 3433 5670 ete.
