3725 6125
256 298 399 361 {lis

1344 293 1401 348 S.
1443 292 1645 349 183¹AE
1686 294 1981 355 Antm'rts
2017 297 2427 355 OttA‘rloNES.

3379 308 3506 364 lii!

250 414 391 488 qnod
436 413 538 482 ipsi
575 406 857 475 dixerint,
898 424 1019 481 age.
1051 408 1107 466 lu
1140 412 1225 465 via
1265 421 1449 475 autem
1479 429 1545 469 ne
1587 413 1682 469 tibi
1723 414 1836 484 ipsc
1863 417 1909 475 Α
1940 416 2251 474 misericors
2289 426 2371 472 cst
2418 417 2560 472 enim
2626 419 2678 471 in
2733 417 3015 474 bominum
3067 419 3398 476 infirmitate.
3451 424 3507 477 St

249 521 471 579 parcas,
496 502 723 559 servilia
758 516 1020 572 respuens
1047 504 1370 561 ministeria.
1405 503 1640 573 Peregre
1674 506 1836 574 proti-

250 603 487 658 c'scens.
512 595 558 652 si
596 595 740 663 apud
771 594 996 648 fratrem
1035 594 1307 653 divertere
1354 597 1623 663 volueris,
1652 606 1707 653 et
1746 597 1835 653 ille

251 689 484 759 bospitio
521 697 573 742 te
616 685 900 755 suscipere
941 687 1231 753 recusarit,
1266 696 1321 744 et
1362 687 1409 742 is
1444 698 1627 758 postca
1665 688 1744 744 vel
1779 690 1833 743 in

253 784 339 836 via
372 779 469 836 tibi
509 778 697 834 obvius
742 776 946 844 suerit,
988 777 1074 834 xel
1104 777 1171 832 ad
1208 787 1259 833 te
1302 779 1586 836 diverterit
1632 782 1836 850 impru-

226 934 231 940 ,
259 876 411 939 dens,
433 887 553 929 eum
576 869 868 938 benignius
896 869 1293 941 humaniusque
1314 881 1563 928 tractato.
1593 872 1649 927 Si
1672 888 1834 943 quem

225 945 234 960 ¹
262 962 353 1017 tibi
386 960 662 1030 acceperis
693 959 1022 1025 detraxisse,
1053 969 1108 1017 et
1148 962 1331 1032 aliquo
1368 964 1419 1017 in
1463 962 1584 1020 loco
1613 979 1836 1035 congre-

258 1051 471 1111 diamini
499 1092 515 1118 ,
547 1050 631 1105 vel
668 1051 735 1105 ad
782 1061 835 1107 te
871 1051 985 1120 ipse
1011 1052 1319 1119 diverterit,
1347 1053 1575 1110 hilarem
1597 1064 1652 1110 et
1677 1056 1834 1112 beni-

249 1158 409 1213 gnum
454 1142 530 1198 illi
558 1158 657 1214 pro
692 1143 903 1198 viribus
931 1144 1136 1199 vultum
1164 1146 1411 1211 ostende,
1445 1162 1618 1217 neque
1645 1145 1753 1212 illa,
1785 1147 1832 1202 si

251 1234 557 1300 audivisti,
605 1248 1043 1294 commemorans
1087 1251 1307 1306 quaere,
1355 1251 1455 1292 cur
1498 1238 1574 1292 ita
1622 1239 1833 1295 locutus

252 1327 324 1381 sit
357 1344 373 1383 ε
420 1341 546 1380 nam
596 1336 654 1381 ιιι
694 1327 746 1380 iu
785 1325 1096 1383 Proverbiis
1134 1328 1393 1398 scriptum
1421 1338 1549 1384 cst:
1598 1329 1700 1394 Qui
1728 1347 1835 1385 nte-

257 1434 373 1473 mor
413 1429 487 1471 est
513 1419 855 1488 injuriarum,
887 1418 1100 1488 iniquus
1124 1429 1201 1474 ert
1245 1421 1310 1474 ¹¹.
1343 1420 1400 1474 Si
1429 1420 1628 1476 fratres
1669 1422 1830 1485 estis,

257 1518 313 1564 et
341 1525 565 1581 peregre
596 1510 1004 1580 proficiscentes
1054 1511 1121 1565 ad
1180 1509 1402 1565 fratrem
1437 1525 1729 1580 pauperem
1758 1511 1836 1567 di-

264 1599 510 1663 vertitis,
557 1615 624 1656 ne
670 1598 921 1680 affligatis
962 1616 1086 1655 cum
1134 1600 1295 1668 rebus
1340 1601 1694 1662 necessariis,
1738 1599 1834 1654 sed

261 1707 352 1747 eas
381 1691 532 1747 vobis
564 1691 748 1756 emite,
770 1701 831 1747 ut
852 1691 903 1747 ei
929 1706 1145 1762 qnoque
1173 1692 1307 1748 satis
1332 1692 1462 1754 sint,
1494 1691 1834 1761 hospitioque

260 1799 325 1840 ac
377 1793 518 1840 tecto
556 1784 797 1851 contenti
837 1795 1012 1841 estote
1046 1786 1190 1856 qnod
1235 1785 1541 1840 invenistis.
1578 1782 1634 1838 Si
1676 1800 1834 1840 sent-s

260 1877 464 1947 aliquos
505 1875 599 1932 tibi
639 1887 792 1931 notos
827 1876 1112 1945 inviseris,
1161 1886 1217 1932 et
1261 1886 1440 1933 tecum
1487 1876 1692 1932 suerint
1742 1879 1833 1935 alii

258 1961 476 2029 zebinus
518 1970 724 2047 ignoti,
770 1984 839 2026 ne
888 1969 1217 2039 colloquaris
1268 1981 1321 2024 ιιι
1364 1985 1484 2026 cum
1526 1969 1745 2026 senibus
1780 1972 1832 2026 in

259 2070 544 2131 conspectu
584 2062 860 2132 ipsorum,
893 2062 991 2116 sed
1029 2061 1182 2116 sinas
1219 2076 1315 2116 eos
1350 2059 1514 2131 loqui.
1546 2060 1602 2117 Si
1635 2060 1833 2118 iratres

260 2159 434 2208 tecum
452 2151 714 2220 habitam,
736 2166 925 2209 eorum
949 2165 1136 2209 curam
1158 2167 1286 2221 gere
1309 2151 1622 2222 diligenter,
1650 2154 1831 2210 sciens

261 2255 312 2304 tc
340 2258 439 2313 pro
473 2244 611 2313 ipsis
645 2246 752 2301 Deo
797 2246 1061 2301 rationem
1107 2244 1471 2301 redditurum.
1513 2245 1570 2301 Si
1606 2256 1827 2317 propter

261 2334 427 2391 Deum
487 2336 719 2406 aliquem
756 2339 811 2392 in
864 2336 1041 2392 locum
1076 2338 1373 2393 secesseris
1395 2377 1412 2405 ,
1453 2353 1521 2395 ne
1559 2354 1829 2395 commer-

255 2424 394 2485 cium
444 2423 597 2486 ineas
626 2439 747 2484 cum
778 2425 972 2482 incolis
1003 2426 1149 2482 illius
1185 2427 1285 2483 loci
1308 2466 1328 2495 ,
1377 2443 1515 2485 neve
1563 2443 1685 2484 cum
1724 2430 1830 2486 illis

248 2531 529 2573 sermones
557 2517 843 2586 conl'eras3
877 2520 1058 2576 satius
1084 2520 1229 2575 enim
1269 2520 1410 2577 sorte
1456 2521 1528 2577 sit
1573 2522 1666 2578 tibi
1702 2537 1827 2580 cum

244 2604 349 2668 illis
398 2621 518 2662 esse
572 2607 661 2673 qui
708 2609 973 2686 sangnine
1006 2611 1101 2666 tibi
1149 2611 1424 2682 conjuncti
1475 2620 1622 2668 sunt.
1674 2613 1731 2670 Si
1772 2616 1825 2671 in

245 2705 482 2751 montem
515 2698 852 2765 ascenderis,
892 2709 950 2755 ut
990 2702 1180 2759 tratres
1213 2702 1265 2756 in
1299 2704 1644 2759 monasteriis
1685 2704 1825 2760 inri-

248 2803 358 2853 sas,
392 2788 535 2862 apud
568 2804 728 2860 quem
768 2791 1051 2852 diverteris
1073 2808 1312 2858 maneaS,
1351 2810 1525 2865 neque
1555 2798 1622 2851 ad
1660 2796 1823 2852 alium

252 2877 521 2947 discedas,
562 2880 665 2935 uisi
693 2881 841 2948 prius
868 2896 1020 2954 roges
1047 2899 1194 2947 enm,
1225 2893 1404 2939 utrum
1449 2886 1578 2942 velit
1601 2904 1670 2945 an
1693 2903 1823 2946 non.

253 2973 402 3040 Quod
440 2973 485 3027 si
513 2973 779 3042 noluerit,
811 2989 878 3032 ne
909 2967 1189 3047 relinquas‘
1208 2976 1354 3030 illum
1376 3018 1393 3045 ,
1426 2978 1530 3043 nisi
1571 2993 1693 3033 cnm
1731 2980 1824 3036 tibi

1938 524 2100 562 vacas
2125 508 2530 574 exercitationi,
2565 522 2626 562 en
2658 522 2754 563 cot·
2794 519 2940 563 tuum
2973 524 3041 565 ne
3069 510 3329 565 innitatur
3351 520 3510 583 atque

1938 597 2205 661 cnutidat,
2239 598 2331 652 sed
2376 597 2690 667 cogitationi
2728 606 2832 652 tute
2864 596 3012 654 dicas
3034 637 3052 665 ,
3088 598 3232 655 Deus
3268 617 3364 671 per
3391 617 3510 656 cor·

1937 689 2085 757 poris
2116 688 2457 744 afflictionem
2504 690 2687 744 audiet
2733 680 3006 746 miseriam
3052 707 3248 748 meam.
3291 694 3349 749 Si
3390 695 3511 765 quis

1939 763 2265 835 te'affecerit
2300 780 2621 836 contumelia
2647 819 2662 846 ,
2697 796 2765 836 ue
2805 782 3136 852 respondeas
3162 784 3273 849 illi,
3303 787 3396 841 sed
3432 796 3511 842 ta·

1937 869 2077 926 citus
2102 880 2274 925 tecum
2308 872 2421 940 ipse
2449 872 2728 926 considera
2751 912 2767 936 ,
2796 886 2863 926 an
2891 887 3018 927 vera
3046 874 3159 928 sint
3180 890 3300 946 quae
3325 878 3506 944 andis;

1936 972 1992 1017 et
2023 963 2067 1018 si
2098 977 2223 1027 vera
2252 973 2376 1018 suut
2398 1005 2414 1029 ,
2445 964 2816 1033 poenitentiam
2842 978 2940 1033 age
2965 1003 2980 1027 ,
3008 973 3064 1020 et
3111 964 3252 1021 Dens
3284 968 3509 1023 miserc-

1935 1054 2083 1109 bitur
2119 1055 2219 1112 tui.
2267 1054 2323 1110 Si
2370 1071 2493 1110 cum
2541 1053 2797 1110 fratribus
2842 1054 2946 1110 iter
2996 1053 3230 1124 iaciens,
3275 1057 3507 1128 aliquem

1936 1146 2079 1202 inter
2126 1162 2219 1202 eos
2249 1157 2442 1202 nactus
2486 1146 2692 1213 fueris,
2736 1161 2894 1216 quem
2940 1149 2993 1202 in
3037 1146 3146 1203 Deo
3176 1148 3406 1221 diligas,
3443 1166 3510 1206 ne

1936 1237 2160 1294 liberius
2188 1254 2309 1294 cnm
2352 1239 2443 1293 illo
2473 1238 2690 1295 caeteris
2734 1238 3041 1295 videntibus
3071 1240 3421 1312 colloquaris,
3443 1257 3510 1298 ne

1934 1323 2076 1379 sorte
2103 1326 2175 1380 sit
2205 1326 2346 1383 inter
2368 1329 2513 1398 ipsos
2548 1330 2793 1387 intirmus
2817 1333 3085 1403 quispiam
3115 1334 3205 1403 qui
3244 1334 3359 1390 zelo
3394 1348 3513 1389 mo-

1936 1417 2146 1485 riatur;
2188 1428 2243 1474 ct
2275 1429 2331 1474 tu
2380 1432 2660 1489 peccatum
2698 1422 2816 1492 eius
2854 1425 3144 1489 sustineas,
3175 1426 3426 1496 quoniam
3456 1427 3506 1482 ei

1936 1507 2196 1576 peccandi
2239 1510 2580 1566 occasionem
2615 1511 2879 1567 obtulisti.
2913 1512 3046 1568 Cum
3079 1514 3146 1568 ad
3179 1512 3388 1583 aliquos
3424 1514 3507 1570 di-

1936 1601 2124 1674 vertis,
2152 1616 2218 1657 ne
2247 1614 2527 1674 exspectes
2550 1644 2568 1671 ,
2601 1615 2659 1659 ιιι
2689 1605 2757 1661 ab
2794 1605 2898 1661 illis
2944 1622 3067 1662 eutr.
3108 1608 3305 1676 gaudio
3335 1609 3510 1665 susci-

1937 1693 2133 1763 piaris;
2162 1702 2218 1747 at
2245 1694 2290 1747 si
2326 1703 2377 1749 te
2419 1696 2781 1765 susceperint,
2809 1697 2917 1754 Deo
2954 1699 3155 1767 gratias
3182 1714 3330 1769 agas.
3365 1699 3422 1755 Si
3455 1709 3514 1756 te

1940 1782 1991 1835 in
2021 1782 2149 1838 cella
2178 1784 2346 1853 quieti
2383 1796 2664 1841 vacantem
2697 1791 2915 1843 morbus
2954 1791 3243 1855 invaserit,
3275 1805 3342 1846 ue
3372 1805 3505 1845 con-

1936 1872 2083 1927 cidas
2112 1875 2320 1939 animo,
2365 1875 2458 1928 scd
2500 1889 2598 1944 age
2622 1877 2825 1945 gratias
2871 1876 2999 1934 Deo.
3049 1879 3104 1934 Si
3149 1895 3243 1936 cor
3271 1879 3510 1935 senseris

1935 1973 2374 2033 consternatum,
2422 1966 2509 2022 dic
2556 1967 2630 2022 illi
2660 1987 2673 2023 :
2708 1967 2897 2025 Nonne
2946 1973 3169 2028 morbus
3215 1973 3304 2028 bic
3341 1973 3506 2030 levior

1937 2057 2031 2112 tibi
2065 2067 2148 2112 est
2179 2072 2337 2127 quam
2387 2058 2649 2128 gebenna,
2685 2060 2738 2115 in
2769 2077 2953 2131 quam,
2997 2065 3099 2120 nisi
3146 2075 3196 2120 te
3243 2068 3505 2137 patienter

1934 2157 2353 2220 constanterque
2368 2153 2531 2222 geris,
2552 2153 2837 2210 introibis?
2862 2163 3023 2226 atque
3050 2158 3121 2212 ita
3140 2161 3510 2229 conquiescet.

1935 2240 1992 2296 Si
2022 2242 2160 2311 apud
2190 2240 2385 2298 fratres
2412 2243 2714 2312 diverteris,
2745 2254 2799 2302 et
2827 2261 3013 2303 eorum
3046 2248 3243 2320 aliquis
3265 2251 3503 2308 dixerit:

1934 2330 2033 2387 llic
2057 2347 2156 2404 ego
2186 2334 2421 2403 quietem
2454 2351 2557 2390 non
2589 2337 2817 2407 reperio,
2852 2339 3101 2396 babitare
3137 2352 3313 2398 tecum
3346 2343 3508 2412 volo;

1934 2431 1987 2476 tn
2021 2423 2072 2477 id
2110 2424 2158 2478 ei
2195 2439 2262 2479 ue
2297 2423 2643 2494 permiseris,
2682 2441 2749 2482 ne
2784 2428 3003 2499 reliquis
3042 2431 3120 2487 sis
3158 2419 3501 2490 offendiculo.

1933 2512 2029 2569 Sin
2068 2513 2307 2569 dixerit:
2341 2513 2422 2570 Ob
2451 2529 2562 2570 rem
2590 2517 2854 2573 occultam
2888 2521 3115 2577 moritur
3146 2522 3325 2578 auima
3362 2538 3506 2591 mea,

1928 2603 1976 2658 ei
2000 2603 2066 2657 da
2096 2602 2305 2671 locum,
2340 2613 2397 2658 ut
2429 2604 2783 2674 iude.abeat;
2811 2607 2903 2664 sed
2930 2610 3073 2680 apud
3105 2619 3158 2667 te
3183 2615 3405 2670 manere
3435 2630 3503 2672 ue

1930 2696 2237 2768 permittas.

2000 2786 2085 2843 tV.
2125 2787 2258 2844 Cum
2292 2791 2344 2843 in
2374 2788 2507 2844 cella
2540 2799 2625 2845 tna
2657 2791 2892 2861 quietem
2928 2799 2983 2847 et
3022 2792 3296 2852 silentium
3335 2795 3496 2864 colis,

1929 2879 1982 2934 in
2026 2880 2146 2935 cibo
2193 2881 2408 2935 modum
2460 2880 2694 2952 aliquem
2731 2897 2926 2948 serva,
2966 2894 3024 2940 ut
3074 2900 3272 2955 corpus
3308 2888 3502 2945 babeat

1929 2988 2051 3044 quae
2093 2974 2403 3029 necessaria
2439 2985 2600 3041 sunt,
2632 2985 2686 3030 et
2734 2977 2804 3030 ibi
2844 2977 2896 3030 in
2932 2976 3117 3032 divino
3147 2977 3294 3034 cultu
3332 2983 3504 3049 possit

252 3077 335 3122 est
370 3066 699 3125 abeundum.
723 3066 780 3123 Si
820 3069 1012 3124 cellam
1049 3072 1111 3123 in
1134 3085 1239 3139 qua
1278 3070 1468 3137 degas,
1507 3074 1782 3142 acceperis
1803 3115 1820 3139 ,
1851 3100 1899 3161 c
1932 3070 2217 3127 inservire.
2272 3070 2415 3126 Nihil
2449 3081 2661 3138 autem,
2688 3087 2785 3128 seu
2814 3073 3012 3128 bonum
3044 3086 3139 3129 seu
3170 3073 3368 3128 malum
3408 3076 3503 3141 sit,

252 3156 446 3214 multos
481 3159 571 3216 tibi
602 3160 811 3218 amicos
841 3174 910 3221 ne
964 3161 1256 3222 asciveris,
1302 3177 1440 3218 uuus
1473 3163 1565 3218 tibi
1597 3164 1665 3219 sit
1692 3170 1827 3225 satis

248 3260 466 3322 propter
505 3252 874 3309 infirmitatem
897 3292 919 3319 ,
949 3260 1005 3308 et
1040 3266 1327 3313 successus
1369 3254 1441 3308 tui
1483 3254 1718 3312 fructum
1760 3273 1831 3323 ue

244 3342 482 3397 amittas.
1102 3340 1113 3345 ’

316 3433 404 3489 tn.
446 3433 508 3486 Si
563 3433 792 3500 pauperi
842 3422 1211 3503 benefeceris,
1258 3449 1324 3491 ne
1368 3451 1531 3494 voces
1575 3436 1719 3493 illum
1761 3440 1827 3496 ad

248 3541 415 3591 opus,
448 3537 518 3575 ne
551 3521 871 3575 beneficium
900 3522 1090 3592 perdas
1115 3529 1254 3596 quod
1285 3530 1337 3585 in
1372 3545 1494 3585 eum
1527 3532 1827 3588 contulisti.

259 3615 319 3667 Si
354 3614 407 3665 in
445 3611 833 3667 monasterium
866 3613 959 3669 tibi
996 3614 1232 3686 ignotum
1269 3621 1561 3688 introieris,
1606 3623 1695 3678 ubi
1728 3625 1824 3681 tibi

262 3718 486 3759 manere
531 3703 897 3772 permutatum
932 3705 1007 3763 ibi
1053 3723 1211 3766 mane
1243 3728 1418 3783 neque
1445 3714 1605 3770 aliam
1637 3717 1690 3771 in
1723 3719 1832 3772 cel-

262 3794 367 3846 lam
403 3793 682 3864 ingredere
702 3833 718 3858 ,
744 3793 845 3849 nisi
879 3809 1092 3851 accersa
1105 3797 1199 3852 ris.
1250 3799 1307 3854 Si
1338 3802 1668 3872 propinquos
1697 3804 1826 3859 reli·

260 3884 459 3954 quisti,
489 3894 548 3939 ιιι
584 3896 800 3955 propter
838 3886 1002 3942 Deum
1040 3887 1094 3944 iu
1136 3890 1425 3947 solitudine
1455 3894 1709 3964 degeres,
1739 3909 1830 3952 eo·

261 3993 379 4032 rum
420 3988 469 4031 te
503 3975 773 4033 desiderio
797 3980 912 4048 capi
943 3994 1012 4036 ne
1039 3982 1375 4052 permiseris.
1422 3983 1478 4039 Si
1514 3993 1566 4039 tc
1607 3988 1658 4040 in
1697 3985 1822 4041 cella

256 4079 680 4125 commorantem
710 4071 876 4140 patris
918 4081 1009 4126 aut
1046 4074 1237 4128 matris
1283 4078 1687 4132 commiseratio
1727 4080 1830 4134 sti·-

252 4160 563 4226 utnlarerit,
599 4171 692 4214 aut
716 4159 898 4218 fratris
930 4163 1207 4219 sororisvc
1246 4166 1568 4233 recordatio,
1602 4179 1694 4222 aut
1731 4171 1831 4224 mi-

248 4251 548 4308 scricordia
576 4251 830 4318 tiliorum,
854 4261 947 4308 aut
971 4255 1159 4309 uxoris
1188 4255 1555 4335 desiderium-3
1583 4258 1676 4314 tibi
1703 4270 1829 4316 aitte

248 4342 441 4399 oculos
484 4357 621 4412 pone
661 4352 964 4399 extremum
997 4345 1126 4400 vitae'
1162 4345 1305 4400 diem
1335 4358 1496 4418 atque
1523 4347 1744 4420 judicii,
1776 4351 1826 4403 in

1930 3161 2154 3216 comede
2210 3176 2331 3216 cum
2378 3161 2735 3218 delectatione
2766 3173 2822 3218 et
2865 3171 3053 3234 gustus
3098 3161 3391 3234 voluptate.
3445 3162 3501 3220 Si

1933 3253 2225 3309 necessitas
2250 3261 2429 3321 coget,
2459 3251 2655 3309 tratres
2684 3264 2778 3309 aut
2800 3254 3107 3310 coenobium
3138 3254 3364 3319 invisas,
3386 3270 3499 3312 cor·

1930 3342 2047 3412 pori
2099 3351 2192 3398 tuo
2239 3340 2370 3398 nibil
2415 3342 2560 3412 quod
2592 3344 2641 3398 ei
2682 3341 2978 3412 jucundum
3042 3345 3114 3399 sit
3183 3346 3391 3402 tribuas
3441 3348 3501 3401 ad

1930 3433 2294 3497 saturitatem,
2322 3443 2381 3487 ut
2407 3432 2660 3487 libentius
2683 3431 2748 3486 ad
2775 3432 3023 3487 cellulam
3050 3443 3371 3503 revertatur,
3405 3452 3504 3493 nec

1932 3532 1983 3580 te
2017 3525 2227 3594 prodat.
2272 3525 2327 3579 Si
2364 3527 2637 3579 daemones
2677 3523 2947 3580 suaserint
2989 3523 3169 3580 animo
3209 3531 3301 3581 tuo
3348 3535 3409 3581 ιιι
3452 3535 3506 3582 te

1931 3632 2093 3686 snpra
2138 3617 2281 3672 vires
2315 3629 2570 3671 exerceas
2602 3622 2755 3679 tuas,
2784 3627 2878 3670 eos
2913 3629 2979 3669 ne
3009 3615 3288 3673 audiet-ist
3328 3615 3506 3673 solent

1931 3706 2076 3762 enim
2111 3705 2386 3762 bominem
2416 3705 2484 3758 ad
2513 3719 2575 3758 ea
2603 3719 2723 3777 quae
2752 3711 3007 3774 praestare
3045 3720 3148 3762 non
3176 3714 3394 3778 potest,
3424 3707 3506 3763 in-

1932 3800 2125 3863 citare,
2148 3806 2210 3853 ιιι
2242 3797 2294 3852 in
2323 3811 2514 3851 manus
2537 3811 2725 3853 eorum
2753 3795 2974 3860 incidat,
3007 3806 3061 3852 et
3087 3796 3189 3868 ipsi
3214 3798 3504 3869 gaudeant.

1934 3889 2112 3946 Semel
2142 3889 2195 3944 in
2234 3889 2320 3943 die
2349 3890 2606 3954 comede,
2638 3897 2687 3942 et
2718 3889 2934 3958 corpori
2974 3890 3119 3960 quod
3161 3891 3210 3946 ei
3256 3904 3509 3947 necessa·

1934 3981 2071 4034 rium
2098 3986 2182 4034 est
2209 3980 2408 4046 tribue,
2435 3987 2494 4033 ut
2519 3978 2571 4032 in
2599 3979 2859 4034 exercitio
2883 3989 2974 4034 tuo
2991 3981 3079 4050 pio
3099 3981 3294 4039 durare
3315 3995 3504 4051 queas.

1933 4072 2137 4143 Vigiliae
2157 4074 2447 4143 prudenter
2464 4086 2612 4137 vaca,
2633 4086 2732 4126 nec
2753 4072 2985 4142 quietem
3012 4075 3372 4130 necessariam
3388 4088 3508 4131 cor·

1933 4163 2049 4234 pori
2078 4178 2233 4235 nega,
2264 4164 2357 4218 sed
2382 4177 2504 4218 cum
2528 4162 2937 4218 mansuetudine
2960 4172 3015 4218 et
3044 4164 3381 4219 considerate
3397 4163 3506 4234 pie·

1936 4255 2063 4309 tatis
2095 4254 2331 4309 studium
2361 4254 2739 4324 complectere,
2781 4267 2850 4309 ne
2884 4254 3050 4309 nimia
3081 4252 3259 4321 vigilia
3285 4255 3499 4310 animus

1936 4347 2281 4414 perturbetur
2318 4355 2372 4401 et
2402 4360 2432 4401 e
2453 4347 2627 4402 stadio
2663 4346 2849 4415 fugiat.
2879 4344 3064 4400 Noctis
3096 4345 3373 4401 dimidium
3418 4345 3506 4415 pio

246 4448 365 4505 qno
392 4433 490 4488 tibi
519 4448 707 4489 eorum
738 4448 899 4490 nemo
945 4434 1155 4490 laturus
1198 4447 1283 4491 est
1319 4438 1578 4493 auxilium
1601 4480 1617 4505 ,
1649 4451 1702 4495 et
1733 4454 1827 4494 cos
1861 4430 1904 4485 D
1935 4437 2068 4493 satis
2089 4449 2175 4493 cst
2200 4438 2481 4505 exercitio,
2505 4437 2784 4494 dimidium
2810 4437 3037 4493 alterum
3062 4436 3306 4508 corporis
3326 4439 3499 4507 quieti

245 4536 311 4581 te
343 4522 627 4596 reliquisse
669 4525 893 4581 minime
921 4527 1227 4595 poenitebit.
1260 4527 1315 4581 Si
1360 4529 1412 4583 in
1454 4529 1589 4584 cella
1625 4541 1712 4585 tua
1744 4546 1829 4585 se-

239 4619 388 4683 tlens
418 4617 730 4674 memineris
753 4617 986 4690 alicujus
1012 4634 1042 4673 a
1085 4634 1191 4689 quo
1234 4620 1401 4676 literis
1431 4620 1655 4678 affectus
1693 4624 1825 4695 inju-

237 4711 356 4771 ria.
384 4724 568 4780 surge,
605 4718 660 4765 et
688 4725 754 4765 ex
788 4719 899 4765 toto
942 4711 1103 4764 corde
1132 4720 1222 4765 tuo
1256 4711 1444 4776 neunt,
1478 4720 1535 4767 ιιι
1565 4713 1639 4767 illi
1676 4714 1828 4782 iguo·

242 4810 405 4866 scat,
433 4802 730 4872 deprecare
751 4844 767 4869 ,
795 4815 850 4860 et
882 4803 1103 4858 ultionis
1133 4803 1228 4858 abs
1276 4811 1327 4857 te
1358 4802 1527 4873 fugiet
1556 4804 1828 4874 cogitatio.

246 4892 314 4949 Si
381 4894 446 4949 ad
489 4896 894 4966 percipiendam
960 4896 1338 4966 mysteriorum
1399 4894 1831 4952 communionem

240 4985 509 5050 accedis,
562 5002 753 5043 omnes
801 4997 920 5042 tuas
963 4986 1320 5056 cogitationes
1366 4986 1627 5053 observa,
1673 5004 1741 5045 ue
1780 4990 1832 5045 in

232 5075 511 5144 judicium
564 5093 684 5131 catu
738 5077 1026 5147 percipias.
1093 5076 1150 5131 Si
1211 5087 1373 5131 noctn
1429 5079 1836 5136 consuetudinis

239 5166 637 5237 imaginatione
679 5167 928 5229 tentaris,
974 5165 1183 5221 custodi
1227 5181 1321 5220 cor
1351 5175 1497 5221 tunm
1522 5207 1536 5232 ,
1571 5183 1638 5222 ne
1664 5168 1834 5233 intet-

234 5258 341 5316 din
370 5257 708 5323 consideret,
741 5257 918 5328 qualis
955 5274 1018 5313 ea
1054 5272 1340 5326 corporum
1371 5258 1530 5313 suerit
1562 5259 1829 5327 imagina-

236 5352 349 5414 tio,
378 5360 541 5420 atque
566 5351 636 5405 ita
672 5365 734 5405 ea
766 5349 1099 5419 cogitatione
1123 5349 1522 5419 coinquineris,
1560 5349 1835 5420 Deumque

233 5422 514 5516 provoics
544 5445 610 5495 ad
651 5443 1081 5512 indignationem
1102 5484 1117 5504 ,
1145 5443 1238 5499 scil
1273 5442 1502 5513 supplex
1531 5452 1659 5498 aute
1689 5443 1836 5498 illum

230 5536 548 5608 procumbe
596 5535 647 5586 in
687 5543 799 5588 toto
845 5537 1008 5591 corde
1056 5544 1178 5603 tuo,
1217 5546 1271 5589 ct
1316 5533 1661 5591 auxiliabitur
1705 5531 1838 5610 tibi:

329 5690 372 5724 '²
412 5692 566 5747 l'rov.
608 5707 703 5755 ιιι.
744 5692 823 5747 ts.

1932 4531 2279 4585 concedatur.
2317 4529 2479 4585 Binas
2516 4540 2805 4600 antequam
2834 4529 3077 4586 cubitum
3104 4543 3235 4595 eas,
3268 4530 3504 4595 orando,

1933 4618 2315 4689 psallendoque
2363 4619 2525 4675 boras
2572 4634 2854 4675 consume.
2891 4618 3082 4673 Postea
3134 4618 3354 4689 quiesce
3381 4673 3394 4687 ,
3452 4628 3507 4674 et

1934 4726 2054 4766 cum
2077 4720 2128 4765 te
2147 4710 2402 4764 Dominus
2433 4709 2774 4774 excitaverit,
2807 4709 3200 4779 precationibus
3221 4706 3509 4777 diligenter

1937 4803 2205 4858 incumbe.
2231 4802 2287 4858 Si
2316 4817 2512 4872 corpus
2538 4813 2686 4858 tuum
2715 4802 2925 4873 pigrum
2953 4799 3170 4866 videris,
3198 4799 3270 4854 illi
3300 4799 3464 4855 dicito
3489 4819 3504 4856 ε

1939 4896 2030 4949 Vis
2064 4894 2132 4949 ad
2180 4893 2343 4950 breve
2390 4904 2598 4965 tempus
2651 4902 2897 4964 torpere,
2935 4902 2991 4946 et
3040 4907 3164 4946 mox
3212 4890 3401 4962 projici
3453 4894 3505 4948 in
3575 4898 3580 4903 '

1938 4985 2185 5041 tenebras
2222 4985 2556 5040 exteriores?
2591 4985 2646 5040 Si
2682 4995 2731 5040 te
2774 4983 3048 5054 paululum
3100 4983 3385 5049 excitabis,
3413 5000 3508 5039 ro-

1936 5079 2039 5132 bur
2076 5084 2133 5132 et
2155 5078 2312 5147 gvires
2340 5076 2649 5132 advenient.
2680 5074 2759 5130 Ne
2790 5077 2942 5131 incas
2982 5090 3102 5130 cunt
3132 5073 3240 5130 illis
3274 5075 3508 5130 bomini-

1936 5169 2037 5224 bus
2061 5169 2378 5236 amicitiam,
2403 5170 2492 5238 qni
2520 5167 2611 5222 tibi
2636 5177 2760 5222 sunt
2779 5168 3008 5222 aliorum
3032 5166 3193 5221 etiam
3228 5166 3506 5221 bominum

1941 5260 2359 5314 satniliaritatem
2384 5258 2745 5324 conciliaturi,
2776 5273 2846 5312 ne
2882 5256 2975 5310 tibi
3008 5252 3173 5310 uitnia
3206 5240 3529 5312 cedebritas*¹

1940 5352 2317 5408 detrimentum
2368 5349 2577 5405 afferat.
2613 5348 2669 5404 Si
2716 5349 2769 5404 in
2808 5347 3134 5404 monasterio
3172 5362 3271 5419 es,
3308 5357 3363 5405 et
3390 5336 3533 5405 scr-'

1939 5456 2063 5494 vum
2092 5441 2290 5505 babes,
2333 5440 2385 5494 in
2416 5455 2576 5510 quem
2615 5439 2899 5511 imperium
2932 5452 3227 5507 exerceas,
3264 5439 3505 5496 habitum

1942 5532 2107 5590 afficis
2148 5531 2503 5600 contumelia3
2539 5531 2621 5589 sin
2656 5545 2779 5588 cum
2812 5540 2872 5588 ιιι
2919 5527 3140 5588 fratrem
3184 5529 3359 5600 diligis
3383 5571 3396 5597 ,
3450 5532 3502 5585 in
