<?xml version="1.0" encoding="UTF-8"?>
<!DOCTYPE html PUBLIC "-//W3C//DTD XHTML 1.0 Transitional//EN"
    "http://www.w3.org/TR/xhtml1/DTD/xhtml1-transitional.dtd">
<html xmlns="http://www.w3.org/1999/xhtml" xml:lang="en" lang="en">
 <head>
  <title>
</title>
<meta http-equiv="Content-Type" content="text/html;charset=utf-8" />
  <meta name='ocr-system' content='tesseract 3.04.00' />
  <meta name='ocr-capabilities' content='ocr_page ocr_carea ocr_par ocr_line ocrx_word'/>
</head>
<body>
  <div class='ocr_page' id='page_1' title='image "./patrologicursus103migngoog_0601.png"; bbox 0 0 3725 6125; ppageno 0'>
   <div class='ocr_carea' id='block_1_1' title="bbox 1068 297 2308 355">
    <p class='ocr_par' dir='ltr' id='par_1_1' title="bbox 1068 297 2308 355">
     <span class='ocr_line' id='line_1_1' title="bbox 1068 297 2308 355; baseline 0 -1"><span class='ocrx_word' id='word_1_1' title='bbox 1068 298 1124 354; x_wconf 89' lang='lat' dir='ltr'><strong>S.</strong></span> <span class='ocrx_word' id='word_1_2' title='bbox 1165 297 1446 354; x_wconf 68' lang='lat' dir='ltr'><strong>ANToxtt</strong></span> <span class='ocrx_word' id='word_1_3' title='bbox 1488 298 1554 352; x_wconf 73' lang='lat' dir='ltr'><strong>M.</strong></span> <span class='ocrx_word' id='word_1_4' title='bbox 1599 297 1890 354; x_wconf 54' lang='lat' dir='ltr'><strong>selu-&#39;ns</strong></span> <span class='ocrx_word' id='word_1_5' title='bbox 1930 297 2308 355; x_wconf 73' lang='lat' dir='ltr'><strong>EPtsTOLAE.</strong></span> 
     </span>
    </p>
   </div>
   <div class='ocr_carea' id='block_1_2' title="bbox 3200 302 3305 361">
    <p class='ocr_par' dir='ltr' id='par_1_2' title="bbox 3200 302 3305 361">
     <span class='ocr_line' id='line_1_2' title="bbox 3200 302 3305 361; baseline 0.038 -3"><span class='ocrx_word' id='word_1_6' title='bbox 3200 302 3305 361; x_wconf 72' lang='lat'><strong>0⁹0</strong></span> 
     </span>
    </p>
   </div>
   <div class='ocr_carea' id='block_1_3' title="bbox 192 414 3303 489">
    <p class='ocr_par' dir='ltr' id='par_1_3' title="bbox 192 414 3303 489">
     <span class='ocr_line' id='line_1_3' title="bbox 192 414 3303 489; baseline 0.001 -18"><span class='ocrx_word' id='word_1_7' title='bbox 192 416 353 473; x_wconf 80' lang='lat' dir='ltr'><strong>›riam</strong></span> <span class='ocrx_word' id='word_1_8' title='bbox 404 414 575 470; x_wconf 88' lang='lat' dir='ltr'><strong>nostri</strong></span> <span class='ocrx_word' id='word_1_9' title='bbox 627 414 777 478; x_wconf 77' lang='lat' dir='ltr'><strong>facit,</strong></span> <span class='ocrx_word' id='word_1_10' title='bbox 806 428 1027 484; x_wconf 73' lang='lat' dir='ltr'><strong>propter</strong></span> <span class='ocrx_word' id='word_1_11' title='bbox 1057 415 1375 470; x_wconf 82' lang='lat' dir='ltr'><strong>itnmcnsam</strong></span> <span class='ocrx_word' id='word_1_12' title='bbox 1403 417 1620 470; x_wconf 87' lang='lat' dir='ltr'><strong>bonita-</strong></span> <span class='ocrx_word' id='word_1_13' title='bbox 1653 428 1694 482; x_wconf 78' lang='grc' dir='ltr'><strong>Α</strong></span> <span class='ocrx_word' id='word_1_14' title='bbox 1731 416 1874 472; x_wconf 91' lang='lat' dir='ltr'><strong>bitus</strong></span> <span class='ocrx_word' id='word_1_15' title='bbox 1904 417 2167 485; x_wconf 73' lang='lat' dir='ltr'><strong>stultitiae,</strong></span> <span class='ocrx_word' id='word_1_16' title='bbox 2202 427 2260 472; x_wconf 91' lang='lat' dir='ltr'><strong>ut</strong></span> <span class='ocrx_word' id='word_1_17' title='bbox 2289 433 2387 473; x_wconf 92' lang='lat' dir='ltr'><strong>nos</strong></span> <span class='ocrx_word' id='word_1_18' title='bbox 2411 417 2613 472; x_wconf 79' lang='lat' dir='ltr'><strong>faceret</strong></span> <span class='ocrx_word' id='word_1_19' title='bbox 2648 418 2946 488; x_wconf 88' lang='lat' dir='ltr'><strong>sapientes.</strong></span> <span class='ocrx_word' id='word_1_20' title='bbox 2969 415 3158 489; x_wconf 78' lang='lat' dir='ltr'><strong>inopes</strong></span> <span class='ocrx_word' id='word_1_21' title='bbox 3178 435 3303 475; x_wconf 88' lang='lat' dir='ltr'><strong>era-</strong></span> 
     </span>
    </p>
   </div>
   <div class='ocr_carea' id='block_1_4' title="bbox 189 506 1623 1774">
    <p class='ocr_par' dir='ltr' id='par_1_4' title="bbox 189 506 1623 1774">
     <span class='ocr_line' id='line_1_4' title="bbox 192 506 1623 565; baseline 0.001 -4"><span class='ocrx_word' id='word_1_22' title='bbox 192 525 321 565; x_wconf 77' lang='lat' dir='ltr'><strong>nam</strong></span> <span class='ocrx_word' id='word_1_23' title='bbox 359 518 414 563; x_wconf 78' lang='lat' dir='ltr'><strong>ct</strong></span> <span class='ocrx_word' id='word_1_24' title='bbox 451 507 723 561; x_wconf 77' lang='lat' dir='ltr'><strong>infinitam</strong></span> <span class='ocrx_word' id='word_1_25' title='bbox 769 506 1118 563; x_wconf 80' lang='lat' dir='ltr'><strong>dilectionem</strong></span> <span class='ocrx_word' id='word_1_26' title='bbox 1153 525 1257 562; x_wconf 87' lang='lat' dir='ltr'><strong>nun</strong></span> <span class='ocrx_word' id='word_1_27' title='bbox 1289 507 1495 563; x_wconf 76' lang='lat' dir='ltr'><strong>faciens</strong></span> <span class='ocrx_word' id='word_1_28' title='bbox 1525 523 1623 562; x_wconf 84' lang='lat' dir='ltr'><strong>no-</strong></span> 
     </span>
     <span class='ocr_line' id='line_1_5' title="bbox 191 598 1621 670; baseline -0.001 -14"><span class='ocrx_word' id='word_1_29' title='bbox 191 598 454 656; x_wconf 77' lang='lat' dir='ltr'><strong>ecuudnnt</strong></span> <span class='ocrx_word' id='word_1_30' title='bbox 479 608 704 667; x_wconf 82' lang='lat' dir='ltr'><strong>peccata</strong></span> <span class='ocrx_word' id='word_1_31' title='bbox 752 605 938 653; x_wconf 84' lang='lat' dir='ltr'><strong>nostra</strong></span> <span class='ocrx_word' id='word_1_32' title='bbox 975 616 988 652; x_wconf 73' lang='grc' dir='ltr'>ε</span> <span class='ocrx_word' id='word_1_33' title='bbox 1023 600 1114 668; x_wconf 87' lang='lat' dir='ltr'><strong>qui</strong></span> <span class='ocrx_word' id='word_1_34' title='bbox 1151 611 1205 655; x_wconf 88' lang='lat' dir='ltr'><strong>et</strong></span> <span class='ocrx_word' id='word_1_35' title='bbox 1245 600 1412 654; x_wconf 82' lang='lat' dir='ltr'><strong>solent</strong></span> <span class='ocrx_word' id='word_1_36' title='bbox 1452 615 1621 670; x_wconf 86' lang='lat' dir='ltr'><strong>usqne</strong></span> 
     </span>
     <span class='ocr_line' id='line_1_6' title="bbox 210 689 1617 757; baseline -0.002 -9"><span class='ocrx_word' id='word_1_37' title='bbox 210 690 521 748; x_wconf 82' lang='lat' dir='ltr'><strong>ministrare</strong></span> <span class='ocrx_word' id='word_1_38' title='bbox 570 689 735 744; x_wconf 90' lang='lat' dir='ltr'><strong>nobis</strong></span> <span class='ocrx_word' id='word_1_39' title='bbox 781 690 834 743; x_wconf 94' lang='lat' dir='ltr'><strong>in</strong></span> <span class='ocrx_word' id='word_1_40' title='bbox 880 691 1165 746; x_wconf 82' lang='lat' dir='ltr'><strong>tenebrosa</strong></span> <span class='ocrx_word' id='word_1_41' title='bbox 1207 692 1388 757; x_wconf 87' lang='lat' dir='ltr'><strong>domo,</strong></span> <span class='ocrx_word' id='word_1_42' title='bbox 1437 690 1617 746; x_wconf 89' lang='lat' dir='ltr'><strong>lunam</strong></span> 
     </span>
     <span class='ocr_line' id='line_1_7' title="bbox 195 772 1617 851; baseline 0.002 -16"><span class='ocrx_word' id='word_1_43' title='bbox 195 799 263 841; x_wconf 84' lang='lat' dir='ltr'><strong>ne</strong></span> <span class='ocrx_word' id='word_1_44' title='bbox 305 799 368 839; x_wconf 83' lang='lat' dir='ltr'><strong>ae</strong></span> <span class='ocrx_word' id='word_1_45' title='bbox 399 781 577 839; x_wconf 81' lang='lat' dir='ltr'><strong>sidera</strong></span> <span class='ocrx_word' id='word_1_46' title='bbox 615 792 811 836; x_wconf 89' lang='lat' dir='ltr'><strong>cuncta</strong></span> <span class='ocrx_word' id='word_1_47' title='bbox 843 772 1044 851; x_wconf 71' lang='lat' dir='ltr'><strong>iubens</strong></span> <span class='ocrx_word' id='word_1_48' title='bbox 1084 784 1364 838; x_wconf 86' lang='lat' dir='ltr'><strong>deservire</strong></span> <span class='ocrx_word' id='word_1_49' title='bbox 1391 784 1617 838; x_wconf 74' lang='lat' dir='ltr'><strong>vanitati</strong></span> 
     </span>
     <span class='ocr_line' id='line_1_8' title="bbox 191 876 1621 946; baseline -0.001 -13"><span class='ocrx_word' id='word_1_50' title='bbox 191 892 320 943; x_wconf 65' lang='lat' dir='ltr'><strong>urae,</strong></span> <span class='ocrx_word' id='word_1_51' title='bbox 342 882 558 946; x_wconf 90' lang='lat' dir='ltr'><strong>propter</strong></span> <span class='ocrx_word' id='word_1_52' title='bbox 584 890 877 945; x_wconf 88' lang='lat' dir='ltr'><strong>corporum</strong></span> <span class='ocrx_word' id='word_1_53' title='bbox 906 876 1433 941; x_wconf 81' lang='lat' dir='ltr'><strong>constabilitionem,</strong></span> <span class='ocrx_word' id='word_1_54' title='bbox 1459 876 1621 931; x_wconf 87' lang='lat' dir='ltr'><strong>alias·</strong></span> 
     </span>
     <span class='ocr_line' id='line_1_9' title="bbox 191 964 1617 1036; baseline 0.001 -17"><span class='ocrx_word' id='word_1_55' title='bbox 191 968 397 1022; x_wconf 66' lang='lat' dir='ltr'><strong>tirtutes</strong></span> <span class='ocrx_word' id='word_1_56' title='bbox 425 964 626 1022; x_wconf 85' lang='lat' dir='ltr'><strong>multas</strong></span> <span class='ocrx_word' id='word_1_57' title='bbox 649 965 807 1024; x_wconf 84' lang='lat' dir='ltr'><strong>nobis</strong></span> <span class='ocrx_word' id='word_1_58' title='bbox 839 966 1153 1021; x_wconf 88' lang='lat' dir='ltr'><strong>ministrare</strong></span> <span class='ocrx_word' id='word_1_59' title='bbox 1184 965 1452 1036; x_wconf 67' lang='lat' dir='ltr'><strong>praefecit,</strong></span> <span class='ocrx_word' id='word_1_60' title='bbox 1483 980 1617 1035; x_wconf 78' lang='lat' dir='ltr'><strong>quas</strong></span> 
     </span>
     <span class='ocr_line' id='line_1_10' title="bbox 192 1056 1615 1126; baseline -0.003 -13"><span class='ocrx_word' id='word_1_61' title='bbox 192 1074 222 1113; x_wconf 87' lang='lat' dir='ltr'><strong>e</strong></span> <span class='ocrx_word' id='word_1_62' title='bbox 258 1057 491 1111; x_wconf 78' lang='lat' dir='ltr'><strong>vidimus</strong></span> <span class='ocrx_word' id='word_1_63' title='bbox 527 1057 776 1125; x_wconf 87' lang='lat' dir='ltr'><strong>corporis</strong></span> <span class='ocrx_word' id='word_1_64' title='bbox 805 1056 985 1110; x_wconf 91' lang='lat' dir='ltr'><strong>oculo.</strong></span> <span class='ocrx_word' id='word_1_65' title='bbox 1025 1056 1165 1124; x_wconf 83' lang='lat' dir='ltr'><strong>Quid</strong></span> <span class='ocrx_word' id='word_1_66' title='bbox 1195 1071 1326 1126; x_wconf 78' lang='lat' dir='ltr'><strong>ergo</strong></span> <span class='ocrx_word' id='word_1_67' title='bbox 1373 1056 1615 1111; x_wconf 86' lang='lat' dir='ltr'><strong>diceums</strong></span> 
     </span>
     <span class='ocr_line' id='line_1_11' title="bbox 218 1148 1616 1220; baseline -0.001 -17"><span class='ocrx_word' id='word_1_68' title='bbox 218 1150 272 1204; x_wconf 87' lang='lat' dir='ltr'><strong>in</strong></span> <span class='ocrx_word' id='word_1_69' title='bbox 312 1150 500 1219; x_wconf 86' lang='lat' dir='ltr'><strong>aliquo</strong></span> <span class='ocrx_word' id='word_1_70' title='bbox 531 1148 656 1204; x_wconf 90' lang='lat' dir='ltr'><strong>boni</strong></span> <span class='ocrx_word' id='word_1_71' title='bbox 676 1148 993 1203; x_wconf 77' lang='lat' dir='ltr'>fraudemur</span> <span class='ocrx_word' id='word_1_72' title='bbox 1018 1150 1168 1203; x_wconf 87' lang='lat' dir='ltr'><strong>abeo</strong></span> <span class='ocrx_word' id='word_1_73' title='bbox 1198 1150 1340 1220; x_wconf 86' lang='lat' dir='ltr'><strong>qnod</strong></span> <span class='ocrx_word' id='word_1_74' title='bbox 1369 1150 1482 1218; x_wconf 87' lang='lat' dir='ltr'><strong>ipse</strong></span> <span class='ocrx_word' id='word_1_75' title='bbox 1512 1164 1616 1201; x_wconf 90' lang='lat' dir='ltr'><strong>non</strong></span> 
     </span>
     <span class='ocr_line' id='line_1_12' title="bbox 192 1239 1620 1311; baseline 0.001 -18"><span class='ocrx_word' id='word_1_76' title='bbox 192 1243 223 1296; x_wconf 87' lang='lat' dir='ltr'><strong>it</strong></span> <span class='ocrx_word' id='word_1_77' title='bbox 279 1241 482 1297; x_wconf 79' lang='lat' dir='ltr'><strong>nobis?</strong></span> <span class='ocrx_word' id='word_1_78' title='bbox 516 1239 768 1311; x_wconf 85' lang='lat' dir='ltr'><strong>Nunquid</strong></span> <span class='ocrx_word' id='word_1_79' title='bbox 800 1241 1129 1311; x_wconf 71' lang='lat' dir='ltr'><strong>patriarchae</strong></span> <span class='ocrx_word' id='word_1_80' title='bbox 1172 1257 1279 1296; x_wconf 87' lang='lat' dir='ltr'><strong>non</strong></span> <span class='ocrx_word' id='word_1_81' title='bbox 1321 1242 1464 1311; x_wconf 79' lang='lat' dir='ltr'><strong>passi</strong></span> <span class='ocrx_word' id='word_1_82' title='bbox 1494 1250 1620 1296; x_wconf 89' lang='lat' dir='ltr'><strong>sunt</strong></span> 
     </span>
     <span class='ocr_line' id='line_1_13' title="bbox 189 1331 1618 1395; baseline 0 -11"><span class='ocrx_word' id='word_1_83' title='bbox 189 1332 352 1395; x_wconf 74' lang='lat' dir='ltr'><strong>nobis,</strong></span> <span class='ocrx_word' id='word_1_84' title='bbox 381 1342 477 1385; x_wconf 86' lang='lat' dir='ltr'><strong>aut</strong></span> <span class='ocrx_word' id='word_1_85' title='bbox 511 1331 823 1386; x_wconf 80' lang='lat' dir='ltr'><strong>sacerdotes</strong></span> <span class='ocrx_word' id='word_1_86' title='bbox 848 1345 953 1386; x_wconf 91' lang='lat' dir='ltr'><strong>uon</strong></span> <span class='ocrx_word' id='word_1_87' title='bbox 977 1332 1276 1386; x_wconf 84' lang='lat' dir='ltr'><strong>docuerunt</strong></span> <span class='ocrx_word' id='word_1_88' title='bbox 1310 1332 1444 1386; x_wconf 80' lang='lat' dir='ltr'><strong>nos?</strong></span> <span class='ocrx_word' id='word_1_89' title='bbox 1470 1331 1618 1385; x_wconf 83' lang='lat' dir='ltr'><strong>Nun-</strong></span> 
     </span>
     <span class='ocr_line' id='line_1_14' title="bbox 191 1422 1620 1494; baseline 0 -17"><span class='ocrx_word' id='word_1_90' title='bbox 191 1423 479 1494; x_wconf 75' lang='lat' dir='ltr'><strong>proplretae</strong></span> <span class='ocrx_word' id='word_1_91' title='bbox 509 1437 608 1493; x_wconf 89' lang='lat' dir='ltr'><strong>pro</strong></span> <span class='ocrx_word' id='word_1_92' title='bbox 639 1422 799 1478; x_wconf 86' lang='lat' dir='ltr'><strong>nobis</strong></span> <span class='ocrx_word' id='word_1_93' title='bbox 830 1423 1029 1478; x_wconf 87' lang='lat' dir='ltr'><strong>mortui</strong></span> <span class='ocrx_word' id='word_1_94' title='bbox 1063 1434 1341 1486; x_wconf 81' lang='lat' dir='ltr'><strong>non-sunt,</strong></span> <span class='ocrx_word' id='word_1_95' title='bbox 1369 1432 1465 1477; x_wconf 84' lang='lat' dir='ltr'><strong>aut</strong></span> <span class='ocrx_word' id='word_1_96' title='bbox 1496 1439 1620 1493; x_wconf 87' lang='lat' dir='ltr'><strong>apo·</strong></span> 
     </span>
     <span class='ocr_line' id='line_1_15' title="bbox 206 1512 1619 1585; baseline -0.001 -17"><span class='ocrx_word' id='word_1_97' title='bbox 206 1514 650 1585; x_wconf 73' lang='lat' dir='ltr'><strong>persecutionem</strong></span> <span class='ocrx_word' id='word_1_98' title='bbox 705 1527 809 1568; x_wconf 90' lang='lat' dir='ltr'><strong>non</strong></span> <span class='ocrx_word' id='word_1_99' title='bbox 857 1513 1234 1570; x_wconf 87' lang='lat' dir='ltr'><strong>sustinuerunt</strong></span> <span class='ocrx_word' id='word_1_100' title='bbox 1283 1530 1379 1583; x_wconf 89' lang='lat' dir='ltr'><strong>pro</strong></span> <span class='ocrx_word' id='word_1_101' title='bbox 1430 1512 1619 1570; x_wconf 82' lang='lat' dir='ltr'><strong>nobis?</strong></span> 
     </span>
     <span class='ocr_line' id='line_1_16' title="bbox 192 1605 1613 1676; baseline 0.001 -16"><span class='ocrx_word' id='word_1_102' title='bbox 192 1607 287 1676; x_wconf 84' lang='lat' dir='ltr'><strong>¹uid</strong></span> <span class='ocrx_word' id='word_1_103' title='bbox 313 1606 489 1662; x_wconf 75' lang='lat' dir='ltr'><strong>Filius</strong></span> <span class='ocrx_word' id='word_1_104' title='bbox 522 1605 620 1661; x_wconf 85' lang='lat' dir='ltr'><strong>Dei</strong></span> <span class='ocrx_word' id='word_1_105' title='bbox 653 1606 886 1662; x_wconf 89' lang='lat' dir='ltr'><strong>dilectus</strong></span> <span class='ocrx_word' id='word_1_106' title='bbox 916 1621 1022 1661; x_wconf 90' lang='lat' dir='ltr'><strong>non</strong></span> <span class='ocrx_word' id='word_1_107' title='bbox 1053 1621 1152 1675; x_wconf 91' lang='lat' dir='ltr'><strong>pro</strong></span> <span class='ocrx_word' id='word_1_108' title='bbox 1182 1606 1337 1662; x_wconf 85' lang='lat' dir='ltr'><strong>nobis</strong></span> <span class='ocrx_word' id='word_1_109' title='bbox 1360 1608 1613 1662; x_wconf 88' lang='lat' dir='ltr'><strong>omnibus</strong></span> 
     </span>
     <span class='ocr_line' id='line_1_17' title="bbox 191 1697 1619 1774; baseline 0 -21"><span class='ocrx_word' id='word_1_110' title='bbox 191 1713 289 1753; x_wconf 86' lang='lat' dir='ltr'><strong>uus</strong></span> <span class='ocrx_word' id='word_1_111' title='bbox 310 1698 435 1755; x_wconf 71' lang='lat' dir='ltr'><strong>est?</strong></span> <span class='ocrx_word' id='word_1_112' title='bbox 457 1697 540 1754; x_wconf 87' lang='lat' dir='ltr'><strong>Ob</strong></span> <span class='ocrx_word' id='word_1_113' title='bbox 570 1713 690 1774; x_wconf 83' lang='lat' dir='ltr'><strong>quae</strong></span> <span class='ocrx_word' id='word_1_114' title='bbox 719 1699 971 1754; x_wconf 87' lang='lat' dir='ltr'><strong>universa</strong></span> <span class='ocrx_word' id='word_1_115' title='bbox 999 1701 1257 1754; x_wconf 89' lang='lat' dir='ltr'><strong>debemus</strong></span> <span class='ocrx_word' id='word_1_116' title='bbox 1279 1709 1335 1754; x_wconf 94' lang='lat' dir='ltr'><strong>et</strong></span> <span class='ocrx_word' id='word_1_117' title='bbox 1362 1699 1462 1768; x_wconf 89' lang='lat' dir='ltr'><strong>ipsi</strong></span> <span class='ocrx_word' id='word_1_118' title='bbox 1494 1714 1619 1768; x_wconf 88' lang='lat' dir='ltr'><strong>pro-</strong></span> 
     </span>
    </p>
   </div>
   <div class='ocr_carea' id='block_1_5' title="bbox 1720 509 3360 1769">
    <p class='ocr_par' dir='ltr' id='par_1_5' title="bbox 1720 509 3360 1667">
     <span class='ocr_line' id='line_1_18' title="bbox 1727 509 3307 582; baseline 0.004 -21"><span class='ocrx_word' id='word_1_119' title='bbox 1727 524 1868 575; x_wconf 75' lang='lat' dir='ltr'><strong>mnS,</strong></span> <span class='ocrx_word' id='word_1_120' title='bbox 1894 518 1951 565; x_wconf 85' lang='lat' dir='ltr'><strong>et</strong></span> <span class='ocrx_word' id='word_1_121' title='bbox 1982 509 2034 563; x_wconf 90' lang='lat' dir='ltr'><strong>in</strong></span> <span class='ocrx_word' id='word_1_122' title='bbox 2067 520 2383 580; x_wconf 86' lang='lat' dir='ltr'><strong>paupertate</strong></span> <span class='ocrx_word' id='word_1_123' title='bbox 2416 519 2598 565; x_wconf 88' lang='lat' dir='ltr'><strong>nostra</strong></span> <span class='ocrx_word' id='word_1_124' title='bbox 2628 511 2808 565; x_wconf 90' lang='lat' dir='ltr'><strong>omnis</strong></span> <span class='ocrx_word' id='word_1_125' title='bbox 2842 509 3116 566; x_wconf 79' lang='lat' dir='ltr'><strong>defecerat</strong></span> <span class='ocrx_word' id='word_1_126' title='bbox 3137 513 3307 582; x_wconf 68' lang='lat' dir='ltr'><strong>,vigor</strong></span> 
     </span>
     <span class='ocr_line' id='line_1_19' title="bbox 1725 597 3303 671; baseline 0.005 -22"><span class='ocrx_word' id='word_1_127' title='bbox 1725 612 1752 649; x_wconf 87' lang='lat' dir='ltr'><strong>a</strong></span> <span class='ocrx_word' id='word_1_128' title='bbox 1786 597 1962 653; x_wconf 89' lang='lat' dir='ltr'><strong>nobis.</strong></span> <span class='ocrx_word' id='word_1_129' title='bbox 1997 597 2128 654; x_wconf 90' lang='lat' dir='ltr'><strong>ltcm</strong></span> <span class='ocrx_word' id='word_1_130' title='bbox 2156 599 2243 655; x_wconf 88' lang='lat' dir='ltr'><strong>ille</strong></span> <span class='ocrx_word' id='word_1_131' title='bbox 2266 601 2334 655; x_wconf 89' lang='lat' dir='ltr'><strong>ob</strong></span> <span class='ocrx_word' id='word_1_132' title='bbox 2359 601 2473 655; x_wconf 79' lang='lat' dir='ltr'><strong>ltaec</strong></span> <span class='ocrx_word' id='word_1_133' title='bbox 2498 600 2795 671; x_wconf 77' lang='lat' dir='ltr'><strong>assumpsit</strong></span> <span class='ocrx_word' id='word_1_134' title='bbox 2819 600 3017 669; x_wconf 66' lang='lat' dir='ltr'><strong>inopiae</strong></span> <span class='ocrx_word' id='word_1_135' title='bbox 3049 600 3303 665; x_wconf 82' lang='lat' dir='ltr'><strong>sormam.</strong></span> 
     </span>
     <span class='ocr_line' id='line_1_20' title="bbox 1728 691 3303 762; baseline 0.004 -24"><span class='ocrx_word' id='word_1_136' title='bbox 1728 697 1786 743; x_wconf 89' lang='grc' dir='ltr'><strong>ιιι</strong></span> <span class='ocrx_word' id='word_1_137' title='bbox 1805 699 2124 759; x_wconf 82' lang='lat' dir='ltr'><strong>paupertate</strong></span> <span class='ocrx_word' id='word_1_138' title='bbox 2147 706 2244 746; x_wconf 89' lang='lat' dir='ltr'><strong>sua</strong></span> <span class='ocrx_word' id='word_1_139' title='bbox 2276 707 2375 748; x_wconf 90' lang='lat' dir='ltr'><strong>nos</strong></span> <span class='ocrx_word' id='word_1_140' title='bbox 2403 692 2454 746; x_wconf 91' lang='lat' dir='ltr'><strong>in</strong></span> <span class='ocrx_word' id='word_1_141' title='bbox 2478 691 2624 745; x_wconf 90' lang='lat' dir='ltr'><strong>omni</strong></span> <span class='ocrx_word' id='word_1_142' title='bbox 2654 692 2925 762; x_wconf 90' lang='lat' dir='ltr'><strong>sapientia</strong></span> <span class='ocrx_word' id='word_1_143' title='bbox 2946 703 2999 746; x_wconf 93' lang='lat' dir='ltr'><strong>et</strong></span> <span class='ocrx_word' id='word_1_144' title='bbox 3027 692 3303 748; x_wconf 88' lang='lat' dir='ltr'><strong>intellectu</strong></span> 
     </span>
     <span class='ocr_line' id='line_1_21' title="bbox 1725 778 3305 853; baseline 0.005 -22"><span class='ocrx_word' id='word_1_145' title='bbox 1725 781 1944 835; x_wconf 88' lang='lat' dir='ltr'><strong>ditaret.</strong></span> <span class='ocrx_word' id='word_1_146' title='bbox 1978 778 2094 834; x_wconf 87' lang='lat' dir='ltr'><strong>Non</strong></span> <span class='ocrx_word' id='word_1_147' title='bbox 2130 782 2304 835; x_wconf 91' lang='lat' dir='ltr'><strong>solnm</strong></span> <span class='ocrx_word' id='word_1_148' title='bbox 2337 794 2516 837; x_wconf 88' lang='lat' dir='ltr'><strong>autem</strong></span> <span class='ocrx_word' id='word_1_149' title='bbox 2550 783 2682 849; x_wconf 74' lang='lat' dir='ltr'><strong>lta-c,</strong></span> <span class='ocrx_word' id='word_1_150' title='bbox 2717 782 2810 838; x_wconf 85' lang='lat' dir='ltr'><strong>sed</strong></span> <span class='ocrx_word' id='word_1_151' title='bbox 2840 782 3060 853; x_wconf 86' lang='lat' dir='ltr'><strong>insuper</strong></span> <span class='ocrx_word' id='word_1_152' title='bbox 3085 782 3305 839; x_wconf 86' lang='lat' dir='ltr'><strong>etinlir-</strong></span> 
     </span>
     <span class='ocr_line' id='line_1_22' title="bbox 1726 875 3304 948; baseline 0.001 -19"><span class='ocrx_word' id='word_1_153' title='bbox 1726 875 1933 929; x_wconf 89' lang='lat' dir='ltr'><strong>mitatis</strong></span> <span class='ocrx_word' id='word_1_154' title='bbox 1965 886 2166 931; x_wconf 80' lang='lat' dir='ltr'><strong>nostrae</strong></span> <span class='ocrx_word' id='word_1_155' title='bbox 2200 876 2427 948; x_wconf 84' lang='lat' dir='ltr'><strong>liguram</strong></span> <span class='ocrx_word' id='word_1_156' title='bbox 2456 878 2772 945; x_wconf 78' lang='lat' dir='ltr'><strong>assumpsit,</strong></span> <span class='ocrx_word' id='word_1_157' title='bbox 2814 888 2869 930; x_wconf 87' lang='grc' dir='ltr'><strong>ιιι</strong></span> <span class='ocrx_word' id='word_1_158' title='bbox 2898 876 3118 946; x_wconf 84' lang='lat' dir='ltr'><strong>propria</strong></span> <span class='ocrx_word' id='word_1_159' title='bbox 3148 877 3304 933; x_wconf 82' lang='lat' dir='ltr'><strong>intir-</strong></span> 
     </span>
     <span class='ocr_line' id='line_1_23' title="bbox 1724 965 3303 1036; baseline 0.002 -16"><span class='ocrx_word' id='word_1_160' title='bbox 1724 968 1914 1020; x_wconf 86' lang='lat' dir='ltr'><strong>mitate</strong></span> <span class='ocrx_word' id='word_1_161' title='bbox 1951 981 2048 1020; x_wconf 88' lang='lat' dir='ltr'><strong>nos</strong></span> <span class='ocrx_word' id='word_1_162' title='bbox 2083 966 2332 1021; x_wconf 89' lang='lat' dir='ltr'><strong>robustos</strong></span> <span class='ocrx_word' id='word_1_163' title='bbox 2365 965 2621 1032; x_wconf 82' lang='lat' dir='ltr'><strong>efficeret,</strong></span> <span class='ocrx_word' id='word_1_164' title='bbox 2654 966 2898 1021; x_wconf 77' lang='lat' dir='ltr'><strong>obediens</strong></span> <span class='ocrx_word' id='word_1_165' title='bbox 2940 968 3112 1036; x_wconf 78' lang='lat' dir='ltr'><strong>[aetus</strong></span> <span class='ocrx_word' id='word_1_166' title='bbox 3153 967 3303 1023; x_wconf 86' lang='lat' dir='ltr'><strong>Patri</strong></span> 
     </span>
     <span class='ocr_line' id='line_1_24' title="bbox 1722 1058 3302 1129; baseline 0.001 -16"><span class='ocrx_word' id='word_1_167' title='bbox 1722 1058 1774 1113; x_wconf 83' lang='lat' dir='ltr'><strong>in</strong></span> <span class='ocrx_word' id='word_1_168' title='bbox 1809 1059 2066 1115; x_wconf 82' lang='lat' dir='ltr'><strong>omnibus</strong></span> <span class='ocrx_word' id='word_1_169' title='bbox 2105 1075 2268 1129; x_wconf 75' lang='lat' dir='ltr'><strong>usque</strong></span> <span class='ocrx_word' id='word_1_170' title='bbox 2305 1060 2375 1113; x_wconf 80' lang='lat' dir='ltr'><strong>ad</strong></span> <span class='ocrx_word' id='word_1_171' title='bbox 2421 1068 2660 1123; x_wconf 74' lang='grc' dir='ltr'>ιιιονιειιι,</span> <span class='ocrx_word' id='word_1_172' title='bbox 2712 1072 2930 1113; x_wconf 82' lang='lat' dir='ltr'><strong>mortem</strong></span> <span class='ocrx_word' id='word_1_173' title='bbox 2962 1068 3139 1113; x_wconf 79' lang='lat' dir='ltr'><strong>autem</strong></span> <span class='ocrx_word' id='word_1_174' title='bbox 3178 1076 3302 1115; x_wconf 80' lang='lat' dir='ltr'><strong>cnt-</strong></span> 
     </span>
     <span class='ocr_line' id='line_1_25' title="bbox 1721 1150 3302 1208; baseline 0.002 -3"><span class='ocrx_word' id='word_1_175' title='bbox 1721 1152 1798 1207; x_wconf 80' lang='lat' dir='ltr'><strong>cis</strong></span> <span class='ocrx_word' id='word_1_176' title='bbox 1836 1152 1926 1207; x_wconf 75' lang='lat'><strong>⁸⁸:</strong></span> <span class='ocrx_word' id='word_1_177' title='bbox 1961 1152 2096 1206; x_wconf 91' lang='lat' dir='ltr'><strong>utin</strong></span> <span class='ocrx_word' id='word_1_178' title='bbox 2127 1166 2223 1205; x_wconf 88' lang='lat' dir='ltr'><strong>sua</strong></span> <span class='ocrx_word' id='word_1_179' title='bbox 2259 1160 2434 1205; x_wconf 90' lang='lat' dir='ltr'><strong>morte</strong></span> <span class='ocrx_word' id='word_1_180' title='bbox 2464 1160 2519 1205; x_wconf 91' lang='lat' dir='ltr'><strong>et</strong></span> <span class='ocrx_word' id='word_1_181' title='bbox 2552 1150 2855 1207; x_wconf 82' lang='lat' dir='ltr'><strong>humilitate</strong></span> <span class='ocrx_word' id='word_1_182' title='bbox 2890 1151 3033 1205; x_wconf 89' lang='lat' dir='ltr'><strong>illam</strong></span> <span class='ocrx_word' id='word_1_183' title='bbox 3074 1162 3302 1208; x_wconf 86' lang='lat' dir='ltr'><strong>cuncto·</strong></span> 
     </span>
     <span class='ocr_line' id='line_1_26' title="bbox 1723 1241 3301 1315; baseline 0.003 -19"><span class='ocrx_word' id='word_1_184' title='bbox 1723 1261 1841 1297; x_wconf 90' lang='lat' dir='ltr'><strong>rum</strong></span> <span class='ocrx_word' id='word_1_185' title='bbox 1875 1245 2327 1299; x_wconf 77' lang='lat' dir='ltr'><strong>resurrectionem</strong></span> <span class='ocrx_word' id='word_1_186' title='bbox 2344 1241 2604 1310; x_wconf 84' lang='lat' dir='ltr'><strong>efficeret,</strong></span> <span class='ocrx_word' id='word_1_187' title='bbox 2632 1260 2862 1314; x_wconf 87' lang='lat' dir='ltr'><strong>eumque</strong></span> <span class='ocrx_word' id='word_1_188' title='bbox 2883 1248 3187 1300; x_wconf 86' lang='lat' dir='ltr'><strong>destrueret</strong></span> <span class='ocrx_word' id='word_1_189' title='bbox 3208 1245 3301 1315; x_wconf 88' lang='lat' dir='ltr'><strong>qui</strong></span> 
     </span>
     <span class='ocr_line' id='line_1_27' title="bbox 1723 1333 3303 1407; baseline 0.003 -20"><span class='ocrx_word' id='word_1_190' title='bbox 1723 1335 1914 1388; x_wconf 88' lang='lat' dir='ltr'><strong>mortis</strong></span> <span class='ocrx_word' id='word_1_191' title='bbox 1942 1333 2171 1389; x_wconf 85' lang='lat' dir='ltr'><strong>habebat</strong></span> <span class='ocrx_word' id='word_1_192' title='bbox 2214 1335 2523 1405; x_wconf 85' lang='lat' dir='ltr'><strong>imperium.</strong></span> <span class='ocrx_word' id='word_1_193' title='bbox 2550 1336 2652 1391; x_wconf 85' lang='lat' dir='ltr'><strong>boc</strong></span> <span class='ocrx_word' id='word_1_194' title='bbox 2692 1345 2778 1391; x_wconf 87' lang='lat' dir='ltr'><strong>est</strong></span> <span class='ocrx_word' id='word_1_195' title='bbox 2810 1335 3105 1391; x_wconf 87' lang='lat' dir='ltr'><strong>diabolum.</strong></span> <span class='ocrx_word' id='word_1_196' title='bbox 3138 1336 3303 1407; x_wconf 75' lang='lat' dir='ltr'><strong>lgitnr</strong></span> 
     </span>
     <span class='ocr_line' id='line_1_28' title="bbox 1720 1426 3360 1496; baseline 0.001 -16"><span class='ocrx_word' id='word_1_197' title='bbox 1720 1427 1766 1480; x_wconf 89' lang='lat' dir='ltr'><strong>si</strong></span> <span class='ocrx_word' id='word_1_198' title='bbox 1802 1426 1904 1493; x_wconf 73' lang='lat' dir='ltr'><strong>pro</strong></span> <span class='ocrx_word' id='word_1_199' title='bbox 1941 1436 2092 1480; x_wconf 81' lang='lat' dir='ltr'><strong>certo</strong></span> <span class='ocrx_word' id='word_1_200' title='bbox 2137 1426 2491 1483; x_wconf 75' lang='lat' dir='ltr'><strong>liberabimus</strong></span> <span class='ocrx_word' id='word_1_201' title='bbox 2545 1428 2911 1496; x_wconf 86' lang='lat' dir='ltr'><strong>nosmetipsos</strong></span> <span class='ocrx_word' id='word_1_202' title='bbox 2952 1428 3006 1481; x_wconf 92' lang='lat' dir='ltr'><strong>iu</strong></span> <span class='ocrx_word' id='word_1_203' title='bbox 3055 1427 3172 1496; x_wconf 80' lang='lat' dir='ltr'><strong>ejus</strong></span> <span class='ocrx_word' id='word_1_204' title='bbox 3205 1430 3303 1482; x_wconf 87' lang='lat' dir='ltr'><strong>ad·</strong></span> <span class='ocrx_word' id='word_1_205' title='bbox 3355 1486 3360 1492; x_wconf 69' lang='grc'>,</span> 
     </span>
     <span class='ocr_line' id='line_1_29' title="bbox 1723 1516 3303 1588; baseline 0.003 -19"><span class='ocrx_word' id='word_1_206' title='bbox 1723 1527 1965 1581; x_wconf 87' lang='lat' dir='ltr'><strong>ventum,</strong></span> <span class='ocrx_word' id='word_1_207' title='bbox 1993 1516 2235 1586; x_wconf 76' lang='lat' dir='ltr'><strong>profecto</strong></span> <span class='ocrx_word' id='word_1_208' title='bbox 2267 1516 2611 1573; x_wconf 80' lang='lat' dir='ltr'><strong>inveniemur</strong></span> <span class='ocrx_word' id='word_1_209' title='bbox 2657 1518 2906 1588; x_wconf 85' lang='lat' dir='ltr'><strong>discipuli</strong></span> <span class='ocrx_word' id='word_1_210' title='bbox 2936 1516 3087 1579; x_wconf 75' lang='lat' dir='ltr'><strong>lesu.</strong></span> <span class='ocrx_word' id='word_1_211' title='bbox 3135 1527 3191 1573; x_wconf 89' lang='lat' dir='ltr'><strong>et</strong></span> <span class='ocrx_word' id='word_1_212' title='bbox 3224 1519 3303 1573; x_wconf 89' lang='lat' dir='ltr'><strong>di·</strong></span> 
     </span>
     <span class='ocr_line' id='line_1_30' title="bbox 1721 1606 2899 1667; baseline 0.004 -6"><span class='ocrx_word' id='word_1_213' title='bbox 1721 1606 1862 1661; x_wconf 82' lang='lat' dir='ltr'><strong>vinae</strong></span> <span class='ocrx_word' id='word_1_214' title='bbox 1893 1608 2224 1664; x_wconf 69' lang='lat' dir='ltr'><strong>baereditatis</strong></span> <span class='ocrx_word' id='word_1_215' title='bbox 2252 1610 2598 1665; x_wconf 70' lang='lat' dir='ltr'><strong>instituentur</strong></span> <span class='ocrx_word' id='word_1_216' title='bbox 2634 1611 2899 1667; x_wconf 68' lang='lat' dir='ltr'><strong>haeredes.</strong></span> 
     </span>
    </p>

    <p class='ocr_par' dir='ltr' id='par_1_6' title="bbox 1793 1696 3301 1769">
     <span class='ocr_line' id='line_1_31' title="bbox 1793 1696 3301 1769; baseline 0.005 -17"><span class='ocrx_word' id='word_1_217' title='bbox 1793 1696 1883 1752; x_wconf 71' lang='lat' dir='ltr'><strong>lv.</strong></span> <span class='ocrx_word' id='word_1_218' title='bbox 1939 1697 2262 1755; x_wconf 80' lang='lat' dir='ltr'><strong>charissimi</strong></span> <span class='ocrx_word' id='word_1_219' title='bbox 2310 1701 2364 1755; x_wconf 93' lang='lat' dir='ltr'><strong>in</strong></span> <span class='ocrx_word' id='word_1_220' title='bbox 2416 1700 2675 1769; x_wconf 82' lang='lat' dir='ltr'><strong>Domino,</strong></span> <span class='ocrx_word' id='word_1_221' title='bbox 2721 1702 2912 1757; x_wconf 92' lang='lat' dir='ltr'><strong>turbor</strong></span> <span class='ocrx_word' id='word_1_222' title='bbox 2957 1703 3301 1759; x_wconf 76' lang='lat' dir='ltr'><strong>veliementer</strong></span> 
     </span>
    </p>
   </div>
   <div class='ocr_carea' id='block_1_6' title="bbox 191 1784 3301 1865">
    <p class='ocr_par' dir='ltr' id='par_1_7' title="bbox 191 1784 3301 1865">
     <span class='ocr_line' id='line_1_32' title="bbox 191 1784 3301 1865; baseline 0.001 -19"><span class='ocrx_word' id='word_1_223' title='bbox 191 1806 235 1846; x_wconf 88' lang='lat' dir='ltr'><strong>·e</strong></span> <span class='ocrx_word' id='word_1_224' title='bbox 275 1789 341 1846; x_wconf 83' lang='lat' dir='ltr'><strong>ad</strong></span> <span class='ocrx_word' id='word_1_225' title='bbox 384 1793 718 1861; x_wconf 78' lang='lat' dir='ltr'><strong>pergendum</strong></span> <span class='ocrx_word' id='word_1_226' title='bbox 760 1791 813 1844; x_wconf 90' lang='lat' dir='ltr'><strong>in</strong></span> <span class='ocrx_word' id='word_1_227' title='bbox 856 1790 1002 1845; x_wconf 90' lang='lat' dir='ltr'><strong>omni</strong></span> <span class='ocrx_word' id='word_1_228' title='bbox 1046 1791 1338 1846; x_wconf 82' lang='lat' dir='ltr'><strong>sanctitate</strong></span> <span class='ocrx_word' id='word_1_229' title='bbox 1382 1789 1448 1845; x_wconf 86' lang='lat' dir='ltr'><strong>ad</strong></span> <span class='ocrx_word' id='word_1_230' title='bbox 1491 1805 1618 1861; x_wconf 89' lang='lat' dir='ltr'><strong>pro·</strong></span> <span class='ocrx_word' id='word_1_231' title='bbox 1653 1784 1692 1840; x_wconf 81' lang='grc' dir='ltr'><strong><em>Β</em></strong></span> <span class='ocrx_word' id='word_1_232' title='bbox 1727 1800 1781 1845; x_wconf 83' lang='lat' dir='ltr'><strong>et</strong></span> <span class='ocrx_word' id='word_1_233' title='bbox 1822 1805 2045 1847; x_wconf 87' lang='lat' dir='ltr'><strong>moveor</strong></span> <span class='ocrx_word' id='word_1_234' title='bbox 2074 1791 2129 1847; x_wconf 89' lang='lat' dir='ltr'><strong>in</strong></span> <span class='ocrx_word' id='word_1_235' title='bbox 2164 1793 2358 1865; x_wconf 84' lang='lat' dir='ltr'><strong>spiritu</strong></span> <span class='ocrx_word' id='word_1_236' title='bbox 2395 1809 2551 1857; x_wconf 86' lang='lat' dir='ltr'><strong>mco,</strong></span> <span class='ocrx_word' id='word_1_237' title='bbox 2590 1795 2731 1863; x_wconf 77' lang='lat' dir='ltr'><strong>qttqd</strong></span> <span class='ocrx_word' id='word_1_238' title='bbox 2773 1794 3084 1850; x_wconf 86' lang='lat' dir='ltr'><strong>nominibus</strong></span> <span class='ocrx_word' id='word_1_239' title='bbox 3116 1795 3301 1855; x_wconf 79' lang='lat' dir='ltr'><strong>amicti</strong></span> 
     </span>
    </p>
   </div>
   <div class='ocr_carea' id='block_1_7' title="bbox 190 1883 1619 4432">
    <p class='ocr_par' dir='ltr' id='par_1_8' title="bbox 190 1883 1619 4432">
     <span class='ocr_line' id='line_1_33' title="bbox 191 1883 1618 1955; baseline 0.001 -17"><span class='ocrx_word' id='word_1_240' title='bbox 191 1899 219 1938; x_wconf 85' lang='lat' dir='ltr'><strong>a</strong></span> <span class='ocrx_word' id='word_1_241' title='bbox 264 1883 608 1940; x_wconf 89' lang='lat' dir='ltr'><strong>Conditorem</strong></span> <span class='ocrx_word' id='word_1_242' title='bbox 653 1902 667 1941; x_wconf 72' lang='grc' dir='ltr'><strong><em>ε</em></strong></span> <span class='ocrx_word' id='word_1_243' title='bbox 716 1884 807 1955; x_wconf 85' lang='lat' dir='ltr'><strong>qui</strong></span> <span class='ocrx_word' id='word_1_244' title='bbox 860 1899 1090 1939; x_wconf 90' lang='lat' dir='ltr'><strong>cernens</strong></span> <span class='ocrx_word' id='word_1_245' title='bbox 1145 1894 1453 1939; x_wconf 85' lang='lat' dir='ltr'><strong>creaturam</strong></span> <span class='ocrx_word' id='word_1_246' title='bbox 1511 1900 1618 1939; x_wconf 89' lang='lat' dir='ltr'><strong>uon</strong></span> 
     </span>
     <span class='ocr_line' id='line_1_34' title="bbox 191 1974 1619 2047; baseline 0 -16"><span class='ocrx_word' id='word_1_247' title='bbox 191 1992 211 2031; x_wconf 74' lang='lat' dir='ltr'><strong>s</strong></span> <span class='ocrx_word' id='word_1_248' title='bbox 239 1991 436 2032; x_wconf 82' lang='lat' dir='ltr'><strong>curare</strong></span> <span class='ocrx_word' id='word_1_249' title='bbox 473 1976 683 2047; x_wconf 75' lang='lat' dir='ltr'><strong>plagam</strong></span> <span class='ocrx_word' id='word_1_250' title='bbox 716 1976 1008 2046; x_wconf 68' lang='lat' dir='ltr'><strong>quaefacta</strong></span> <span class='ocrx_word' id='word_1_251' title='bbox 1039 1976 1201 2030; x_wconf 85' lang='lat' dir='ltr'><strong>luerit</strong></span> <span class='ocrx_word' id='word_1_252' title='bbox 1227 1974 1451 2040; x_wconf 67' lang='lat' dir='ltr'><strong>ludaeis.</strong></span> <span class='ocrx_word' id='word_1_253' title='bbox 1488 1991 1619 2045; x_wconf 91' lang='lat' dir='ltr'><strong>pro-</strong></span> 
     </span>
     <span class='ocr_line' id='line_1_35' title="bbox 231 2066 1614 2137; baseline 0.003 -19"><span class='ocrx_word' id='word_1_254' title='bbox 231 2067 482 2129; x_wconf 79' lang='lat' dir='ltr'><strong>vide-licet</strong></span> <span class='ocrx_word' id='word_1_255' title='bbox 533 2068 814 2134; x_wconf 80' lang='lat' dir='ltr'><strong>membris,</strong></span> <span class='ocrx_word' id='word_1_256' title='bbox 865 2066 1029 2123; x_wconf 80' lang='lat' dir='ltr'><strong>Pater</strong></span> <span class='ocrx_word' id='word_1_257' title='bbox 1067 2069 1181 2137; x_wconf 88' lang='lat' dir='ltr'><strong>ipse</strong></span> <span class='ocrx_word' id='word_1_258' title='bbox 1213 2078 1614 2134; x_wconf 83' lang='lat' dir='ltr'><strong>creaturarum,</strong></span> 
     </span>
     <span class='ocr_line' id='line_1_36' title="bbox 191 2159 1618 2225; baseline 0.002 -13"><span class='ocrx_word' id='word_1_259' title='bbox 191 2175 229 2216; x_wconf 62' lang='lat' dir='ltr'><strong>ts</strong></span> <span class='ocrx_word' id='word_1_260' title='bbox 275 2159 641 2215; x_wconf 77' lang='lat' dir='ltr'><strong>infirmitatem</strong></span> <span class='ocrx_word' id='word_1_261' title='bbox 680 2175 876 2216; x_wconf 81' lang='lat' dir='ltr'><strong>sensus</strong></span> <span class='ocrx_word' id='word_1_262' title='bbox 916 2174 1128 2225; x_wconf 85' lang='lat' dir='ltr'><strong>eornm,</strong></span> <span class='ocrx_word' id='word_1_263' title='bbox 1175 2169 1257 2215; x_wconf 91' lang='lat' dir='ltr'><strong>est</strong></span> <span class='ocrx_word' id='word_1_264' title='bbox 1293 2170 1470 2215; x_wconf 89' lang='lat' dir='ltr'><strong>motus</strong></span> <span class='ocrx_word' id='word_1_265' title='bbox 1504 2162 1618 2215; x_wconf 85' lang='lat' dir='ltr'><strong>vis-</strong></span> 
     </span>
     <span class='ocr_line' id='line_1_37' title="bbox 191 2252 1614 2316; baseline -0.001 -11"><span class='ocrx_word' id='word_1_266' title='bbox 191 2266 269 2305; x_wconf 68' lang='lat' dir='ltr'><strong>tus</strong></span> <span class='ocrx_word' id='word_1_267' title='bbox 296 2252 440 2306; x_wconf 88' lang='lat' dir='ltr'><strong>eirca</strong></span> <span class='ocrx_word' id='word_1_268' title='bbox 466 2265 582 2316; x_wconf 83' lang='lat' dir='ltr'><strong>eos,</strong></span> <span class='ocrx_word' id='word_1_269' title='bbox 605 2259 661 2306; x_wconf 88' lang='lat' dir='ltr'><strong>et</strong></span> <span class='ocrx_word' id='word_1_270' title='bbox 687 2252 984 2307; x_wconf 77' lang='lat' dir='ltr'><strong>set-undum</strong></span> <span class='ocrx_word' id='word_1_271' title='bbox 1013 2252 1232 2306; x_wconf 82' lang='lat' dir='ltr'><strong>multant</strong></span> <span class='ocrx_word' id='word_1_272' title='bbox 1262 2253 1614 2306; x_wconf 83' lang='lat' dir='ltr'><strong>dilectionem</strong></span> 
     </span>
     <span class='ocr_line' id='line_1_38' title="bbox 227 2323 1619 2415; baseline 0 -18"><span class='ocrx_word' id='word_1_273' title='bbox 227 2358 333 2398; x_wconf 93' lang='lat' dir='ltr'><strong>non</strong></span> <span class='ocrx_word' id='word_1_274' title='bbox 374 2346 612 2413; x_wconf 83' lang='lat' dir='ltr'><strong>pepercit</strong></span> <span class='ocrx_word' id='word_1_275' title='bbox 644 2345 921 2415; x_wconf 77' lang='lat' dir='ltr'><strong>unigenito</strong></span> <span class='ocrx_word' id='word_1_276' title='bbox 955 2344 1090 2401; x_wconf 81' lang='lat' dir='ltr'><strong>Filio</strong></span> <span class='ocrx_word' id='word_1_277' title='bbox 1138 2360 1260 2409; x_wconf 88' lang='lat' dir='ltr'><strong>suo,</strong></span> <span class='ocrx_word' id='word_1_278' title='bbox 1299 2344 1403 2399; x_wconf 87' lang='lat' dir='ltr'><strong>sed·</strong></span> <span class='ocrx_word' id='word_1_279' title='bbox 1425 2345 1494 2399; x_wconf 93' lang='lat' dir='ltr'><strong>ob</strong></span> <span class='ocrx_word' id='word_1_280' title='bbox 1527 2323 1619 2398; x_wconf 74' lang='lat' dir='ltr'><strong>no-</strong></span> 
     </span>
     <span class='ocr_line' id='line_1_39' title="bbox 190 2435 1613 2506; baseline 0.001 -17"><span class='ocrx_word' id='word_1_281' title='bbox 190 2454 219 2489; x_wconf 88' lang='lat' dir='ltr'><strong>u</strong></span> <span class='ocrx_word' id='word_1_282' title='bbox 244 2436 487 2490; x_wconf 65' lang='lat' dir='ltr'><strong>oxnnium</strong></span> <span class='ocrx_word' id='word_1_283' title='bbox 514 2435 998 2491; x_wconf 81' lang='lat' dir='ltr'><strong>salntetn&#39;tradidit</strong></span> <span class='ocrx_word' id='word_1_284' title='bbox 1021 2452 1144 2491; x_wconf 77' lang='lat' dir='ltr'><strong>enin</strong></span> <span class='ocrx_word' id='word_1_285' title='bbox 1182 2448 1400 2506; x_wconf 83' lang='lat' dir='ltr'><strong>propter</strong></span> <span class='ocrx_word' id='word_1_286' title='bbox 1428 2446 1613 2491; x_wconf 83' lang='lat' dir='ltr'><strong>nostru</strong></span> 
     </span>
     <span class='ocr_line' id='line_1_40' title="bbox 202 2526 1614 2597; baseline 0.001 -16"><span class='ocrx_word' id='word_1_287' title='bbox 202 2538 252 2581; x_wconf 84' lang='lat' dir='ltr'><strong>ta</strong></span> <span class='ocrx_word' id='word_1_288' title='bbox 278 2526 346 2582; x_wconf 78' lang='lat'><strong>⁸⁸.</strong></span> <span class='ocrx_word' id='word_1_289' title='bbox 381 2526 445 2582; x_wconf 79' lang='lat' dir='ltr'><strong>Et</strong></span> <span class='ocrx_word' id='word_1_290' title='bbox 476 2527 789 2594; x_wconf 74' lang='lat' dir='ltr'><strong>iniquitates</strong></span> <span class='ocrx_word' id='word_1_291' title='bbox 821 2528 1036 2597; x_wconf 80' lang='lat' dir='ltr'><strong>quidem</strong></span> <span class='ocrx_word' id='word_1_292' title='bbox 1066 2541 1264 2582; x_wconf 78' lang='lat' dir='ltr'><strong>nostra:</strong></span> <span class='ocrx_word' id='word_1_293' title='bbox 1296 2527 1614 2583; x_wconf 80' lang='lat' dir='ltr'><strong>humiliave·</strong></span> 
     </span>
     <span class='ocr_line' id='line_1_41' title="bbox 191 2618 1615 2689; baseline 0.001 -15"><span class='ocrx_word' id='word_1_294' title='bbox 191 2634 335 2681; x_wconf 82' lang='lat' dir='ltr'><strong>eunt,</strong></span> <span class='ocrx_word' id='word_1_295' title='bbox 373 2618 547 2674; x_wconf 80' lang='lat' dir='ltr'><strong>livore</strong></span> <span class='ocrx_word' id='word_1_296' title='bbox 580 2629 763 2673; x_wconf 66' lang='lat' dir='ltr'><strong>curtem</strong></span> <span class='ocrx_word' id='word_1_297' title='bbox 795 2618 914 2689; x_wconf 80' lang='lat' dir='ltr'><strong>ejus</strong></span> <span class='ocrx_word' id='word_1_298' title='bbox 947 2636 1046 2675; x_wconf 91' lang='lat' dir='ltr'><strong>nos</strong></span> <span class='ocrx_word' id='word_1_299' title='bbox 1081 2634 1270 2674; x_wconf 89' lang='lat' dir='ltr'><strong>omnes</strong></span> <span class='ocrx_word' id='word_1_300' title='bbox 1312 2620 1492 2674; x_wconf 76' lang='lat' dir='ltr'><strong>sanati</strong></span> <span class='ocrx_word' id='word_1_301' title='bbox 1524 2635 1615 2675; x_wconf 88' lang='lat' dir='ltr'><strong>su·</strong></span> 
     </span>
     <span class='ocr_line' id='line_1_42' title="bbox 194 2709 1615 2784; baseline 0.001 -18"><span class='ocrx_word' id='word_1_302' title='bbox 194 2710 268 2766; x_wconf 82' lang='lat'><strong>⁸¹.</strong></span> <span class='ocrx_word' id='word_1_303' title='bbox 299 2709 400 2765; x_wconf 85' lang='lat' dir='ltr'><strong>llic</strong></span> <span class='ocrx_word' id='word_1_304' title='bbox 431 2712 780 2782; x_wconf 70' lang='lat' dir='ltr'><strong>congregavit</strong></span> <span class='ocrx_word' id='word_1_305' title='bbox 808 2727 907 2767; x_wconf 88' lang='lat' dir='ltr'><strong>nos</strong></span> <span class='ocrx_word' id='word_1_306' title='bbox 928 2727 995 2767; x_wconf 88' lang='lat' dir='ltr'><strong>ex</strong></span> <span class='ocrx_word' id='word_1_307' title='bbox 1023 2714 1274 2767; x_wconf 71' lang='lat' dir='ltr'><strong>‹nttnibus</strong></span> <span class='ocrx_word' id='word_1_308' title='bbox 1306 2712 1615 2784; x_wconf 74' lang='lat' dir='ltr'><strong>regionibus</strong></span> 
     </span>
     <span class='ocr_line' id='line_1_43' title="bbox 191 2803 1608 2866; baseline 0.002 -10"><span class='ocrx_word' id='word_1_309' title='bbox 191 2819 206 2856; x_wconf 83' lang='grc' dir='ltr'><strong>ι</strong></span> <span class='ocrx_word' id='word_1_310' title='bbox 235 2803 455 2857; x_wconf 83' lang='lat' dir='ltr'><strong>virtutis</strong></span> <span class='ocrx_word' id='word_1_311' title='bbox 479 2817 612 2866; x_wconf 67' lang='lat' dir='ltr'><strong>suae,</strong></span> <span class='ocrx_word' id='word_1_312' title='bbox 641 2806 808 2859; x_wconf 81' lang='lat' dir='ltr'><strong>donec</strong></span> <span class='ocrx_word' id='word_1_313' title='bbox 834 2804 982 2858; x_wconf 89' lang='lat' dir='ltr'><strong>illam</strong></span> <span class='ocrx_word' id='word_1_314' title='bbox 1007 2820 1202 2860; x_wconf 88' lang='lat' dir='ltr'><strong>sensus</strong></span> <span class='ocrx_word' id='word_1_315' title='bbox 1227 2807 1399 2859; x_wconf 89' lang='lat' dir='ltr'><strong>nostri</strong></span> <span class='ocrx_word' id='word_1_316' title='bbox 1433 2820 1608 2860; x_wconf 89' lang='lat' dir='ltr'><strong>resur·</strong></span> 
     </span>
     <span class='ocr_line' id='line_1_44' title="bbox 191 2890 1616 2961; baseline 0.004 -13"><span class='ocrx_word' id='word_1_317' title='bbox 191 2907 339 2948; x_wconf 76' lang='lat' dir='ltr'><strong>anem</strong></span> <span class='ocrx_word' id='word_1_318' title='bbox 370 2890 631 2961; x_wconf 80' lang='lat' dir='ltr'><strong>effecerit,</strong></span> <span class='ocrx_word' id='word_1_319' title='bbox 654 2894 850 2958; x_wconf 79' lang='lat' dir='ltr'><strong>doeens</strong></span> <span class='ocrx_word' id='word_1_320' title='bbox 871 2912 971 2952; x_wconf 82' lang='lat' dir='ltr'><strong>nos</strong></span> <span class='ocrx_word' id='word_1_321' title='bbox 1001 2896 1327 2952; x_wconf 87' lang='lat' dir='ltr'><strong>alterutrum</strong></span> <span class='ocrx_word' id='word_1_322' title='bbox 1350 2897 1616 2953; x_wconf 83' lang='lat' dir='ltr'><strong>exsistere</strong></span> 
     </span>
     <span class='ocr_line' id='line_1_45' title="bbox 194 2985 310 3038; baseline 0 0"><span class='ocrx_word' id='word_1_323' title='bbox 194 2985 310 3038; x_wconf 85' lang='lat' dir='ltr'><strong>bra.</strong></span> 
     </span>
     <span class='ocr_line' id='line_1_46' title="bbox 191 3075 1612 3152; baseline 0.004 -22"><span class='ocrx_word' id='word_1_324' title='bbox 191 3115 199 3130; x_wconf 90' lang='lat'><em>.</em></span> <span class='ocrx_word' id='word_1_325' title='bbox 233 3075 402 3133; x_wconf 83' lang='lat' dir='ltr'><strong>Docet</strong></span> <span class='ocrx_word' id='word_1_326' title='bbox 444 3077 649 3133; x_wconf 86' lang='lat' dir='ltr'><strong>ideirco</strong></span> <span class='ocrx_word' id='word_1_327' title='bbox 679 3079 944 3136; x_wconf 81' lang='lat' dir='ltr'><strong>universis</strong></span> <span class='ocrx_word' id='word_1_328' title='bbox 990 3081 1147 3136; x_wconf 91' lang='lat' dir='ltr'><strong>nobis</strong></span> <span class='ocrx_word' id='word_1_329' title='bbox 1191 3081 1612 3152; x_wconf 84' lang='lat' dir='ltr'><strong>properantibus</strong></span> 
     </span>
     <span class='ocr_line' id='line_1_47' title="bbox 191 3171 1608 3241; baseline 0.006 -17"><span class='ocrx_word' id='word_1_330' title='bbox 191 3173 408 3241; x_wconf 67' lang='lat' dir='ltr'><strong>optimu</strong></span> <span class='ocrx_word' id='word_1_331' title='bbox 440 3171 818 3238; x_wconf 84' lang='lat' dir='ltr'><strong>Conditorem,</strong></span> <span class='ocrx_word' id='word_1_332' title='bbox 841 3190 1103 3231; x_wconf 83' lang='lat' dir='ltr'><strong>exercere</strong></span> <span class='ocrx_word' id='word_1_333' title='bbox 1138 3177 1483 3232; x_wconf 82' lang='lat' dir='ltr'><strong>habitudines</strong></span> <span class='ocrx_word' id='word_1_334' title='bbox 1509 3194 1608 3232; x_wconf 90' lang='lat' dir='ltr'><strong>no·-</strong></span> 
     </span>
     <span class='ocr_line' id='line_1_48' title="bbox 206 3261 1606 3341; baseline 0.006 -25"><span class='ocrx_word' id='word_1_335' title='bbox 206 3277 272 3317; x_wconf 88' lang='lat' dir='ltr'><strong>ae</strong></span> <span class='ocrx_word' id='word_1_336' title='bbox 301 3276 496 3317; x_wconf 85' lang='lat' dir='ltr'><strong>sensns</strong></span> <span class='ocrx_word' id='word_1_337' title='bbox 521 3261 698 3318; x_wconf 84' lang='lat' dir='ltr'><strong>officia</strong></span> <span class='ocrx_word' id='word_1_338' title='bbox 731 3265 798 3319; x_wconf 88' lang='lat' dir='ltr'><strong>ad</strong></span> <span class='ocrx_word' id='word_1_339' title='bbox 830 3265 1237 3341; x_wconf 74' lang='lat' dir='ltr'><strong>agnoscendam</strong></span> <span class='ocrx_word' id='word_1_340' title='bbox 1262 3267 1606 3341; x_wconf 76' lang='lat' dir='ltr'><strong>dignitatem,</strong></span> 
     </span>
     <span class='ocr_line' id='line_1_49' title="bbox 191 3340 1607 3425; baseline 0.006 -17"><span class='ocrx_word' id='word_1_341' title='bbox 191 3354 427 3425; x_wconf 84' lang='lat' dir='ltr'><strong>tnaliqne</strong></span> <span class='ocrx_word' id='word_1_342' title='bbox 451 3354 571 3410; x_wconf 79' lang='lat' dir='ltr'><strong>disc</strong></span> <span class='ocrx_word' id='word_1_343' title='bbox 582 3356 785 3419; x_wconf 76' lang='lat' dir='ltr'><strong>rimer..</strong></span> <span class='ocrx_word' id='word_1_344' title='bbox 804 3366 868 3410; x_wconf 75' lang='lat' dir='ltr'><strong>ut</strong></span> <span class='ocrx_word' id='word_1_345' title='bbox 890 3342 1079 3423; x_wconf 64' lang='lat' dir='ltr'><strong>sq&#39;u‘iis</strong></span> <span class='ocrx_word' id='word_1_346' title='bbox 1100 3340 1298 3413; x_wconf 46' lang='lat' dir='ltr'><strong>&#39;tamnes</strong></span> <span class='ocrx_word' id='word_1_347' title='bbox 1330 3358 1448 3415; x_wconf 80' lang='lat' dir='ltr'><strong>illas</strong></span> <span class='ocrx_word' id='word_1_348' title='bbox 1478 3358 1607 3416; x_wconf 78' lang='lat' dir='ltr'><strong>Jesu</strong></span> 
     </span>
     <span class='ocr_line' id='line_1_50' title="bbox 192 3434 1606 3535; baseline 0.007 -36"><span class='ocrx_word' id='word_1_349' title='bbox 192 3448 465 3505; x_wconf 64' lang='lat' dir='ltr'><strong>nationes</strong></span> <span class='ocrx_word' id='word_1_350' title='bbox 495 3434 640 3515; x_wconf 80' lang='lat' dir='ltr'><strong>quas</strong></span> <span class='ocrx_word' id='word_1_351' title='bbox 669 3444 759 3499; x_wconf 75' lang='lat' dir='ltr'><strong>itte</strong></span> <span class='ocrx_word' id='word_1_352' title='bbox 786 3448 1004 3516; x_wconf 87' lang='lat' dir='ltr'><strong>proprio</strong></span> <span class='ocrx_word' id='word_1_353' title='bbox 1033 3450 1426 3535; x_wconf 31' lang='lat' dir='ltr'><strong>dedit‘all&#39;ectu,</strong></span> <span class='ocrx_word' id='word_1_354' title='bbox 1453 3454 1606 3509; x_wconf 90' lang='lat' dir='ltr'><strong>simi-</strong></span> 
     </span>
     <span class='ocr_line' id='line_1_51' title="bbox 194 3536 1609 3615; baseline 0.01 -27"><span class='ocrx_word' id='word_1_355' title='bbox 194 3539 282 3588; x_wconf 66' lang='lat' dir='ltr'><strong>bis</strong></span> <span class='ocrx_word' id='word_1_356' title='bbox 326 3536 508 3588; x_wconf 73' lang='lat' dir='ltr'><strong>t‘actus</strong></span> <span class='ocrx_word' id='word_1_357' title='bbox 540 3551 638 3603; x_wconf 81' lang='lat' dir='ltr'><strong>per</strong></span> <span class='ocrx_word' id='word_1_358' title='bbox 667 3537 852 3591; x_wconf 84' lang='lat' dir='ltr'><strong>omnia</strong></span> <span class='ocrx_word' id='word_1_359' title='bbox 878 3550 1101 3610; x_wconf 85' lang='lat' dir='ltr'><strong>excepto</strong></span> <span class='ocrx_word' id='word_1_360' title='bbox 1127 3555 1354 3615; x_wconf 84' lang='lat' dir='ltr'><strong>peccato</strong></span> <span class='ocrx_word' id='word_1_361' title='bbox 1375 3547 1440 3599; x_wconf 81' lang='lat'><strong>²⁸.</strong></span> <span class='ocrx_word' id='word_1_362' title='bbox 1481 3546 1609 3602; x_wconf 84' lang='lat' dir='ltr'><strong>Pro·</strong></span> 
     </span>
     <span class='ocr_line' id='line_1_52' title="bbox 191 3626 1608 3696; baseline 0.006 -20"><span class='ocrx_word' id='word_1_363' title='bbox 191 3626 417 3676; x_wconf 75' lang='lat' dir='ltr'><strong>numam</strong></span> <span class='ocrx_word' id='word_1_364' title='bbox 465 3639 595 3678; x_wconf 87' lang='lat' dir='ltr'><strong>vero</strong></span> <span class='ocrx_word' id='word_1_365' title='bbox 628 3626 882 3683; x_wconf 87' lang='lat' dir='ltr'><strong>malitiam</strong></span> <span class='ocrx_word' id='word_1_366' title='bbox 914 3642 1155 3691; x_wconf 80' lang='lat' dir='ltr'><strong>nostram</strong></span> <span class='ocrx_word' id='word_1_367' title='bbox 1184 3638 1608 3696; x_wconf 84' lang='lat' dir='ltr'><strong>districtionem.</strong></span> 
     </span>
     <span class='ocr_line' id='line_1_53' title="bbox 191 3714 1605 3795; baseline 0.011 -29"><span class='ocrx_word' id='word_1_368' title='bbox 191 3714 409 3767; x_wconf 61' lang='lat' dir='ltr'><strong>malitiae</strong></span> <span class='ocrx_word' id='word_1_369' title='bbox 446 3724 503 3769; x_wconf 93' lang='lat' dir='ltr'><strong>ct</strong></span> <span class='ocrx_word' id='word_1_370' title='bbox 555 3718 893 3780; x_wconf 70' lang='lat' dir='ltr'><strong>gravedinem</strong></span> <span class='ocrx_word' id='word_1_371' title='bbox 949 3722 1330 3783; x_wconf 65' lang='lat' dir='ltr'><strong>inconstantiae</strong></span> <span class='ocrx_word' id='word_1_372' title='bbox 1386 3739 1605 3795; x_wconf 84' lang='lat' dir='ltr'><strong>nostrae,</strong></span> 
     </span>
     <span class='ocr_line' id='line_1_54' title="bbox 191 3807 1601 3888; baseline 0.016 -32"><span class='ocrx_word' id='word_1_373' title='bbox 191 3821 216 3858; x_wconf 82' lang='lat' dir='ltr'><strong>s</strong></span> <span class='ocrx_word' id='word_1_374' title='bbox 253 3815 334 3859; x_wconf 82' lang='lat' dir='ltr'><strong>est</strong></span> <span class='ocrx_word' id='word_1_375' title='bbox 368 3807 631 3864; x_wconf 78' lang='lat' dir='ltr'><strong>adventus</strong></span> <span class='ocrx_word' id='word_1_376' title='bbox 655 3809 792 3880; x_wconf 78' lang='lat' dir='ltr'><strong>eJus,</strong></span> <span class='ocrx_word' id='word_1_377' title='bbox 824 3815 1155 3882; x_wconf 80' lang='lat' dir='ltr'><strong>quibusdam</strong></span> <span class='ocrx_word' id='word_1_378' title='bbox 1187 3819 1400 3888; x_wconf 83' lang='lat' dir='ltr'><strong>quidem</strong></span> <span class='ocrx_word' id='word_1_379' title='bbox 1432 3821 1601 3878; x_wconf 87' lang='lat' dir='ltr'><strong>stulti·</strong></span> 
     </span>
     <span class='ocr_line' id='line_1_55' title="bbox 191 3896 1608 3983; baseline 0.013 -34"><span class='ocrx_word' id='word_1_380' title='bbox 191 3896 296 3951; x_wconf 74' lang='lat' dir='ltr'><strong>iliis</strong></span> <span class='ocrx_word' id='word_1_381' title='bbox 324 3913 455 3954; x_wconf 89' lang='lat' dir='ltr'><strong>vcro</strong></span> <span class='ocrx_word' id='word_1_382' title='bbox 481 3901 787 3983; x_wconf 72' lang='lat' dir='ltr'><strong>scandalum</strong></span> <span class='ocrx_word' id='word_1_383' title='bbox 811 3904 890 3971; x_wconf 79' lang='lat'><strong>⁸⁸;</strong></span> <span class='ocrx_word' id='word_1_384' title='bbox 919 3906 1074 3964; x_wconf 85' lang='lat' dir='ltr'><strong>alteri</strong></span> <span class='ocrx_word' id='word_1_385' title='bbox 1104 3912 1243 3980; x_wconf 83' lang='lat' dir='ltr'><strong>parti</strong></span> <span class='ocrx_word' id='word_1_386' title='bbox 1274 3913 1608 3970; x_wconf 78' lang='lat' dir='ltr'><strong>emolumen-</strong></span> 
     </span>
     <span class='ocr_line' id='line_1_56' title="bbox 228 3988 1606 4073; baseline 0.012 -31"><span class='ocrx_word' id='word_1_387' title='bbox 228 3988 462 4060; x_wconf 85' lang='lat' dir='ltr'><strong>itemqne</strong></span> <span class='ocrx_word' id='word_1_388' title='bbox 490 3989 609 4046; x_wconf 81' lang='lat' dir='ltr'><strong>aliis</strong></span> <span class='ocrx_word' id='word_1_389' title='bbox 652 3995 914 4065; x_wconf 80' lang='lat' dir='ltr'><strong>sapientia</strong></span> <span class='ocrx_word' id='word_1_390' title='bbox 957 4008 1014 4054; x_wconf 92' lang='lat' dir='ltr'><strong>et</strong></span> <span class='ocrx_word' id='word_1_391' title='bbox 1058 4000 1262 4070; x_wconf 80' lang='lat' dir='ltr'><strong>virtus;</strong></span> <span class='ocrx_word' id='word_1_392' title='bbox 1293 4018 1454 4073; x_wconf 90' lang='lat' dir='ltr'><strong>porro</strong></span> <span class='ocrx_word' id='word_1_393' title='bbox 1485 4004 1606 4059; x_wconf 88' lang='lat' dir='ltr'><strong>aliis</strong></span> 
     </span>
     <span class='ocr_line' id='line_1_57' title="bbox 192 4082 1606 4159; baseline 0.009 -25"><span class='ocrx_word' id='word_1_394' title='bbox 192 4082 363 4135; x_wconf 81' lang='lat' dir='ltr'><strong>rectio</strong></span> <span class='ocrx_word' id='word_1_395' title='bbox 391 4090 446 4136; x_wconf 91' lang='lat' dir='ltr'><strong>et</strong></span> <span class='ocrx_word' id='word_1_396' title='bbox 479 4083 608 4137; x_wconf 78' lang='lat' dir='ltr'><strong>rita.</strong></span> <span class='ocrx_word' id='word_1_397' title='bbox 648 4084 760 4142; x_wconf 92' lang='lat' dir='ltr'><strong>lloc</strong></span> <span class='ocrx_word' id='word_1_398' title='bbox 787 4102 1005 4159; x_wconf 80' lang='lat' dir='ltr'><strong>quoque</strong></span> <span class='ocrx_word' id='word_1_399' title='bbox 1035 4094 1382 4150; x_wconf 61' lang='lat' dir='ltr'><strong>inanire-stum</strong></span> <span class='ocrx_word' id='word_1_400' title='bbox 1413 4098 1487 4150; x_wconf 89' lang='lat' dir='ltr'><strong>sit</strong></span> <span class='ocrx_word' id='word_1_401' title='bbox 1512 4110 1606 4148; x_wconf 83' lang='lat' dir='ltr'><strong>vo-</strong></span> 
     </span>
     <span class='ocr_line' id='line_1_58' title="bbox 191 4172 1604 4257; baseline 0.011 -34"><span class='ocrx_word' id='word_1_402' title='bbox 191 4172 307 4239; x_wconf 57' lang='lat' dir='ltr'><strong>guod</strong></span> <span class='ocrx_word' id='word_1_403' title='bbox 334 4172 600 4229; x_wconf 78' lang='lat' dir='ltr'><strong>adventus</strong></span> <span class='ocrx_word' id='word_1_404' title='bbox 626 4174 769 4233; x_wconf 83' lang='lat' dir='ltr'><strong>illius</strong></span> <span class='ocrx_word' id='word_1_405' title='bbox 802 4176 981 4234; x_wconf 76' lang='lat' dir='ltr'><strong>sactus</strong></span> <span class='ocrx_word' id='word_1_406' title='bbox 1011 4182 1082 4237; x_wconf 88' lang='lat' dir='ltr'><strong>sit</strong></span> <span class='ocrx_word' id='word_1_407' title='bbox 1110 4186 1256 4238; x_wconf 91' lang='lat' dir='ltr'><strong>omni</strong></span> <span class='ocrx_word' id='word_1_408' title='bbox 1285 4187 1487 4240; x_wconf 87' lang='lat' dir='ltr'><strong>mundo</strong></span> <span class='ocrx_word' id='word_1_409' title='bbox 1513 4186 1604 4257; x_wconf 84' lang='lat' dir='ltr'><strong>ju-</strong></span> 
     </span>
     <span class='ocr_line' id='line_1_59' title="bbox 196 4259 1602 4342; baseline 0.012 -28"><span class='ocrx_word' id='word_1_410' title='bbox 196 4278 254 4315; x_wconf 90' lang='lat' dir='ltr'><strong>n.</strong></span> <span class='ocrx_word' id='word_1_411' title='bbox 285 4259 422 4315; x_wconf 79' lang='lat' dir='ltr'><strong>Ecce</strong></span> <span class='ocrx_word' id='word_1_412' title='bbox 448 4263 609 4331; x_wconf 85' lang='lat' dir='ltr'><strong>enim,</strong></span> <span class='ocrx_word' id='word_1_413' title='bbox 641 4266 738 4330; x_wconf 78' lang='lat' dir='ltr'><strong>ait,</strong></span> <span class='ocrx_word' id='word_1_414' title='bbox 763 4269 972 4323; x_wconf 76' lang='lat' dir='ltr'><strong>veniunt</strong></span> <span class='ocrx_word' id='word_1_415' title='bbox 991 4272 1125 4338; x_wconf 79' lang='lat' dir='ltr'><strong>dies,</strong></span> <span class='ocrx_word' id='word_1_416' title='bbox 1153 4274 1278 4327; x_wconf 82' lang='lat' dir='ltr'><strong>dicit</strong></span> <span class='ocrx_word' id='word_1_417' title='bbox 1309 4274 1602 4342; x_wconf 69' lang='lat' dir='ltr'><strong>Donamus:</strong></span> 
     </span>
     <span class='ocr_line' id='line_1_60' title="bbox 192 4353 1602 4432; baseline 0.013 -28"><span class='ocrx_word' id='word_1_418' title='bbox 192 4368 282 4405; x_wconf 80' lang='lat' dir='ltr'><strong>nes</strong></span> <span class='ocrx_word' id='word_1_419' title='bbox 309 4353 470 4406; x_wconf 80' lang='lat' dir='ltr'><strong>scient</strong></span> <span class='ocrx_word' id='word_1_420' title='bbox 502 4371 582 4408; x_wconf 84' lang='lat' dir='ltr'><strong>me</strong></span> <span class='ocrx_word' id='word_1_421' title='bbox 600 4373 643 4429; x_wconf 29' lang='lat' dir='ltr'><strong>„a</strong></span> <span class='ocrx_word' id='word_1_422' title='bbox 674 4357 888 4413; x_wconf 68' lang='lat' dir='ltr'><strong>tutissimo</strong></span> <span class='ocrx_word' id='word_1_423' title='bbox 919 4377 1081 4432; x_wconf 76' lang='lat' dir='ltr'><strong>usque</strong></span> <span class='ocrx_word' id='word_1_424' title='bbox 1105 4365 1176 4416; x_wconf 84' lang='lat' dir='ltr'><strong>ad</strong></span> <span class='ocrx_word' id='word_1_425' title='bbox 1204 4366 1492 4421; x_wconf 80' lang='lat' dir='ltr'><strong>maximum</strong></span> <span class='ocrx_word' id='word_1_426' title='bbox 1514 4385 1602 4422; x_wconf 89' lang='lat' dir='ltr'><strong>eo-</strong></span> 
     </span>
    </p>
   </div>
   <div class='ocr_carea' id='block_1_8' title="bbox 1715 1886 3339 3241">
    <p class='ocr_par' dir='ltr' id='par_1_9' title="bbox 1715 1886 3339 3241">
     <span class='ocr_line' id='line_1_61' title="bbox 1721 1886 3300 1955; baseline 0.002 -17"><span class='ocrx_word' id='word_1_427' title='bbox 1721 1897 1931 1948; x_wconf 86' lang='lat' dir='ltr'><strong>sumns,</strong></span> <span class='ocrx_word' id='word_1_428' title='bbox 1965 1894 2017 1937; x_wconf 91' lang='lat' dir='ltr'><strong>ct</strong></span> <span class='ocrx_word' id='word_1_429' title='bbox 2047 1895 2365 1939; x_wconf 88' lang='lat' dir='ltr'><strong>sanctorum</strong></span> <span class='ocrx_word' id='word_1_430' title='bbox 2416 1886 2693 1940; x_wconf 80' lang='lat' dir='ltr'><strong>schemata</strong></span> <span class='ocrx_word' id='word_1_431' title='bbox 2744 1886 3045 1955; x_wconf 82' lang='lat' dir='ltr'><strong>bajulamus</strong></span> <span class='ocrx_word' id='word_1_432' title='bbox 3082 1888 3135 1941; x_wconf 85' lang='lat' dir='ltr'><strong>in</strong></span> <span class='ocrx_word' id='word_1_433' title='bbox 3167 1901 3300 1941; x_wconf 89' lang='lat' dir='ltr'><strong>con-</strong></span> 
     </span>
     <span class='ocr_line' id='line_1_62' title="bbox 1721 1973 3302 2046; baseline 0.003 -19"><span class='ocrx_word' id='word_1_434' title='bbox 1721 1982 1909 2041; x_wconf 85' lang='lat' dir='ltr'><strong>spectu</strong></span> <span class='ocrx_word' id='word_1_435' title='bbox 1962 1973 2259 2028; x_wconf 77' lang='lat' dir='ltr'><strong>infidelium</strong></span> <span class='ocrx_word' id='word_1_436' title='bbox 2311 1974 2629 2046; x_wconf 74' lang='lat' dir='ltr'><strong>gloriantes.</strong></span> <span class='ocrx_word' id='word_1_437' title='bbox 2686 1977 2798 2033; x_wconf 89' lang='lat' dir='ltr'><strong>Sed</strong></span> <span class='ocrx_word' id='word_1_438' title='bbox 2832 1989 3012 2032; x_wconf 86' lang='lat' dir='ltr'><strong>metuo</strong></span> <span class='ocrx_word' id='word_1_439' title='bbox 3055 1994 3123 2033; x_wconf 91' lang='lat' dir='ltr'><strong>ne</strong></span> <span class='ocrx_word' id='word_1_440' title='bbox 3170 1977 3302 2032; x_wconf 90' lang='lat' dir='ltr'><strong>illud</strong></span> 
     </span>
     <span class='ocr_line' id='line_1_63' title="bbox 1725 2061 3301 2140; baseline 0.003 -21"><span class='ocrx_word' id='word_1_441' title='bbox 1725 2061 1878 2119; x_wconf 85' lang='lat' dir='ltr'><strong>Pauli</strong></span> <span class='ocrx_word' id='word_1_442' title='bbox 1923 2065 2204 2120; x_wconf 89' lang='lat' dir='ltr'><strong>oraculum</strong></span> <span class='ocrx_word' id='word_1_443' title='bbox 2252 2066 2539 2135; x_wconf 77' lang='lat' dir='ltr'><strong>impleatur</strong></span> <span class='ocrx_word' id='word_1_444' title='bbox 2571 2068 2623 2122; x_wconf 92' lang='lat' dir='ltr'><strong>in</strong></span> <span class='ocrx_word' id='word_1_445' title='bbox 2657 2070 2835 2134; x_wconf 88' lang='lat' dir='ltr'><strong>nobis,</strong></span> <span class='ocrx_word' id='word_1_446' title='bbox 2868 2085 2976 2140; x_wconf 82' lang='lat' dir='ltr'><strong>qno</strong></span> <span class='ocrx_word' id='word_1_447' title='bbox 3019 2070 3096 2123; x_wconf 91' lang='lat' dir='ltr'><strong>ait</strong></span> <span class='ocrx_word' id='word_1_448' title='bbox 3130 2086 3143 2122; x_wconf 90' lang='lat'>:</span> <span class='ocrx_word' id='word_1_449' title='bbox 3180 2068 3301 2124; x_wconf 80' lang='lat' dir='ltr'><strong>Ha-</strong></span> 
     </span>
     <span class='ocr_line' id='line_1_64' title="bbox 1720 2156 3301 2233; baseline 0.005 -23"><span class='ocrx_word' id='word_1_450' title='bbox 1720 2156 1895 2210; x_wconf 77' lang='lat' dir='ltr'><strong>bentes</strong></span> <span class='ocrx_word' id='word_1_451' title='bbox 1923 2157 2153 2226; x_wconf 80' lang='lat' dir='ltr'><strong>[ormam</strong></span> <span class='ocrx_word' id='word_1_452' title='bbox 2193 2158 2426 2228; x_wconf 77' lang='lat' dir='ltr'><strong>pietatis,</strong></span> <span class='ocrx_word' id='word_1_453' title='bbox 2465 2160 2701 2214; x_wconf 77' lang='lat' dir='ltr'><strong>virtutem</strong></span> <span class='ocrx_word' id='word_1_454' title='bbox 2748 2172 2925 2215; x_wconf 81' lang='lat' dir='ltr'><strong>autem</strong></span> <span class='ocrx_word' id='word_1_455' title='bbox 2960 2161 3074 2233; x_wconf 78' lang='lat' dir='ltr'><strong>ejus</strong></span> <span class='ocrx_word' id='word_1_456' title='bbox 3104 2179 3301 2233; x_wconf 75' lang='lat' dir='ltr'><strong>neqeu-</strong></span> 
     </span>
     <span class='ocr_line' id='line_1_65' title="bbox 1719 2249 3303 2323; baseline 0.006 -22"><span class='ocrx_word' id='word_1_457' title='bbox 1719 2259 1792 2302; x_wconf 62' lang='grc' dir='ltr'><strong>ιρι</strong></span> <span class='ocrx_word' id='word_1_458' title='bbox 1829 2249 1898 2305; x_wconf 85' lang='lat'><strong>⁸⁸.</strong></span> <span class='ocrx_word' id='word_1_459' title='bbox 1952 2250 2024 2303; x_wconf 84' lang='lat' dir='ltr'><strong>De</strong></span> <span class='ocrx_word' id='word_1_460' title='bbox 2062 2251 2332 2305; x_wconf 82' lang='lat' dir='ltr'><strong>charitate</strong></span> <span class='ocrx_word' id='word_1_461' title='bbox 2377 2265 2507 2307; x_wconf 83' lang='lat' dir='ltr'><strong>vero</strong></span> <span class='ocrx_word' id='word_1_462' title='bbox 2540 2268 2703 2323; x_wconf 85' lang='lat' dir='ltr'><strong>quam</strong></span> <span class='ocrx_word' id='word_1_463' title='bbox 2740 2254 2913 2310; x_wconf 85' lang='lat' dir='ltr'><strong>haben</strong></span> <span class='ocrx_word' id='word_1_464' title='bbox 2958 2255 3010 2309; x_wconf 88' lang='lat' dir='ltr'><strong>in</strong></span> <span class='ocrx_word' id='word_1_465' title='bbox 3045 2269 3162 2322; x_wconf 76' lang='lat' dir='ltr'><strong>vos,</strong></span> <span class='ocrx_word' id='word_1_466' title='bbox 3203 2271 3303 2311; x_wconf 85' lang='lat' dir='ltr'><strong>oro</strong></span> 
     </span>
     <span class='ocr_line' id='line_1_66' title="bbox 1719 2341 3301 2413; baseline 0.004 -19"><span class='ocrx_word' id='word_1_467' title='bbox 1719 2358 1817 2411; x_wconf 88' lang='lat' dir='ltr'><strong>pro</strong></span> <span class='ocrx_word' id='word_1_468' title='bbox 1842 2342 1997 2396; x_wconf 85' lang='lat' dir='ltr'><strong>vobis</strong></span> <span class='ocrx_word' id='word_1_469' title='bbox 2023 2342 2088 2394; x_wconf 88' lang='lat' dir='ltr'><strong>ad</strong></span> <span class='ocrx_word' id='word_1_470' title='bbox 2126 2341 2316 2406; x_wconf 88' lang='lat' dir='ltr'><strong>Deum,</strong></span> <span class='ocrx_word' id='word_1_471' title='bbox 2352 2352 2409 2396; x_wconf 92' lang='lat' dir='ltr'><strong>ut</strong></span> <span class='ocrx_word' id='word_1_472' title='bbox 2442 2344 2801 2402; x_wconf 85' lang='lat' dir='ltr'><strong>consideretis</strong></span> <span class='ocrx_word' id='word_1_473' title='bbox 2832 2346 2998 2400; x_wconf 83' lang='lat' dir='ltr'><strong>vitam</strong></span> <span class='ocrx_word' id='word_1_474' title='bbox 3037 2356 3301 2413; x_wconf 80' lang='lat' dir='ltr'><strong>vestram,</strong></span> 
     </span>
     <span class='ocr_line' id='line_1_67' title="bbox 1717 2432 3297 2502; baseline -0.001 -16"><span class='ocrx_word' id='word_1_475' title='bbox 1717 2442 1772 2486; x_wconf 91' lang='lat' dir='ltr'><strong>et</strong></span> <span class='ocrx_word' id='word_1_476' title='bbox 1806 2433 2127 2487; x_wconf 71' lang='lat' dir='ltr'><strong>haereditate</strong></span> <span class='ocrx_word' id='word_1_477' title='bbox 2168 2432 2399 2502; x_wconf 88' lang='lat' dir='ltr'><strong>capiatis</strong></span> <span class='ocrx_word' id='word_1_478' title='bbox 2441 2447 2505 2486; x_wconf 91' lang='lat' dir='ltr'><strong>ea</strong></span> <span class='ocrx_word' id='word_1_479' title='bbox 2549 2448 2672 2502; x_wconf 76' lang='lat' dir='ltr'><strong>qnae</strong></span> <span class='ocrx_word' id='word_1_480' title='bbox 2718 2449 2826 2488; x_wconf 92' lang='lat' dir='ltr'><strong>non</strong></span> <span class='ocrx_word' id='word_1_481' title='bbox 2859 2432 3139 2500; x_wconf 58' lang='lat' dir='ltr'><strong>videntum</strong></span> <span class='ocrx_word' id='word_1_482' title='bbox 3173 2448 3297 2489; x_wconf 81' lang='lat' dir='ltr'><strong>nam</strong></span> 
     </span>
     <span class='ocr_line' id='line_1_68' title="bbox 1718 2522 3297 2595; baseline 0.004 -20"><span class='ocrx_word' id='word_1_483' title='bbox 1718 2538 1903 2577; x_wconf 83' lang='lat' dir='ltr'><strong>verum</strong></span> <span class='ocrx_word' id='word_1_484' title='bbox 1938 2527 2053 2591; x_wconf 71' lang='lat' dir='ltr'><strong>est,</strong></span> <span class='ocrx_word' id='word_1_485' title='bbox 2075 2522 2251 2588; x_wconf 85' lang='lat' dir='ltr'><strong>tilioli,</strong></span> <span class='ocrx_word' id='word_1_486' title='bbox 2280 2522 2424 2594; x_wconf 88' lang='lat' dir='ltr'><strong>quod</strong></span> <span class='ocrx_word' id='word_1_487' title='bbox 2447 2522 2612 2577; x_wconf 87' lang='lat' dir='ltr'><strong>etiam</strong></span> <span class='ocrx_word' id='word_1_488' title='bbox 2641 2527 2686 2579; x_wconf 81' lang='lat' dir='ltr'><strong>si</strong></span> <span class='ocrx_word' id='word_1_489' title='bbox 2714 2527 2902 2582; x_wconf 80' lang='lat' dir='ltr'><strong>demus</strong></span> <span class='ocrx_word' id='word_1_490' title='bbox 2931 2542 3030 2582; x_wconf 89' lang='lat' dir='ltr'><strong>nos</strong></span> <span class='ocrx_word' id='word_1_491' title='bbox 3059 2528 3203 2595; x_wconf 89' lang='lat' dir='ltr'><strong>ipsos</strong></span> <span class='ocrx_word' id='word_1_492' title='bbox 3228 2541 3297 2582; x_wconf 87' lang='lat' dir='ltr'><strong>ex</strong></span> 
     </span>
     <span class='ocr_line' id='line_1_69' title="bbox 1721 2613 3298 2687; baseline 0.004 -20"><span class='ocrx_word' id='word_1_493' title='bbox 1721 2623 1829 2668; x_wconf 87' lang='lat' dir='ltr'><strong>tota</strong></span> <span class='ocrx_word' id='word_1_494' title='bbox 1866 2616 2070 2668; x_wconf 89' lang='lat' dir='ltr'><strong>virtute</strong></span> <span class='ocrx_word' id='word_1_495' title='bbox 2104 2613 2384 2684; x_wconf 79' lang='lat' dir='ltr'><strong>inquirere</strong></span> <span class='ocrx_word' id='word_1_496' title='bbox 2413 2615 2601 2679; x_wconf 87' lang='lat' dir='ltr'><strong>Deum,</strong></span> <span class='ocrx_word' id='word_1_497' title='bbox 2630 2631 2727 2671; x_wconf 92' lang='lat' dir='ltr'><strong>nec</strong></span> <span class='ocrx_word' id='word_1_498' title='bbox 2755 2622 2835 2673; x_wconf 89' lang='lat' dir='ltr'><strong>sie</strong></span> <span class='ocrx_word' id='word_1_499' title='bbox 2857 2618 3071 2687; x_wconf 82' lang='lat' dir='ltr'><strong>quidem</strong></span> <span class='ocrx_word' id='word_1_500' title='bbox 3103 2619 3298 2674; x_wconf 90' lang='lat' dir='ltr'><strong>condi-</strong></span> 
     </span>
     <span class='ocr_line' id='line_1_70' title="bbox 1717 2706 3297 2779; baseline 0.003 -19"><span class='ocrx_word' id='word_1_501' title='bbox 1717 2722 1821 2779; x_wconf 76' lang='lat' dir='ltr'><strong>gna</strong></span> <span class='ocrx_word' id='word_1_502' title='bbox 1854 2707 2030 2779; x_wconf 80' lang='lat' dir='ltr'><strong>gratia</strong></span> <span class='ocrx_word' id='word_1_503' title='bbox 2061 2707 2188 2763; x_wconf 90' lang='lat' dir='ltr'><strong>erit.</strong></span> <span class='ocrx_word' id='word_1_504' title='bbox 2218 2706 2275 2761; x_wconf 88' lang='lat' dir='ltr'><strong>ld</strong></span> <span class='ocrx_word' id='word_1_505' title='bbox 2307 2707 2451 2761; x_wconf 89' lang='lat' dir='ltr'><strong>enim</strong></span> <span class='ocrx_word' id='word_1_506' title='bbox 2500 2708 2830 2776; x_wconf 79' lang='lat' dir='ltr'><strong>inquirimus</strong></span> <span class='ocrx_word' id='word_1_507' title='bbox 2873 2709 3016 2778; x_wconf 82' lang='lat' dir='ltr'><strong>qnod</strong></span> <span class='ocrx_word' id='word_1_508' title='bbox 3049 2721 3297 2764; x_wconf 78' lang='lat' dir='ltr'><strong>nostrum</strong></span> 
     </span>
     <span class='ocr_line' id='line_1_71' title="bbox 1717 2799 3301 2873; baseline 0.002 -20"><span class='ocrx_word' id='word_1_509' title='bbox 1717 2799 1966 2864; x_wconf 82' lang='lat' dir='ltr'><strong>exsistit,</strong></span> <span class='ocrx_word' id='word_1_510' title='bbox 2011 2807 2068 2854; x_wconf 88' lang='lat' dir='ltr'><strong>et</strong></span> <span class='ocrx_word' id='word_1_511' title='bbox 2100 2800 2245 2873; x_wconf 87' lang='lat' dir='ltr'><strong>quod</strong></span> <span class='ocrx_word' id='word_1_512' title='bbox 2290 2799 2539 2855; x_wconf 88' lang='lat' dir='ltr'><strong>naturale</strong></span> <span class='ocrx_word' id='word_1_513' title='bbox 2590 2809 2675 2856; x_wconf 87' lang='lat' dir='ltr'><strong>cst</strong></span> <span class='ocrx_word' id='word_1_514' title='bbox 2713 2801 3030 2855; x_wconf 66' lang='lat' dir='ltr'><strong>substantiae</strong></span> <span class='ocrx_word' id='word_1_515' title='bbox 3080 2814 3301 2856; x_wconf 75' lang='lat' dir='ltr'><strong>nostrae.</strong></span> 
     </span>
     <span class='ocr_line' id='line_1_72' title="bbox 1718 2891 3300 2964; baseline 0 -17"><span class='ocrx_word' id='word_1_516' title='bbox 1718 2891 1856 2949; x_wconf 86' lang='lat' dir='ltr'><strong>Vere</strong></span> <span class='ocrx_word' id='word_1_517' title='bbox 1882 2892 2069 2956; x_wconf 86' lang='lat' dir='ltr'><strong>etiam.</strong></span> <span class='ocrx_word' id='word_1_518' title='bbox 2107 2892 2413 2948; x_wconf 81' lang='lat' dir='ltr'><strong>charissimi</strong></span> <span class='ocrx_word' id='word_1_519' title='bbox 2445 2893 2498 2947; x_wconf 95' lang='lat' dir='ltr'><strong>in</strong></span> <span class='ocrx_word' id='word_1_520' title='bbox 2523 2891 2775 2958; x_wconf 81' lang='lat' dir='ltr'><strong>Domino,</strong></span> <span class='ocrx_word' id='word_1_521' title='bbox 2807 2893 2974 2964; x_wconf 81' lang='lat' dir='ltr'><strong>quiin</strong></span> <span class='ocrx_word' id='word_1_522' title='bbox 3000 2893 3146 2948; x_wconf 90' lang='lat' dir='ltr'><strong>omni</strong></span> <span class='ocrx_word' id='word_1_523' title='bbox 3175 2907 3300 2949; x_wconf 74' lang='lat' dir='ltr'><strong>sati·</strong></span> 
     </span>
     <span class='ocr_line' id='line_1_73' title="bbox 1717 2984 3297 3054; baseline 0.002 -17"><span class='ocrx_word' id='word_1_524' title='bbox 1717 2984 1908 3038; x_wconf 88' lang='lat' dir='ltr'><strong>ctitate</strong></span> <span class='ocrx_word' id='word_1_525' title='bbox 1963 2984 2202 3053; x_wconf 84' lang='lat' dir='ltr'><strong>parastis</strong></span> <span class='ocrx_word' id='word_1_526' title='bbox 2260 2986 2621 3054; x_wconf 84' lang='lat' dir='ltr'><strong>vosmetipsos</strong></span> <span class='ocrx_word' id='word_1_527' title='bbox 2653 2984 2849 3040; x_wconf 86' lang='lat' dir='ltr'><strong>oll&#39;erre</strong></span> <span class='ocrx_word' id='word_1_528' title='bbox 2889 2985 3118 3040; x_wconf 85' lang='lat' dir='ltr'><strong>bostiam</strong></span> <span class='ocrx_word' id='word_1_529' title='bbox 3160 2985 3297 3053; x_wconf 84' lang='lat' dir='ltr'><strong>Deo;</strong></span> 
     </span>
     <span class='ocr_line' id='line_1_74' title="bbox 1719 3074 3295 3150; baseline 0.002 -21"><span class='ocrx_word' id='word_1_530' title='bbox 1719 3074 1845 3146; x_wconf 81' lang='lat' dir='ltr'><strong>quia</strong></span> <span class='ocrx_word' id='word_1_531' title='bbox 1874 3076 2009 3150; x_wconf 82' lang='lat' dir='ltr'><strong>nihil</strong></span> <span class='ocrx_word' id='word_1_532' title='bbox 2042 3076 2110 3131; x_wconf 83' lang='lat' dir='ltr'><strong>de</strong></span> <span class='ocrx_word' id='word_1_533' title='bbox 2140 3075 2226 3132; x_wconf 84' lang='lat' dir='ltr'><strong>his</strong></span> <span class='ocrx_word' id='word_1_534' title='bbox 2250 3091 2371 3146; x_wconf 74' lang='lat' dir='ltr'><strong>quae</strong></span> <span class='ocrx_word' id='word_1_535' title='bbox 2399 3077 2763 3148; x_wconf 81' lang='lat' dir='ltr'><strong>expediebant</strong></span> <span class='ocrx_word' id='word_1_536' title='bbox 2790 3077 3084 3132; x_wconf 87' lang='lat' dir='ltr'><strong>celabimus</strong></span> <span class='ocrx_word' id='word_1_537' title='bbox 3116 3077 3295 3139; x_wconf 80' lang='lat' dir='ltr'><strong>vobis.</strong></span> 
     </span>
     <span class='ocr_line' id='line_1_75' title="bbox 1715 3168 3339 3241; baseline 0.004 -20"><span class='ocrx_word' id='word_1_538' title='bbox 1715 3169 1810 3240; x_wconf 80' lang='lat' dir='ltr'><strong>sed</strong></span> <span class='ocrx_word' id='word_1_539' title='bbox 1847 3169 2132 3238; x_wconf 83' lang='lat' dir='ltr'><strong>perspicua</strong></span> <span class='ocrx_word' id='word_1_540' title='bbox 2178 3168 2443 3225; x_wconf 77' lang='lat' dir='ltr'><strong>facientes</strong></span> <span class='ocrx_word' id='word_1_541' title='bbox 2491 3170 2909 3226; x_wconf 63' lang='lat' dir='ltr'><strong>testificabuntur</strong></span> <span class='ocrx_word' id='word_1_542' title='bbox 2942 3187 3006 3227; x_wconf 84' lang='lat' dir='ltr'><strong>ea</strong></span> <span class='ocrx_word' id='word_1_543' title='bbox 3039 3186 3159 3241; x_wconf 66' lang='lat' dir='ltr'><strong>qnae</strong></span> <span class='ocrx_word' id='word_1_544' title='bbox 3201 3172 3295 3227; x_wconf 81' lang='lat' dir='ltr'><strong>ad·</strong></span> <span class='ocrx_word' id='word_1_545' title='bbox 3328 3190 3339 3198; x_wconf 93' lang='lat'><strong>·</strong></span> 
     </span>
    </p>
   </div>
   <div class='ocr_carea' id='block_1_9' title="bbox 1715 3260 3388 3335">
    <p class='ocr_par' dir='ltr' id='par_1_10' title="bbox 1715 3260 3388 3335">
     <span class='ocr_line' id='line_1_76' title="bbox 1715 3260 3388 3335; baseline 0.001 -18"><span class='ocrx_word' id='word_1_546' title='bbox 1715 3260 1952 3317; x_wconf 79' lang='lat' dir='ltr'><strong>versarii·</strong></span> <span class='ocrx_word' id='word_1_547' title='bbox 1996 3260 2216 3315; x_wconf 76' lang='lat' dir='ltr'><strong>virtutis</strong></span> <span class='ocrx_word' id='word_1_548' title='bbox 2251 3261 2562 3331; x_wconf 73' lang='lat' dir='ltr'><strong>subripiunt</strong></span> <span class='ocrx_word' id='word_1_549' title='bbox 2640 3264 2876 3319; x_wconf 76' lang='lat' dir='ltr'><strong>veritati.</strong></span> <span class='ocrx_word' id='word_1_550' title='bbox 2929 3265 3040 3320; x_wconf 86' lang='lat' dir='ltr'><strong>lluc</strong></span> <span class='ocrx_word' id='word_1_551' title='bbox 3084 3281 3296 3335; x_wconf 82' lang='lat' dir='ltr'><strong>quoque</strong></span> <span class='ocrx_word' id='word_1_552' title='bbox 3351 3280 3388 3325; x_wconf 66' lang='lat' dir='ltr'><strong>x</strong></span> 
     </span>
    </p>
   </div>
   <div class='ocr_carea' id='block_1_10' title="bbox 1709 3351 3295 4438">
    <p class='ocr_par' dir='ltr' id='par_1_11' title="bbox 1709 3351 3295 4438">
     <span class='ocr_line' id='line_1_77' title="bbox 1712 3351 3295 3422; baseline 0.003 -16"><span class='ocrx_word' id='word_1_553' title='bbox 1712 3352 2023 3422; x_wconf 81' lang='lat' dir='ltr'><strong>cognoscite</strong></span> <span class='ocrx_word' id='word_1_554' title='bbox 2046 3393 2062 3416; x_wconf 91' lang='lat'><strong>,</strong></span> <span class='ocrx_word' id='word_1_555' title='bbox 2090 3351 2328 3407; x_wconf 90' lang='lat' dir='ltr'><strong>scientes</strong></span> <span class='ocrx_word' id='word_1_556' title='bbox 2352 3356 2491 3422; x_wconf 86' lang='lat' dir='ltr'><strong>quod</strong></span> <span class='ocrx_word' id='word_1_557' title='bbox 2513 3351 2622 3417; x_wconf 87' lang='lat' dir='ltr'><strong>hic,</strong></span> <span class='ocrx_word' id='word_1_558' title='bbox 2654 3357 2746 3422; x_wconf 84' lang='lat' dir='ltr'><strong>qui</strong></span> <span class='ocrx_word' id='word_1_559' title='bbox 2775 3358 3057 3410; x_wconf 77' lang='lat' dir='ltr'><strong>secundum</strong></span> <span class='ocrx_word' id='word_1_560' title='bbox 3083 3373 3295 3412; x_wconf 82' lang='lat' dir='ltr'><strong>carnem</strong></span> 
     </span>
     <span class='ocr_line' id='line_1_78' title="bbox 1712 3445 3289 3517; baseline 0.003 -21"><span class='ocrx_word' id='word_1_561' title='bbox 1712 3453 1808 3506; x_wconf 74' lang='lat' dir='ltr'><strong>cst,</strong></span> <span class='ocrx_word' id='word_1_562' title='bbox 1840 3458 2047 3508; x_wconf 75' lang='lat' dir='ltr'><strong>semper</strong></span> <span class='ocrx_word' id='word_1_563' title='bbox 2080 3445 2369 3497; x_wconf 72' lang='lat' dir='ltr'><strong>insectatur</strong></span> <span class='ocrx_word' id='word_1_564' title='bbox 2392 3446 2613 3516; x_wconf 70' lang='lat' dir='ltr'><strong>euntqui</strong></span> <span class='ocrx_word' id='word_1_565' title='bbox 2631 3447 2917 3500; x_wconf 80' lang='lat' dir='ltr'><strong>secundum</strong></span> <span class='ocrx_word' id='word_1_566' title='bbox 2940 3447 3184 3517; x_wconf 63' lang='lat' dir='ltr'><strong>spiritum</strong></span> <span class='ocrx_word' id='word_1_567' title='bbox 3209 3448 3289 3514; x_wconf 73' lang='lat'><strong>⁸⁸3</strong></span> 
     </span>
     <span class='ocr_line' id='line_1_79' title="bbox 1713 3534 3290 3604; baseline -0.001 -15"><span class='ocrx_word' id='word_1_568' title='bbox 1713 3547 1792 3600; x_wconf 87' lang='lat' dir='ltr'><strong>et,</strong></span> <span class='ocrx_word' id='word_1_569' title='bbox 1827 3534 1968 3603; x_wconf 79' lang='lat' dir='ltr'><strong>qnod</strong></span> <span class='ocrx_word' id='word_1_570' title='bbox 2005 3535 2175 3587; x_wconf 79' lang='lat' dir='ltr'><strong>onmis</strong></span> <span class='ocrx_word' id='word_1_571' title='bbox 2200 3535 2318 3604; x_wconf 77' lang='lat' dir='ltr'><strong>quis</strong></span> <span class='ocrx_word' id='word_1_572' title='bbox 2374 3536 2592 3590; x_wconf 82' lang='lat' dir='ltr'><strong>voluerit</strong></span> <span class='ocrx_word' id='word_1_573' title='bbox 2634 3537 2716 3604; x_wconf 78' lang='lat' dir='ltr'><strong>pie</strong></span> <span class='ocrx_word' id='word_1_574' title='bbox 2759 3538 2919 3590; x_wconf 74' lang='lat' dir='ltr'><strong>rivere</strong></span> <span class='ocrx_word' id='word_1_575' title='bbox 2966 3541 3020 3589; x_wconf 82' lang='lat' dir='ltr'><strong>in</strong></span> <span class='ocrx_word' id='word_1_576' title='bbox 3060 3534 3290 3601; x_wconf 77' lang='lat' dir='ltr'><strong>Christo,</strong></span> 
     </span>
     <span class='ocr_line' id='line_1_80' title="bbox 1714 3627 3290 3700; baseline 0.001 -19"><span class='ocrx_word' id='word_1_577' title='bbox 1714 3628 2128 3698; x_wconf 79' lang='lat' dir='ltr'><strong>persecutionem</strong></span> <span class='ocrx_word' id='word_1_578' title='bbox 2153 3628 2359 3695; x_wconf 81' lang='lat' dir='ltr'><strong>patitur</strong></span> <span class='ocrx_word' id='word_1_579' title='bbox 2390 3627 2457 3682; x_wconf 88' lang='lat'><strong>⁸⁷.</strong></span> <span class='ocrx_word' id='word_1_580' title='bbox 2492 3628 2718 3700; x_wconf 85' lang='lat' dir='ltr'><strong>Propter</strong></span> <span class='ocrx_word' id='word_1_581' title='bbox 2744 3629 2887 3698; x_wconf 86' lang='lat' dir='ltr'><strong>quod</strong></span> <span class='ocrx_word' id='word_1_582' title='bbox 2915 3627 3073 3684; x_wconf 71' lang='lat' dir='ltr'><strong>lesus</strong></span> <span class='ocrx_word' id='word_1_583' title='bbox 3092 3643 3290 3698; x_wconf 79' lang='lat' dir='ltr'><strong>cogno·</strong></span> 
     </span>
     <span class='ocr_line' id='line_1_81' title="bbox 1714 3704 3290 3787; baseline 0.003 -13"><span class='ocrx_word' id='word_1_584' title='bbox 1714 3704 1872 3777; x_wconf 71' lang='lat' dir='ltr'><strong>scens</strong></span> <span class='ocrx_word' id='word_1_585' title='bbox 1932 3719 2311 3775; x_wconf 85' lang='lat' dir='ltr'><strong>tribulationes</strong></span> <span class='ocrx_word' id='word_1_586' title='bbox 2348 3735 2539 3776; x_wconf 88' lang='lat' dir='ltr'><strong>omnes</strong></span> <span class='ocrx_word' id='word_1_587' title='bbox 2570 3737 2636 3778; x_wconf 89' lang='lat' dir='ltr'><strong>ac</strong></span> <span class='ocrx_word' id='word_1_588' title='bbox 2675 3730 3033 3787; x_wconf 88' lang='lat' dir='ltr'><strong>tentamenta,</strong></span> <span class='ocrx_word' id='word_1_589' title='bbox 3070 3723 3290 3778; x_wconf 80' lang='lat' dir='ltr'><strong>veniens</strong></span> 
     </span>
     <span class='ocr_line' id='line_1_82' title="bbox 1718 3811 3290 3886; baseline 0.003 -20"><span class='ocrx_word' id='word_1_590' title='bbox 1718 3813 1771 3866; x_wconf 90' lang='lat' dir='ltr'><strong>in</strong></span> <span class='ocrx_word' id='word_1_591' title='bbox 1810 3811 2013 3865; x_wconf 87' lang='lat' dir='ltr'><strong>mundo</strong></span> <span class='ocrx_word' id='word_1_592' title='bbox 2046 3812 2111 3864; x_wconf 90' lang='lat' dir='ltr'><strong>ad</strong></span> <span class='ocrx_word' id='word_1_593' title='bbox 2146 3812 2443 3882; x_wconf 83' lang='lat' dir='ltr'><strong>apostolos,</strong></span> <span class='ocrx_word' id='word_1_594' title='bbox 2477 3824 2531 3869; x_wconf 89' lang='lat' dir='ltr'><strong>et</strong></span> <span class='ocrx_word' id='word_1_595' title='bbox 2558 3813 2740 3869; x_wconf 82' lang='lat' dir='ltr'><strong>sciens</strong></span> <span class='ocrx_word' id='word_1_596' title='bbox 2773 3815 2916 3884; x_wconf 86' lang='lat' dir='ltr'><strong>qnod</strong></span> <span class='ocrx_word' id='word_1_597' title='bbox 2949 3832 3044 3884; x_wconf 83' lang='lat' dir='ltr'><strong>per</strong></span> <span class='ocrx_word' id='word_1_598' title='bbox 3079 3817 3290 3886; x_wconf 79' lang='lat' dir='ltr'><strong>patien-</strong></span> 
     </span>
     <span class='ocr_line' id='line_1_83' title="bbox 1716 3903 3289 3971; baseline 0.003 -16"><span class='ocrx_word' id='word_1_599' title='bbox 1716 3904 1845 3956; x_wconf 87' lang='lat' dir='ltr'><strong>tiam</strong></span> <span class='ocrx_word' id='word_1_600' title='bbox 1890 3917 2042 3957; x_wconf 84' lang='lat' dir='ltr'><strong>suam</strong></span> <span class='ocrx_word' id='word_1_601' title='bbox 2090 3903 2374 3958; x_wconf 85' lang='lat' dir='ltr'><strong>resolveret</strong></span> <span class='ocrx_word' id='word_1_602' title='bbox 2412 3904 2725 3959; x_wconf 87' lang='lat' dir='ltr'><strong>universam</strong></span> <span class='ocrx_word' id='word_1_603' title='bbox 2771 3905 2975 3961; x_wconf 89' lang='lat' dir='ltr'><strong>inimici</strong></span> <span class='ocrx_word' id='word_1_604' title='bbox 3013 3907 3289 3971; x_wconf 85' lang='lat' dir='ltr'><strong>virtutem,</strong></span> 
     </span>
     <span class='ocr_line' id='line_1_84' title="bbox 1715 3993 3290 4059; baseline 0.005 -13"><span class='ocrx_word' id='word_1_605' title='bbox 1715 3994 1764 4046; x_wconf 89' lang='lat' dir='ltr'><strong>id</strong></span> <span class='ocrx_word' id='word_1_606' title='bbox 1794 4002 1876 4048; x_wconf 89' lang='lat' dir='ltr'><strong>est</strong></span> <span class='ocrx_word' id='word_1_607' title='bbox 1919 3993 2298 4059; x_wconf 75' lang='lat' dir='ltr'><strong>idololatriam,</strong></span> <span class='ocrx_word' id='word_1_608' title='bbox 2334 3995 2719 4052; x_wconf 87' lang='lat' dir='ltr'><strong>consolabatur</strong></span> <span class='ocrx_word' id='word_1_609' title='bbox 2761 3998 2950 4054; x_wconf 88' lang='lat' dir='ltr'><strong>dicens</strong></span> <span class='ocrx_word' id='word_1_610' title='bbox 2997 4018 3010 4055; x_wconf 93' lang='lat'>:</span> <span class='ocrx_word' id='word_1_611' title='bbox 3065 3998 3168 4055; x_wconf 79' lang='lat' dir='ltr'><strong>Vos</strong></span> <span class='ocrx_word' id='word_1_612' title='bbox 3202 4003 3290 4054; x_wconf 81' lang='lat' dir='ltr'><strong>tri-</strong></span> 
     </span>
     <span class='ocr_line' id='line_1_85' title="bbox 1713 4084 3287 4158; baseline 0.006 -21"><span class='ocrx_word' id='word_1_613' title='bbox 1713 4084 2035 4140; x_wconf 79' lang='lat' dir='ltr'><strong>bulationem</strong></span> <span class='ocrx_word' id='word_1_614' title='bbox 2069 4086 2266 4141; x_wconf 76' lang='lat' dir='ltr'><strong>!tubetie</strong></span> <span class='ocrx_word' id='word_1_615' title='bbox 2299 4089 2359 4142; x_wconf 79' lang='lat' dir='ltr'><strong>in</strong></span> <span class='ocrx_word' id='word_1_616' title='bbox 2399 4091 2634 4152; x_wconf 67' lang='lat' dir='ltr'><strong>marmio:</strong></span> <span class='ocrx_word' id='word_1_617' title='bbox 2662 4091 2754 4142; x_wconf 76' lang='lat' dir='ltr'><strong>sed</strong></span> <span class='ocrx_word' id='word_1_618' title='bbox 2787 4102 3082 4145; x_wconf 70' lang='lat' dir='ltr'><strong>corruentes</strong></span> <span class='ocrx_word' id='word_1_619' title='bbox 3102 4104 3287 4158; x_wconf 77' lang='lat' dir='ltr'><strong>estote,</strong></span> 
     </span>
     <span class='ocr_line' id='line_1_86' title="bbox 1709 4177 3283 4251; baseline 0.009 -25"><span class='ocrx_word' id='word_1_620' title='bbox 1709 4177 1835 4245; x_wconf 81' lang='lat' dir='ltr'><strong>qnia</strong></span> <span class='ocrx_word' id='word_1_621' title='bbox 1874 4193 1966 4246; x_wconf 66' lang='lat' dir='ltr'><strong>eqo</strong></span> <span class='ocrx_word' id='word_1_622' title='bbox 1998 4179 2100 4232; x_wconf 79' lang='lat' dir='ltr'><strong>vici</strong></span> <span class='ocrx_word' id='word_1_623' title='bbox 2130 4182 2379 4234; x_wconf 78' lang='lat' dir='ltr'><strong>mnndum</strong></span> <span class='ocrx_word' id='word_1_624' title='bbox 2421 4181 2485 4236; x_wconf 89' lang='lat'><strong>⁸⁸.</strong></span> <span class='ocrx_word' id='word_1_625' title='bbox 2537 4178 2884 4251; x_wconf 85' lang='lat' dir='ltr'><strong>Docebatque</strong></span> <span class='ocrx_word' id='word_1_626' title='bbox 2917 4196 3013 4236; x_wconf 84' lang='lat' dir='ltr'><strong>eos</strong></span> <span class='ocrx_word' id='word_1_627' title='bbox 3045 4183 3233 4238; x_wconf 67' lang='lat' dir='ltr'><strong>dit-cns</strong></span> <span class='ocrx_word' id='word_1_628' title='bbox 3270 4203 3283 4240; x_wconf 92' lang='lat'>:</span> 
     </span>
     <span class='ocr_line' id='line_1_87' title="bbox 1710 4267 3284 4343; baseline 0.004 -21"><span class='ocrx_word' id='word_1_629' title='bbox 1710 4267 1887 4323; x_wconf 76' lang='lat' dir='ltr'><strong>Nolite</strong></span> <span class='ocrx_word' id='word_1_630' title='bbox 1906 4271 2097 4325; x_wconf 88' lang='lat' dir='ltr'><strong>timere</strong></span> <span class='ocrx_word' id='word_1_631' title='bbox 2114 4274 2393 4340; x_wconf 89' lang='lat' dir='ltr'><strong>mundum,</strong></span> <span class='ocrx_word' id='word_1_632' title='bbox 2416 4273 2543 4343; x_wconf 85' lang='lat' dir='ltr'><strong>quia</strong></span> <span class='ocrx_word' id='word_1_633' title='bbox 2565 4289 2753 4330; x_wconf 90' lang='lat' dir='ltr'><strong>omnes</strong></span> <span class='ocrx_word' id='word_1_634' title='bbox 2769 4274 3085 4330; x_wconf 85' lang='lat' dir='ltr'><strong>afflictiones</strong></span> <span class='ocrx_word' id='word_1_635' title='bbox 3101 4277 3284 4330; x_wconf 70' lang='lat' dir='ltr'><strong>:nundi</strong></span> 
     </span>
     <span class='ocr_line' id='line_1_88' title="bbox 1709 4363 3282 4438; baseline 0.004 -23"><span class='ocrx_word' id='word_1_636' title='bbox 1709 4363 1992 4434; x_wconf 56' lang='lat' dir='ltr'><strong>condignae</strong></span> <span class='ocrx_word' id='word_1_637' title='bbox 2040 4379 2145 4417; x_wconf 89' lang='lat' dir='ltr'><strong>non</strong></span> <span class='ocrx_word' id='word_1_638' title='bbox 2188 4375 2314 4418; x_wconf 89' lang='lat' dir='ltr'><strong>sunt</strong></span> <span class='ocrx_word' id='word_1_639' title='bbox 2357 4367 2421 4418; x_wconf 88' lang='lat' dir='ltr'><strong>ad</strong></span> <span class='ocrx_word' id='word_1_640' title='bbox 2459 4381 2579 4420; x_wconf 82' lang='lat' dir='ltr'><strong>eam</strong></span> <span class='ocrx_word' id='word_1_641' title='bbox 2624 4382 2743 4436; x_wconf 81' lang='lat' dir='ltr'><strong>quae</strong></span> <span class='ocrx_word' id='word_1_642' title='bbox 2789 4378 3138 4436; x_wconf 72' lang='lat' dir='ltr'><strong>exspectatur</strong></span> <span class='ocrx_word' id='word_1_643' title='bbox 3165 4369 3282 4438; x_wconf 74' lang='lat' dir='ltr'><strong>glo·</strong></span> 
     </span>
    </p>
   </div>
   <div class='ocr_carea' id='block_1_11' title="bbox 191 4444 3283 4546">
    <p class='ocr_par' dir='ltr' id='par_1_12' title="bbox 191 4444 3283 4546">
     <span class='ocr_line' id='line_1_89' title="bbox 191 4444 3283 4546; baseline 0.011 -52"><span class='ocrx_word' id='word_1_644' title='bbox 191 4453 232 4495; x_wconf 79' lang='lat' dir='ltr'><strong>et</strong></span> <span class='ocrx_word' id='word_1_645' title='bbox 260 4444 497 4496; x_wconf 69' lang='lat' dir='ltr'><strong>mutirem</strong></span> <span class='ocrx_word' id='word_1_646' title='bbox 520 4445 715 4515; x_wconf 71' lang='lat' dir='ltr'><strong>faciam</strong></span> <span class='ocrx_word' id='word_1_647' title='bbox 735 4465 896 4521; x_wconf 74' lang='lat' dir='ltr'><strong>usque</strong></span> <span class='ocrx_word' id='word_1_648' title='bbox 924 4453 993 4505; x_wconf 77' lang='lat' dir='ltr'><strong>ad</strong></span> <span class='ocrx_word' id='word_1_649' title='bbox 1014 4467 1304 4510; x_wconf 76' lang='lat' dir='ltr'><strong>extremum</strong></span> <span class='ocrx_word' id='word_1_650' title='bbox 1334 4471 1488 4512; x_wconf 82' lang='lat' dir='ltr'><strong>terrae</strong></span> <span class='ocrx_word' id='word_1_651' title='bbox 1512 4460 1592 4527; x_wconf 55' lang='grc' dir='ltr'><strong>’ῦς</strong></span> <span class='ocrx_word' id='word_1_652' title='bbox 1635 4491 1677 4546; x_wconf 70' lang='lat' dir='ltr'>D</span> <span class='ocrx_word' id='word_1_653' title='bbox 1712 4453 1843 4506; x_wconf 85' lang='lat' dir='ltr'><strong>riam</strong></span> <span class='ocrx_word' id='word_1_654' title='bbox 1875 4453 1940 4510; x_wconf 84' lang='lat'><strong>⁸⁸.</strong></span> <span class='ocrx_word' id='word_1_655' title='bbox 1970 4453 2101 4509; x_wconf 81' lang='lat' dir='ltr'><strong>Nam</strong></span> <span class='ocrx_word' id='word_1_656' title='bbox 2134 4456 2182 4510; x_wconf 69' lang='grc' dir='ltr'><em>δί</em></span> <span class='ocrx_word' id='word_1_657' title='bbox 2216 4472 2302 4509; x_wconf 70' lang='lat'><strong>0⁰⁸</strong></span> <span class='ocrx_word' id='word_1_658' title='bbox 2344 4457 2434 4527; x_wconf 70' lang='lat' dir='ltr'><strong>‘1¹⁸i</strong></span> <span class='ocrx_word' id='word_1_659' title='bbox 2464 4466 2586 4511; x_wconf 65' lang='lat' dir='ltr'><strong>“me</strong></span> <span class='ocrx_word' id='word_1_660' title='bbox 2613 4474 2701 4511; x_wconf 69' lang='lat'><strong>¹⁹⁰⁸</strong></span> <span class='ocrx_word' id='word_1_661' title='bbox 2733 4457 2971 4528; x_wconf 57' lang='lat' dir='ltr'><strong>summ,</strong></span> <span class='ocrx_word' id='word_1_662' title='bbox 3006 4458 3283 4527; x_wconf 63' lang='lat' dir='ltr'><strong>i&#39;wphelm</strong></span> 
     </span>
    </p>
   </div>
   <div class='ocr_carea' id='block_1_12' title="bbox 191 4536 1601 5436">
    <p class='ocr_par' dir='ltr' id='par_1_13' title="bbox 191 4536 1601 5436">
     <span class='ocr_line' id='line_1_90' title="bbox 191 4536 1600 4614; baseline 0.017 -31"><span class='ocrx_word' id='word_1_663' title='bbox 191 4551 277 4586; x_wconf 78' lang='lat' dir='ltr'><strong>ene</strong></span> <span class='ocrx_word' id='word_1_664' title='bbox 319 4549 376 4588; x_wconf 80' lang='lat' dir='ltr'><strong>os</strong></span> <span class='ocrx_word' id='word_1_665' title='bbox 411 4536 740 4605; x_wconf 72' lang='lat' dir='ltr'><strong>obstruntur,</strong></span> <span class='ocrx_word' id='word_1_666' title='bbox 765 4552 812 4595; x_wconf 85' lang='lat' dir='ltr'><strong>et</strong></span> <span class='ocrx_word' id='word_1_667' title='bbox 846 4542 1090 4599; x_wconf 80' lang='lat' dir='ltr'><strong>subditus</strong></span> <span class='ocrx_word' id='word_1_668' title='bbox 1117 4547 1211 4614; x_wconf 78' lang='lat' dir='ltr'><strong>liat</strong></span> <span class='ocrx_word' id='word_1_669' title='bbox 1238 4550 1408 4602; x_wconf 77' lang='lat' dir='ltr'><strong>omnis</strong></span> <span class='ocrx_word' id='word_1_670' title='bbox 1443 4567 1600 4606; x_wconf 70' lang='lat' dir='ltr'><strong>macn-</strong></span> 
     </span>
     <span class='ocr_line' id='line_1_91' title="bbox 191 4623 1600 4708; baseline 0.013 -31"><span class='ocrx_word' id='word_1_671' title='bbox 191 4626 272 4678; x_wconf 67' lang='lat' dir='ltr'><strong>leo</strong></span> <span class='ocrx_word' id='word_1_672' title='bbox 301 4623 346 4655; x_wconf 84' lang='lat'><strong>⁸¹</strong></span> <span class='ocrx_word' id='word_1_673' title='bbox 384 4643 400 4680; x_wconf 78' lang='grc' dir='ltr'><strong><em>ε</em></strong></span> <span class='ocrx_word' id='word_1_674' title='bbox 440 4626 579 4693; x_wconf 81' lang='lat' dir='ltr'><strong>Quia</strong></span> <span class='ocrx_word' id='word_1_675' title='bbox 626 4646 743 4706; x_wconf 64' lang='lat' dir='ltr'><strong>curu</strong></span> <span class='ocrx_word' id='word_1_676' title='bbox 777 4635 1135 4704; x_wconf 64' lang='lat' dir='ltr'><strong>coqnoeinent</strong></span> <span class='ocrx_word' id='word_1_677' title='bbox 1172 4637 1363 4708; x_wconf 82' lang='lat' dir='ltr'><strong>Deum,</strong></span> <span class='ocrx_word' id='word_1_678' title='bbox 1400 4658 1500 4695; x_wconf 85' lang='lat' dir='ltr'><strong>non</strong></span> <span class='ocrx_word' id='word_1_679' title='bbox 1545 4653 1600 4696; x_wconf 84' lang='lat' dir='ltr'><strong>nt</strong></span> 
     </span>
     <span class='ocr_line' id='line_1_92' title="bbox 196 4719 1601 4801; baseline 0.012 -33"><span class='ocrx_word' id='word_1_680' title='bbox 196 4731 308 4768; x_wconf 82' lang='lat' dir='ltr'><strong>rem</strong></span> <span class='ocrx_word' id='word_1_681' title='bbox 335 4719 609 4785; x_wconf 72' lang='lat' dir='ltr'><strong>proprium</strong></span> <span class='ocrx_word' id='word_1_682' title='bbox 634 4723 1062 4793; x_wconf 64' lang='lat' dir='ltr'><strong>glorificaverunt</strong></span> <span class='ocrx_word' id='word_1_683' title='bbox 1088 4729 1131 4761; x_wconf 83' lang='lat'><strong>⁸²</strong></span> <span class='ocrx_word' id='word_1_684' title='bbox 1164 4744 1177 4781; x_wconf 92' lang='lat'><strong>:</strong></span> <span class='ocrx_word' id='word_1_685' title='bbox 1210 4740 1262 4782; x_wconf 90' lang='lat' dir='ltr'><strong>et</strong></span> <span class='ocrx_word' id='word_1_686' title='bbox 1293 4730 1345 4784; x_wconf 92' lang='lat' dir='ltr'><strong>id</strong></span> <span class='ocrx_word' id='word_1_687' title='bbox 1381 4743 1601 4801; x_wconf 88' lang='lat' dir='ltr'><strong>propter</strong></span> 
     </span>
     <span class='ocr_line' id='line_1_93' title="bbox 191 4808 1595 4891; baseline 0.014 -33"><span class='ocrx_word' id='word_1_688' title='bbox 191 4808 326 4863; x_wconf 81' lang='lat' dir='ltr'><strong>diam</strong></span> <span class='ocrx_word' id='word_1_689' title='bbox 363 4825 550 4877; x_wconf 79' lang='lat' dir='ltr'><strong>suam,</strong></span> <span class='ocrx_word' id='word_1_690' title='bbox 591 4827 689 4882; x_wconf 89' lang='lat' dir='ltr'><strong>per</strong></span> <span class='ocrx_word' id='word_1_691' title='bbox 720 4831 881 4886; x_wconf 76' lang='lat' dir='ltr'><strong>quant</strong></span> <span class='ocrx_word' id='word_1_692' title='bbox 918 4834 1015 4873; x_wconf 88' lang='lat' dir='ltr'><strong>nec</strong></span> <span class='ocrx_word' id='word_1_693' title='bbox 1058 4831 1349 4886; x_wconf 78' lang='lat' dir='ltr'><strong>potueruut</strong></span> <span class='ocrx_word' id='word_1_694' title='bbox 1399 4837 1595 4891; x_wconf 86' lang='lat' dir='ltr'><strong>capere</strong></span> 
     </span>
     <span class='ocr_line' id='line_1_94' title="bbox 191 4896 1597 4980; baseline 0.016 -31"><span class='ocrx_word' id='word_1_695' title='bbox 191 4896 352 4952; x_wconf 73' lang='lat' dir='ltr'><strong>atiani</strong></span> <span class='ocrx_word' id='word_1_696' title='bbox 381 4900 515 4968; x_wconf 82' lang='lat' dir='ltr'><strong>rjus.</strong></span> <span class='ocrx_word' id='word_1_697' title='bbox 548 4901 655 4959; x_wconf 89' lang='lat' dir='ltr'><strong>Sed</strong></span> <span class='ocrx_word' id='word_1_698' title='bbox 681 4911 1055 4980; x_wconf 84' lang='lat' dir='ltr'><strong>unusquisqne</strong></span> <span class='ocrx_word' id='word_1_699' title='bbox 1085 4922 1328 4967; x_wconf 76' lang='lat' dir='ltr'><strong>nostrum</strong></span> <span class='ocrx_word' id='word_1_700' title='bbox 1361 4914 1597 4970; x_wconf 85' lang='lat' dir='ltr'><strong>vendidit</strong></span> 
     </span>
     <span class='ocr_line' id='line_1_95' title="bbox 192 4987 1597 5076; baseline 0.019 -39"><span class='ocrx_word' id='word_1_701' title='bbox 192 4987 375 5055; x_wconf 82' lang='lat' dir='ltr'><strong>‚ipsum</strong></span> <span class='ocrx_word' id='word_1_702' title='bbox 406 4994 638 5061; x_wconf 86' lang='lat' dir='ltr'><strong>propriis</strong></span> <span class='ocrx_word' id='word_1_703' title='bbox 675 4997 1041 5068; x_wconf 84' lang='lat' dir='ltr'><strong>voluptatibus</strong></span> <span class='ocrx_word' id='word_1_704' title='bbox 1087 5003 1138 5056; x_wconf 94' lang='lat' dir='ltr'><strong>in</strong></span> <span class='ocrx_word' id='word_1_705' title='bbox 1177 5003 1338 5062; x_wconf 73' lang='lat' dir='ltr'><strong>mala,</strong></span> <span class='ocrx_word' id='word_1_706' title='bbox 1363 5014 1418 5058; x_wconf 92' lang='lat' dir='ltr'><strong>et</strong></span> <span class='ocrx_word' id='word_1_707' title='bbox 1463 5005 1597 5076; x_wconf 87' lang='lat' dir='ltr'><strong>ipsis</strong></span> 
     </span>
     <span class='ocr_line' id='line_1_96' title="bbox 191 5078 1599 5159; baseline 0.016 -28"><span class='ocrx_word' id='word_1_708' title='bbox 191 5093 212 5131; x_wconf 88' lang='lat' dir='ltr'><strong>s</strong></span> <span class='ocrx_word' id='word_1_709' title='bbox 243 5078 424 5135; x_wconf 86' lang='lat' dir='ltr'><strong>dictus</strong></span> <span class='ocrx_word' id='word_1_710' title='bbox 453 5092 558 5140; x_wconf 82' lang='lat' dir='ltr'><strong>est.</strong></span> <span class='ocrx_word' id='word_1_711' title='bbox 596 5087 675 5141; x_wconf 77' lang='lat'><strong>01»</strong></span> <span class='ocrx_word' id='word_1_712' title='bbox 707 5105 826 5157; x_wconf 70' lang='lat' dir='ltr'><strong>qnae</strong></span> <span class='ocrx_word' id='word_1_713' title='bbox 867 5091 979 5159; x_wconf 81' lang='lat' dir='ltr'><strong>ipse</strong></span> <span class='ocrx_word' id='word_1_714' title='bbox 1009 5088 1166 5148; x_wconf 71' lang='lat' dir='ltr'><strong>lesus</strong></span> <span class='ocrx_word' id='word_1_715' title='bbox 1201 5096 1487 5151; x_wconf 75' lang='lat' dir='ltr'><strong>exinanirit</strong></span> <span class='ocrx_word' id='word_1_716' title='bbox 1516 5114 1599 5152; x_wconf 79' lang='lat' dir='ltr'><strong>se·</strong></span> 
     </span>
     <span class='ocr_line' id='line_1_97' title="bbox 191 5176 1596 5254; baseline 0.015 -31"><span class='ocrx_word' id='word_1_717' title='bbox 191 5186 297 5224; x_wconf 80' lang='lat' dir='ltr'><strong>sum</strong></span> <span class='ocrx_word' id='word_1_718' title='bbox 342 5189 372 5227; x_wconf 89' lang='lat' dir='ltr'><strong>a</strong></span> <span class='ocrx_word' id='word_1_719' title='bbox 424 5176 620 5246; x_wconf 75' lang='lat' dir='ltr'><strong>gtorta,</strong></span> <span class='ocrx_word' id='word_1_720' title='bbox 658 5179 884 5249; x_wconf 71' lang='lat' dir='ltr'><strong>[orniam</strong></span> <span class='ocrx_word' id='word_1_721' title='bbox 937 5186 1069 5237; x_wconf 75' lang='lat' dir='ltr'><strong>sert-i</strong></span> <span class='ocrx_word' id='word_1_722' title='bbox 1113 5187 1369 5253; x_wconf 76' lang='lat' dir='ltr'><strong>accipiens</strong></span> <span class='ocrx_word' id='word_1_723' title='bbox 1404 5187 1482 5254; x_wconf 88' lang='lat'><strong>⁸⁸,</strong></span> <span class='ocrx_word' id='word_1_724' title='bbox 1538 5202 1596 5246; x_wconf 89' lang='lat' dir='ltr'><strong>ut</strong></span> 
     </span>
     <span class='ocr_line' id='line_1_98' title="bbox 211 5262 1591 5341; baseline 0.014 -24"><span class='ocrx_word' id='word_1_725' title='bbox 211 5262 444 5320; x_wconf 80' lang='lat' dir='ltr'><strong>servitus</strong></span> <span class='ocrx_word' id='word_1_726' title='bbox 488 5283 591 5324; x_wconf 76' lang='lat' dir='ltr'><strong>nos</strong></span> <span class='ocrx_word' id='word_1_727' title='bbox 627 5269 902 5330; x_wconf 86' lang='lat' dir='ltr'><strong>liberaret.</strong></span> <span class='ocrx_word' id='word_1_728' title='bbox 953 5273 1113 5330; x_wconf 87' lang='lat' dir='ltr'><strong>Stulti</strong></span> <span class='ocrx_word' id='word_1_729' title='bbox 1162 5275 1381 5341; x_wconf 78' lang='lat' dir='ltr'><strong>suimus,</strong></span> <span class='ocrx_word' id='word_1_730' title='bbox 1432 5291 1487 5335; x_wconf 87' lang='lat' dir='ltr'><strong>et</strong></span> <span class='ocrx_word' id='word_1_731' title='bbox 1541 5280 1591 5336; x_wconf 84' lang='lat' dir='ltr'><strong>in</strong></span> 
     </span>
     <span class='ocr_line' id='line_1_99' title="bbox 191 5349 1592 5436; baseline 0.017 -34"><span class='ocrx_word' id='word_1_732' title='bbox 191 5349 255 5404; x_wconf 69' lang='lat' dir='ltr'><strong>ja</strong></span> <span class='ocrx_word' id='word_1_733' title='bbox 289 5363 471 5408; x_wconf 85' lang='lat' dir='ltr'><strong>nostra</strong></span> <span class='ocrx_word' id='word_1_734' title='bbox 495 5357 706 5413; x_wconf 80' lang='lat' dir='ltr'><strong>lacinus</strong></span> <span class='ocrx_word' id='word_1_735' title='bbox 733 5363 1023 5432; x_wconf 59' lang='lat' dir='ltr'><strong>gessimus.</strong></span> <span class='ocrx_word' id='word_1_736' title='bbox 1046 5366 1352 5436; x_wconf 74' lang='lat' dir='ltr'><strong>Assuntpsit</strong></span> <span class='ocrx_word' id='word_1_737' title='bbox 1378 5368 1468 5425; x_wconf 84' lang='lat' dir='ltr'><strong>itte</strong></span> <span class='ocrx_word' id='word_1_738' title='bbox 1496 5369 1592 5427; x_wconf 73' lang='lat' dir='ltr'><strong>lta-</strong></span> 
     </span>
    </p>
   </div>
   <div class='ocr_carea' id='block_1_13' title="bbox 1699 4546 3283 5266">
    <p class='ocr_par' dir='ltr' id='par_1_14' title="bbox 1699 4546 3283 5266">
     <span class='ocr_line' id='line_1_100' title="bbox 1706 4546 3281 4618; baseline 0.004 -21"><span class='ocrx_word' id='word_1_739' title='bbox 1706 4546 1924 4599; x_wconf 79' lang='lat' dir='ltr'><strong>insecuti</strong></span> <span class='ocrx_word' id='word_1_740' title='bbox 1951 4555 2095 4611; x_wconf 79' lang='lat' dir='ltr'><strong>sunt,</strong></span> <span class='ocrx_word' id='word_1_741' title='bbox 2124 4555 2175 4600; x_wconf 78' lang='lat' dir='ltr'><strong>et</strong></span> <span class='ocrx_word' id='word_1_742' title='bbox 2204 4564 2289 4603; x_wconf 79' lang='lat' dir='ltr'><strong>vos</strong></span> <span class='ocrx_word' id='word_1_743' title='bbox 2327 4559 2734 4618; x_wconf 79' lang='lat' dir='ltr'><strong>persequentur,·</strong></span> <span class='ocrx_word' id='word_1_744' title='bbox 2764 4559 2811 4603; x_wconf 82' lang='lat' dir='ltr'><strong>et</strong></span> <span class='ocrx_word' id='word_1_745' title='bbox 2841 4551 2886 4604; x_wconf 79' lang='lat' dir='ltr'><strong>si</strong></span> <span class='ocrx_word' id='word_1_746' title='bbox 2923 4567 3003 4604; x_wconf 87' lang='lat' dir='ltr'><strong>me</strong></span> <span class='ocrx_word' id='word_1_747' title='bbox 3036 4553 3281 4616; x_wconf 79' lang='lat' dir='ltr'><strong>oderunt,</strong></span> 
     </span>
     <span class='ocr_line' id='line_1_101' title="bbox 1707 4640 3281 4714; baseline 0.005 -23"><span class='ocrx_word' id='word_1_748' title='bbox 1707 4650 1755 4691; x_wconf 81' lang='lat' dir='ltr'><strong>et</strong></span> <span class='ocrx_word' id='word_1_749' title='bbox 1781 4654 1871 4692; x_wconf 81' lang='lat' dir='ltr'><strong>ros</strong></span> <span class='ocrx_word' id='word_1_750' title='bbox 1904 4640 2110 4693; x_wconf 78' lang='lat' dir='ltr'><strong>oderint</strong></span> <span class='ocrx_word' id='word_1_751' title='bbox 2145 4641 2214 4694; x_wconf 73' lang='lat'><strong>⁸⁰.</strong></span> <span class='ocrx_word' id='word_1_752' title='bbox 2245 4641 2352 4697; x_wconf 85' lang='lat' dir='ltr'><strong>Sed</strong></span> <span class='ocrx_word' id='word_1_753' title='bbox 2371 4643 2706 4699; x_wconf 77' lang='lat' dir='ltr'><strong>confidentes</strong></span> <span class='ocrx_word' id='word_1_754' title='bbox 2732 4654 2926 4709; x_wconf 90' lang='lat' dir='ltr'><strong>estote,</strong></span> <span class='ocrx_word' id='word_1_755' title='bbox 2945 4645 3072 4714; x_wconf 86' lang='lat' dir='ltr'><strong>quia</strong></span> <span class='ocrx_word' id='word_1_756' title='bbox 3100 4656 3281 4699; x_wconf 84' lang='lat' dir='ltr'><strong>vestra</strong></span> 
     </span>
     <span class='ocr_line' id='line_1_102' title="bbox 1708 4727 3283 4797; baseline 0.003 -15"><span class='ocrx_word' id='word_1_757' title='bbox 1708 4727 1973 4797; x_wconf 85' lang='lat' dir='ltr'><strong>sapientia</strong></span> <span class='ocrx_word' id='word_1_758' title='bbox 2014 4728 2235 4785; x_wconf 85' lang='lat' dir='ltr'><strong>solvetis</strong></span> <span class='ocrx_word' id='word_1_759' title='bbox 2265 4747 2478 4786; x_wconf 80' lang='lat' dir='ltr'><strong>omnent</strong></span> <span class='ocrx_word' id='word_1_760' title='bbox 2519 4732 2725 4787; x_wconf 88' lang='lat' dir='ltr'><strong>inimici</strong></span> <span class='ocrx_word' id='word_1_761' title='bbox 2756 4734 3034 4787; x_wconf 84' lang='lat' dir='ltr'><strong>virtutem.</strong></span> <span class='ocrx_word' id='word_1_762' title='bbox 3073 4732 3150 4787; x_wconf 88' lang='lat' dir='ltr'><strong>De</strong></span> <span class='ocrx_word' id='word_1_763' title='bbox 3178 4733 3283 4788; x_wconf 88' lang='lat' dir='ltr'><strong>mi·</strong></span> 
     </span>
     <span class='ocr_line' id='line_1_103' title="bbox 1707 4818 3280 4895; baseline 0.006 -24"><span class='ocrx_word' id='word_1_764' title='bbox 1707 4818 1858 4872; x_wconf 75' lang='lat' dir='ltr'><strong>ninia</strong></span> <span class='ocrx_word' id='word_1_765' title='bbox 1909 4835 2035 4874; x_wconf 86' lang='lat' dir='ltr'><strong>vero</strong></span> <span class='ocrx_word' id='word_1_766' title='bbox 2074 4822 2221 4876; x_wconf 85' lang='lat' dir='ltr'><strong>verbi</strong></span> <span class='ocrx_word' id='word_1_767' title='bbox 2260 4823 2530 4881; x_wconf 87' lang='lat' dir='ltr'><strong>libertatis</strong></span> <span class='ocrx_word' id='word_1_768' title='bbox 2582 4824 2633 4878; x_wconf 92' lang='lat' dir='ltr'><strong>in</strong></span> <span class='ocrx_word' id='word_1_769' title='bbox 2670 4839 2774 4895; x_wconf 89' lang='lat' dir='ltr'><strong>qua</strong></span> <span class='ocrx_word' id='word_1_770' title='bbox 2816 4823 3027 4878; x_wconf 82' lang='lat' dir='ltr'><strong>liberati</strong></span> <span class='ocrx_word' id='word_1_771' title='bbox 3067 4839 3280 4888; x_wconf 71' lang='lat' dir='ltr'><strong>suiuus,</strong></span> 
     </span>
     <span class='ocr_line' id='line_1_104' title="bbox 1705 4909 3278 4971; baseline 0.005 -8"><span class='ocrx_word' id='word_1_772' title='bbox 1705 4909 1880 4963; x_wconf 68' lang='lat' dir='ltr'><strong>liabeo</strong></span> <span class='ocrx_word' id='word_1_773' title='bbox 1911 4910 2016 4963; x_wconf 87' lang='lat' dir='ltr'><strong>alia</strong></span> <span class='ocrx_word' id='word_1_774' title='bbox 2050 4911 2215 4966; x_wconf 87' lang='lat' dir='ltr'><strong>multa</strong></span> <span class='ocrx_word' id='word_1_775' title='bbox 2250 4915 2430 4969; x_wconf 72' lang='lat' dir='ltr'><strong>dit-ere</strong></span> <span class='ocrx_word' id='word_1_776' title='bbox 2461 4914 2614 4969; x_wconf 87' lang='lat' dir='ltr'><strong>vobis</strong></span> <span class='ocrx_word' id='word_1_777' title='bbox 2644 4931 2659 4970; x_wconf 73' lang='lat' dir='ltr'>t</span> <span class='ocrx_word' id='word_1_778' title='bbox 2697 4915 2791 4971; x_wconf 86' lang='lat' dir='ltr'><strong>sed</strong></span> <span class='ocrx_word' id='word_1_779' title='bbox 2822 4917 2871 4969; x_wconf 78' lang='lat' dir='ltr'><strong>si</strong></span> <span class='ocrx_word' id='word_1_780' title='bbox 2892 4916 3083 4971; x_wconf 83' lang='lat' dir='ltr'><strong>dedero</strong></span> <span class='ocrx_word' id='word_1_781' title='bbox 3121 4933 3278 4971; x_wconf 80' lang='lat' dir='ltr'><strong>occa-</strong></span> 
     </span>
     <span class='ocr_line' id='line_1_105' title="bbox 1699 5003 3279 5078; baseline 0.006 -23"><span class='ocrx_word' id='word_1_782' title='bbox 1699 5003 1899 5057; x_wconf 77' lang='lat' dir='ltr'><strong>sionem</strong></span> <span class='ocrx_word' id='word_1_783' title='bbox 1925 5005 2172 5072; x_wconf 79' lang='lat' dir='ltr'><strong>supienti,</strong></span> <span class='ocrx_word' id='word_1_784' title='bbox 2202 5008 2489 5073; x_wconf 77' lang='lat' dir='ltr'><strong>sapientior</strong></span> <span class='ocrx_word' id='word_1_785' title='bbox 2512 5010 2613 5063; x_wconf 83' lang='lat' dir='ltr'><strong>erit</strong></span> <span class='ocrx_word' id='word_1_786' title='bbox 2637 5008 2705 5063; x_wconf 78' lang='lat'><strong>⁸¹.</strong></span> <span class='ocrx_word' id='word_1_787' title='bbox 2734 5006 2884 5078; x_wconf 90' lang='lat' dir='ltr'><strong>Opus</strong></span> <span class='ocrx_word' id='word_1_788' title='bbox 2907 5018 3086 5063; x_wconf 86' lang='lat' dir='ltr'><strong>tamen</strong></span> <span class='ocrx_word' id='word_1_789' title='bbox 3112 5008 3279 5065; x_wconf 77' lang='lat' dir='ltr'><strong>habe-</strong></span> 
     </span>
     <span class='ocr_line' id='line_1_106' title="bbox 1702 5095 3277 5172; baseline 0.01 -29"><span class='ocrx_word' id='word_1_790' title='bbox 1702 5108 1822 5149; x_wconf 87' lang='lat' dir='ltr'><strong>mus</strong></span> <span class='ocrx_word' id='word_1_791' title='bbox 1857 5095 2126 5151; x_wconf 83' lang='lat' dir='ltr'><strong>consolari</strong></span> <span class='ocrx_word' id='word_1_792' title='bbox 2169 5098 2396 5155; x_wconf 76' lang='lat' dir='ltr'><strong>invicem</strong></span> <span class='ocrx_word' id='word_1_793' title='bbox 2429 5101 2638 5172; x_wconf 81' lang='lat' dir='ltr'><strong>exiguis</strong></span> <span class='ocrx_word' id='word_1_794' title='bbox 2669 5103 2971 5172; x_wconf 85' lang='lat' dir='ltr'><strong>quibusque</strong></span> <span class='ocrx_word' id='word_1_795' title='bbox 3011 5102 3277 5158; x_wconf 87' lang='lat' dir='ltr'><strong>sermoni·</strong></span> 
     </span>
     <span class='ocr_line' id='line_1_107' title="bbox 1701 5185 3272 5266; baseline 0.008 -29"><span class='ocrx_word' id='word_1_796' title='bbox 1701 5185 1798 5239; x_wconf 80' lang='lat' dir='ltr'><strong>bns</strong></span> <span class='ocrx_word' id='word_1_797' title='bbox 1829 5202 1844 5241; x_wconf 91' lang='lat'><strong>:</strong></span> <span class='ocrx_word' id='word_1_798' title='bbox 1888 5191 2029 5256; x_wconf 82' lang='lat' dir='ltr'><strong>quod</strong></span> <span class='ocrx_word' id='word_1_799' title='bbox 2064 5191 2108 5244; x_wconf 84' lang='lat' dir='ltr'><strong>si</strong></span> <span class='ocrx_word' id='word_1_800' title='bbox 2147 5206 2271 5248; x_wconf 88' lang='lat' dir='ltr'><strong>vere</strong></span> <span class='ocrx_word' id='word_1_801' title='bbox 2309 5195 2648 5265; x_wconf 81' lang='lat' dir='ltr'><strong>perspexerit</strong></span> <span class='ocrx_word' id='word_1_802' title='bbox 2686 5211 2862 5263; x_wconf 86' lang='lat' dir='ltr'><strong>mens,</strong></span> <span class='ocrx_word' id='word_1_803' title='bbox 2908 5195 3019 5262; x_wconf 85' lang='lat' dir='ltr'><strong>jam</strong></span> <span class='ocrx_word' id='word_1_804' title='bbox 3066 5210 3272 5266; x_wconf 79' lang='lat' dir='ltr'><strong>nequa·</strong></span> 
     </span>
    </p>
   </div>
   <div class='ocr_carea' id='block_1_14' title="bbox 1676 5284 2971 5363">
    <p class='ocr_par' dir='ltr' id='par_1_15' title="bbox 1676 5284 2971 5363">
     <span class='ocr_line' id='line_1_108' title="bbox 1676 5284 2971 5363; baseline 0.012 -34"><span class='ocrx_word' id='word_1_805' title='bbox 1676 5295 1857 5363; x_wconf 26' lang='lat' dir='ltr'><strong>,quam</strong></span> <span class='ocrx_word' id='word_1_806' title='bbox 1891 5284 2068 5352; x_wconf 74' lang='lat' dir='ltr'><strong>egebit</strong></span> <span class='ocrx_word' id='word_1_807' title='bbox 2096 5285 2317 5353; x_wconf 80' lang='lat' dir='ltr'><strong>loquelae</strong></span> <span class='ocrx_word' id='word_1_808' title='bbox 2340 5288 2642 5356; x_wconf 87' lang='lat' dir='ltr'><strong>corporalis</strong></span> <span class='ocrx_word' id='word_1_809' title='bbox 2672 5289 2971 5344; x_wconf 84' lang='lat' dir='ltr'><strong>mendacio.</strong></span> 
     </span>
    </p>
   </div>
   <div class='ocr_carea' id='block_1_15' title="bbox 1772 5369 3272 5445">
    <p class='ocr_par' dir='ltr' id='par_1_16' title="bbox 1772 5369 3272 5445">
     <span class='ocr_line' id='line_1_109' title="bbox 1772 5369 3272 5445; baseline 0.01 -23"><span class='ocrx_word' id='word_1_810' title='bbox 1772 5369 1832 5425; x_wconf 77' lang='lat' dir='ltr'><strong>V.</strong></span> <span class='ocrx_word' id='word_1_811' title='bbox 1882 5372 2105 5430; x_wconf 86' lang='lat' dir='ltr'><strong>Gaudeo</strong></span> <span class='ocrx_word' id='word_1_812' title='bbox 2151 5387 2327 5431; x_wconf 82' lang='lat' dir='ltr'><strong>autent</strong></span> <span class='ocrx_word' id='word_1_813' title='bbox 2378 5378 2430 5433; x_wconf 91' lang='lat' dir='ltr'><strong>in</strong></span> <span class='ocrx_word' id='word_1_814' title='bbox 2482 5382 2730 5438; x_wconf 82' lang='lat' dir='ltr'><strong>omnibus</strong></span> <span class='ocrx_word' id='word_1_815' title='bbox 2770 5381 2942 5445; x_wconf 85' lang='lat' dir='ltr'><strong>vobis,</strong></span> <span class='ocrx_word' id='word_1_816' title='bbox 2990 5381 3172 5437; x_wconf 84' lang='lat' dir='ltr'><strong>dilecti</strong></span> <span class='ocrx_word' id='word_1_817' title='bbox 3220 5382 3272 5437; x_wconf 90' lang='lat' dir='ltr'><strong>in</strong></span> 
     </span>
    </p>
   </div>
   <div class='ocr_carea' id='block_1_16' title="bbox 192 5592 3269 5688">
    <p class='ocr_par' dir='ltr' id='par_1_17' title="bbox 192 5592 3269 5688">
     <span class='ocr_line' id='line_1_110' title="bbox 192 5592 3269 5688; baseline 0.012 -46"><span class='ocrx_word' id='word_1_818' title='bbox 192 5592 332 5645; x_wconf 59' lang='lat' dir='ltr'><strong>tom.</strong></span> <span class='ocrx_word' id='word_1_819' title='bbox 377 5606 490 5660; x_wconf 77' lang='lat' dir='ltr'><strong>rur,</strong></span> <span class='ocrx_word' id='word_1_820' title='bbox 518 5596 609 5652; x_wconf 72' lang='lat'><strong>52.</strong></span> <span class='ocrx_word' id='word_1_821' title='bbox 642 5600 685 5631; x_wconf 61' lang='lat'><strong>¹⁸</strong></span> <span class='ocrx_word' id='word_1_822' title='bbox 760 5598 864 5655; x_wconf 83' lang='lat' dir='ltr'><strong>lea.</strong></span> <span class='ocrx_word' id='word_1_823' title='bbox 897 5615 1016 5663; x_wconf 82' lang='grc' dir='ltr'>ιιιι.</span> <span class='ocrx_word' id='word_1_824' title='bbox 1052 5602 1106 5659; x_wconf 84' lang='grc'><strong>5.</strong></span> <span class='ocrx_word' id='word_1_825' title='bbox 1149 5605 1195 5637; x_wconf 83' lang='lat'><strong>⁸⁸</strong></span> <span class='ocrx_word' id='word_1_826' title='bbox 1222 5604 1385 5665; x_wconf 86' lang='lat' dir='ltr'><strong>llebr.</strong></span> <span class='ocrx_word' id='word_1_827' title='bbox 1418 5623 1495 5672; x_wconf 80' lang='lat' dir='ltr'><strong>tv,</strong></span> <span class='ocrx_word' id='word_1_828' title='bbox 1522 5608 1610 5664; x_wconf 74' lang='lat'><strong>15.</strong></span> <span class='ocrx_word' id='word_1_829' title='bbox 1653 5610 1696 5640; x_wconf 74' lang='lat'><strong>’⁹</strong></span> <span class='ocrx_word' id='word_1_830' title='bbox 1736 5608 1905 5666; x_wconf 86' lang='lat' dir='ltr'><strong>lCor.</strong></span> <span class='ocrx_word' id='word_1_831' title='bbox 1943 5628 1981 5673; x_wconf 84' lang='grc' dir='ltr'><strong>ι.</strong></span> <span class='ocrx_word' id='word_1_832' title='bbox 2016 5614 2106 5669; x_wconf 69' lang='lat'><strong>25.</strong></span> <span class='ocrx_word' id='word_1_833' title='bbox 2152 5615 2199 5649; x_wconf 84' lang='lat'><strong>⁸⁰</strong></span> <span class='ocrx_word' id='word_1_834' title='bbox 2221 5613 2423 5672; x_wconf 80' lang='lat' dir='ltr'><strong>Jerem.</strong></span> <span class='ocrx_word' id='word_1_835' title='bbox 2466 5636 2616 5688; x_wconf 75' lang='lat' dir='ltr'><strong>xxxi,</strong></span> <span class='ocrx_word' id='word_1_836' title='bbox 2649 5621 2738 5677; x_wconf 67' lang='lat'><strong>54.</strong></span> <span class='ocrx_word' id='word_1_837' title='bbox 2815 5622 2855 5655; x_wconf 88' lang='lat'><strong>⁸¹</strong></span> <span class='ocrx_word' id='word_1_838' title='bbox 2880 5622 3033 5677; x_wconf 73' lang='lat' dir='ltr'><strong>Boin.</strong></span> <span class='ocrx_word' id='word_1_839' title='bbox 3068 5640 3148 5687; x_wconf 84' lang='grc' dir='ltr'>ιιι,</span> <span class='ocrx_word' id='word_1_840' title='bbox 3182 5621 3269 5679; x_wconf 70' lang='lat'><strong>¹9.</strong></span> 
     </span>
    </p>
   </div>
   <div class='ocr_carea' id='block_1_17' title="bbox 191 5664 459 5727">
    <p class='ocr_par' dir='ltr' id='par_1_18' title="bbox 191 5664 459 5727">
     <span class='ocr_line' id='line_1_111' title="bbox 191 5664 459 5727; baseline 0.015 -13"><span class='ocrx_word' id='word_1_841' title='bbox 191 5679 258 5717; x_wconf 88' lang='grc' dir='ltr'>ιιι.</span> <span class='ocrx_word' id='word_1_842' title='bbox 303 5678 339 5727; x_wconf 83' lang='lat' dir='ltr'><strong>t,</strong></span> <span class='ocrx_word' id='word_1_843' title='bbox 369 5664 459 5722; x_wconf 71' lang='lat'><strong>2¹.</strong></span> 
     </span>
    </p>
   </div>
   <div class='ocr_carea' id='block_1_18' title="bbox 191 5727 1305 5815">
    <p class='ocr_par' dir='ltr' id='par_1_19' title="bbox 191 5727 1305 5815">
     <span class='ocr_line' id='line_1_112' title="bbox 191 5727 1305 5815; baseline 0.015 -28"><span class='ocrx_word' id='word_1_844' title='bbox 191 5727 234 5759; x_wconf 80' lang='lat'><strong>⁸⁸</strong></span> <span class='ocrx_word' id='word_1_845' title='bbox 263 5732 421 5790; x_wconf 73' lang='lat' dir='ltr'><strong>toan.</strong></span> <span class='ocrx_word' id='word_1_846' title='bbox 460 5752 572 5803; x_wconf 83' lang='lat' dir='ltr'><strong>xvt,</strong></span> <span class='ocrx_word' id='word_1_847' title='bbox 607 5737 697 5792; x_wconf 73' lang='lat'><strong>52.</strong></span> <span class='ocrx_word' id='word_1_848' title='bbox 801 5740 846 5775; x_wconf 88' lang='lat'><strong>⁸⁸</strong></span> <span class='ocrx_word' id='word_1_849' title='bbox 879 5740 1033 5798; x_wconf 81' lang='lat' dir='ltr'><strong>Rom.</strong></span> <span class='ocrx_word' id='word_1_850' title='bbox 1066 5760 1185 5815; x_wconf 83' lang='lat' dir='ltr'><strong>vttt,</strong></span> <span class='ocrx_word' id='word_1_851' title='bbox 1218 5747 1305 5804; x_wconf 71' lang='lat'><strong>18.</strong></span> 
     </span>
    </p>
   </div>
   <div class='ocr_carea' id='block_1_19' title="bbox 538 5667 3268 5816">
    <p class='ocr_par' dir='ltr' id='par_1_20' title="bbox 538 5667 3268 5816">
     <span class='ocr_line' id='line_1_113' title="bbox 538 5667 3268 5816; baseline 0.01 -96"><span class='ocrx_word' id='word_1_852' title='bbox 538 5668 585 5698; x_wconf 91' lang='lat'><strong>⁸⁸</strong></span> <span class='ocrx_word' id='word_1_853' title='bbox 620 5667 852 5739; x_wconf 81' lang='lat' dir='ltr'><strong>Philipp.</strong></span> <span class='ocrx_word' id='word_1_854' title='bbox 900 5688 960 5737; x_wconf 83' lang='lat' dir='ltr'><strong>n,</strong></span> <span class='ocrx_word' id='word_1_855' title='bbox 985 5673 1037 5729; x_wconf 84' lang='lat'><strong>7.</strong></span> <span class='ocrx_word' id='word_1_856' title='bbox 1093 5676 1140 5707; x_wconf 75' lang='lat'><strong>⁸⁸</strong></span> <span class='ocrx_word' id='word_1_857' title='bbox 1177 5677 1305 5734; x_wconf 84' lang='lat' dir='ltr'><strong>ibid.</strong></span> <span class='ocrx_word' id='word_1_858' title='bbox 1326 5678 1428 5783; x_wconf 52' lang='lat'><strong>8...</strong></span> <span class='ocrx_word' id='word_1_859' title='bbox 1456 5678 1920 5816; x_wconf 43' lang='lat' dir='ltr'><strong>3⁶³23n;.v:t.250;</strong></span> <span class='ocrx_word' id='word_1_860' title='bbox 1946 5682 2051 5739; x_wconf 84' lang='lat' dir='ltr'><strong>Tit.</strong></span> <span class='ocrx_word' id='word_1_861' title='bbox 2087 5701 2125 5751; x_wconf 82' lang='lat' dir='ltr'><strong>t,</strong></span> <span class='ocrx_word' id='word_1_862' title='bbox 2166 5687 2250 5742; x_wconf 71' lang='lat'><strong>16.</strong></span> <span class='ocrx_word' id='word_1_863' title='bbox 2293 5688 2339 5720; x_wconf 85' lang='lat'><strong>⁸⁸</strong></span> <span class='ocrx_word' id='word_1_864' title='bbox 2366 5688 2540 5746; x_wconf 86' lang='lat' dir='ltr'><strong>Galat.</strong></span> <span class='ocrx_word' id='word_1_865' title='bbox 2582 5707 2657 5759; x_wconf 87' lang='lat' dir='ltr'><strong>tv,</strong></span> <span class='ocrx_word' id='word_1_866' title='bbox 2685 5692 2777 5749; x_wconf 72' lang='lat'><strong>29.</strong></span> <span class='ocrx_word' id='word_1_867' title='bbox 2853 5695 2895 5725; x_wconf 82' lang='lat'><strong>⁸²</strong></span> <span class='ocrx_word' id='word_1_868' title='bbox 2934 5691 2974 5748; x_wconf 87' lang='lat' dir='ltr'><strong>tt</strong></span> <span class='ocrx_word' id='word_1_869' title='bbox 3016 5692 3268 5760; x_wconf 75' lang='lat' dir='ltr'><strong>Tun-nt,</strong></span> 
     </span>
    </p>
   </div>
   <div class='ocr_carea' id='block_1_20' title="bbox 1957 5752 2400 5823">
    <p class='ocr_par' dir='ltr' id='par_1_21' title="bbox 1957 5752 2400 5823">
     <span class='ocr_line' id='line_1_114' title="bbox 1957 5752 2400 5823; baseline 0.016 -14"><span class='ocrx_word' id='word_1_870' title='bbox 1957 5754 1999 5787; x_wconf 72' lang='lat'><strong>⁸¹</strong></span> <span class='ocrx_word' id='word_1_871' title='bbox 2040 5752 2201 5812; x_wconf 82' lang='lat' dir='ltr'><strong>Prov.</strong></span> <span class='ocrx_word' id='word_1_872' title='bbox 2232 5773 2305 5823; x_wconf 85' lang='lat' dir='ltr'><strong>tx,</strong></span> <span class='ocrx_word' id='word_1_873' title='bbox 2346 5758 2400 5817; x_wconf 80' lang='grc'><strong>9.</strong></span> 
     </span>
    </p>
   </div>
  </div>
 </body>
</html>
