3725 6125
92 300 199 358 281

988 280 1279 349 immun
1314 292 1450 351 vill.
1493 291 1562 349 ΙΝ
1599 291 1700 347 SS.
1738 289 2025 348 PETRUM
2059 287 2148 344 ΕΤ
2187 287 2497 345 PAULUM.

3265 287 3377 346 282

98 416 180 483 οἷς
215 416 283 471 ἂν
315 413 516 477 ἐθέλοι,
539 412 641 465 καὶ
669 409 877 465 κλείειν
904 403 987 475 οἷς
1018 410 1088 466 ἂν
1114 410 1329 465 δίκαιον
1352 406 1443 483 ἦν,
1472 409 1694 473 πάντως
1721 430 1768 486 Α
1796 409 1954 479 cujus
1981 422 2113 478 ergo
2142 407 2281 476 ipse,
2317 416 2575 476 tanquam
2608 404 2829 462 sedulus
2863 419 3177 479 gnarusque
3205 407 3377 463 hono-

100 511 160 567 δὶ
191 512 309 573 τοῖς
354 504 625 580 βεδήλοις,
651 504 746 559 καὶ
773 503 1038 571 ἀνιέροις,
1065 504 1163 559 καὶ
1195 506 1312 568 τοῖς
1341 502 1693 576 ἀρνουμένοις

105 601 208 657 τὴν
237 597 531 672 ὁμολογίαν
554 594 787 667 ἐκείνην,
811 595 885 649 δι’
910 595 981 665 ἢν
1002 594 1190 660 αὐτὸς,
1214 593 1291 658 ὡς
1321 592 1556 666 ἀκριδὴς
1581 591 1692 645 τῶν

122 694 463 769 Ἐκκλησιῶν
484 694 528 727 ·’
554 692 784 763 ἀγαθῶν
818 691 1029 763 φύλαξ,
1065 694 1401 748 ἐπιστατεῖν·
1429 694 1551 757 ταῖς
1583 692 1695 745 εἰσ-

113 790 264 853 όδοις
283 788 379 859 τῆς
396 784 660 858 βασιλείας
686 783 915 857 ἐτάχθη.
945 784 1013 838 ‘ss
1033 783 1126 839 τοῦ
1156 781 1324 854 ζόφου
1349 783 1447 838 καὶ
1471 780 1691 854 ἀχλύος,
1726 777 1734 786 '

120 883 159 952 ἢ
181 880 343 950 πολλή
369 878 584 949 κέχυται
608 876 722 949 πρὸ
754 875 865 930 τῶν
901 873 1269 948 ἀνθρωπικῶν
1289 874 1607 945 ὀφθαλμῶν,
1625 872 1694 926 δι’

121 974 187 1042 ῆν
214 972 272 1025 οὐ
300 970 585 1040 βλέπουσιν
617 969 670 1022 ol
705 967 975 1039 αίρετικοὶ
1010 966 1122 1021 τῶν
1158 966 1421 1038 Πατέρων
1447 965 1519 1019 τά
1548 964 1691 1037 ἴχνη,

112 1063 222 1117 οὐδὲ
246 1060 483 1132 βαδίζειν
518 1058 766 1131 ἐκείνην,
795 1060 865 1132 ήν
896 1059 1126 1131 έτριψαν
1153 1057 1264 1114 τῶν
1306 1055 1622 1112 ἀποστόλων
1646 1057 1694 1111 οἱ

103 1155 287 1219 nacte!
341 1154 480 1208 Ἰδοὺ
527 1153 646 1225 γὰρ
695 1152 908 1225 Πέτρος
952 1152 982 1205 ὁ
1028 1154 1150 1206 κατ’
1199 1150 1433 1221 ἐκλογὴν
1476 1150 1698 1220 γνήσιος

95 1245 185 1301 τοῦ
205 1245 450 1318 Χριστοῦ
475 1245 754 1318 μαθητὴς,
777 1246 808 1299 ό
836 1243 1117 1316 πανταχοῦ
1144 1243 1245 1316 τὴν
1268 1242 1496 1316 πρώτην
1517 1240 1699 1311 ψῆφον

90 1342 186 1394 καὶ
232 1339 347 1393 τῶν
382 1338 567 1410 τιμῶν
613 1340 713 1393 καὶ
749 1337 860 1393 τῶν
901 1337 1345 1411 κατορθωμάτων
1377 1334 1696 1404 δεξάμενος,

89 1432 122 1483 ό
159 1432 339 1502 μέγας
375 1432 582 1495 ἐκεῖνος
608 1433 640 1485 ό
668 1431 835 1496 πάνυ,
863 1423 927 1485 οὗ
959 1430 1024 1484 τὸ
1063 1428 1224 1494 κλέος
1269 1428 1454 1482 πᾶσαν
1495 1427 1596 1497 τὴν
1623 1425 1702 1477 oi-

1798 515 1918 554 rum
1945 496 2208 554 Ecclesiae
2245 507 2454 566 custos,
2486 498 2638 569 regni
2668 499 2827 554 ostiis
2852 500 3144 569 praefectus
3167 498 3290 555 l'uit.
3332 497 3380 558 0

1794 590 2049 647 nebulam
2076 604 2141 644 ac
2169 588 2457 658 caliginem
2481 587 2629 642 illam
2658 588 2947 659 plurimam
2966 590 3219 646 humanis
3240 589 3380 646 offu-

1794 698 1914 739 sam
1940 681 2136 746 oculis,
2161 696 2267 752 qua
2291 681 2654 751 prohibentur
2678 679 2919 735 haeretici
2946 669 3169 736 Patrum
3194 681 3382 737 videre

1796 774 2055 845 vestigia3
2101 787 2166 828 ac
2209 787 2373 844 quarn
2410 771 2775 843 apostolorum
2814 772 2979 845 pedes
3019 774 3162 828 viam
3214 774 3381 830 trive·

1796 878 1945 934 runt,
1972 866 2244 922 incedere!
2273 866 2413 922 Ecce
2435 880 2671 936 namque
2693 866 2889 921 eximia
2908 866 3141 937 quadam
3168 868 3380 921 ratione

1797 962 2049 1017 sincerus
2078 960 2169 1015 ille
2194 959 2399 1014 Christi
2425 958 2724 1029 discipulus
2741 957 2972 1025 Petrus3
3001 958 3111 1026 ille,
3134 959 3378 1030 inquam,

1798 1052 2038 1124 primum
2068 1049 2287 1121 ubique,
2324 1058 2436 1104 tum
2465 1050 2607 1120 quod
2640 1050 2708 1104 ad
2735 1050 2972 1104 honores
3000 1058 3229 1119 spectat,
3267 1057 3378 1103 tum

1798 1145 1943 1215 quod
1996 1145 2062 1198 ad
2122 1143 2317 1199 merita
2361 1144 2543 1198 serens
2581 1142 2929 1216 suffragium,
2968 1142 3055 1197 ille
3090 1140 3379 1198 admodum

1803 1250 2071 1305 magnus,
2100 1236 2255 1305 cuius
2290 1235 2456 1291 decus
2490 1234 2803 1290 universum
2837 1234 3078 1304 implevit
3112 1241 3378 1288 terrarum

1799 1330 1990 1385 orbem
2016 1370 2031 1394 ,
2062 1328 2250 1398 jussus
2276 1326 2494 1383 edicere
2520 1336 2580 1382 ut
2606 1326 2673 1382 de
2707 1325 2819 1382 Deo
2849 1342 2915 1382 ac
2941 1326 3222 1383 Salvatore
3252 1342 3375 1381 sen-

1804 1419 1924 1485 tiat,
1957 1435 2063 1474 non
2086 1434 2117 1473 a
2150 1419 2293 1489 longi
2322 1417 2604 1489 cujusdam
2628 1418 2924 1474 commenti
2945 1418 3164 1475 vafritie
3185 1417 3377 1489 coepit,

103 1522 382 1593 κουμένην
430 1522 768 1595 ὲπλήρωσεν,
813 1522 1132 1585 κελευσθεὶς
1180 1521 1379 1583 εἰπεῖν,
1421 1518 1571 1581 ὅπως
1613 1515 1702 1568 δο-
1805 1526 1909 1567 nec
1946 1510 2385 1582 syllogismorum
2427 1524 2718 1580 rerumque
2751 1511 2958 1567 circuio
2997 1511 3225 1567 vallatus
3256 1526 3381 1583 per·

115 1611 270 1677 ξάζει
300 1612 425 1684 περὶ
457 1613 552 1667 τοῦ
600 1613 739 1667 Θεοῦ
771 1615 867 1668 καὶ
912 1612 1167 1686 Σωτῆρος
1210 1611 1394 1685 ήμῶν,
1439 1610 1544 1664 οὐκ
1596 1606 1704 1661 ἀπὸ
1805 1607 2046 1662 contanti
2081 1606 2388 1677 respondit,
2424 1608 2502 1663 uti
2535 1623 2679 1665 nunc
2714 1607 2958 1664 solemne
3005 1608 3205 1664 habent
3261 1624 3384 1680 gra·

119 1706 339 1777 μακρᾶς
374 1722 519 1770 τινος
559 1706 763 1778 ήρξατο
805 1707 1104 1779 περινοίας,
1133 1705 1255 1761 οὐδὲ
1283 1703 1488 1760 κύκλον
1524 1699 1707 1756 συλλο-
1807 1714 1905 1756 ves
1933 1697 2008 1755 illi
2035 1699 2306 1766 rhetores,
2334 1700 2499 1769 inque
2524 1701 2703 1757 verbis
2731 1703 2941 1772 positae,
2976 1701 3097 1757 tidei
3120 1702 3382 1766 artifices,

114 1797 338 1869 γισμῶν
385 1797 481 1851 καὶ
529 1798 873 1868 πραγμάτων
919 1797 1410 1870 περιόαλλόμενος,
1467 1796 1702 1865 ἀπεκρῑ-
1737 1806 1777 1861 B
1808 1793 1903 1849 sed
1938 1790 2103 1848 corde
2136 1793 2393 1863 simplici,
2422 1794 2757 1851 succinctam
2783 1794 3067 1850 veritatem
3101 1794 3383 1866 exposui13

114 1906 249 1943 νατο
280 1887 417 1960 πρὸς
447 1886 548 1959 τὴν
572 1886 788 1952 πεῦσιν,
819 1885 1009 1959 ῶσπερ
1035 1887 1099 1959 δὴ
1123 1887 1218 1942 νῦν
1241 1890 1414 1943 ποιεῖν
1446 1884 1702 1939 εἰώθασιν
1814 1887 2235 1957 haudquaquam
2306 1886 2605 1958 ingenitum
2656 1897 2846 1944 contra
2899 1888 3139 1960 genitum
3192 1887 3386 1943 distin-

111 1980 163 2032 οί
199 1978 369 2033 δεινοὶ
407 1977 665 2047 σοφισταὶ
697 1977 794 2029 καὶ
823 1976 1126 2047 τεχνολόγοι
1151 1978 1251 2049 τῆς
1282 1978 1519 2040 πίστεως
1536 1993 1551 2007 ·
1586 1973 1702 2028 ἀλλ’

114 2074 176 2124 έν
200 2071 469 2141 ἁπλότητι
493 2068 747 2141 καρδίας,
771 2067 1035 2139 σύντομον
1056 2068 1267 2134 ἐξέθετο
1287 2070 1386 2141 τὴν
1410 2067 1669 2140 ἀλήθειαν
1685 2082 1700 2096 ·

117 2163 180 2215 οὐ
230 2162 325 2215 τὸν
377 2160 679 2231 ἀγέννητον
730 2157 1044 2223 διαστείλας
1086 2158 1165 2230 τῷ
1213 2159 1451 2230 γεννητῷ
1465 2200 1480 2224 ,
1527 2159 1588 2214 οὐ
1634 2158 1704 2213 τὰ

116 2254 248 2325 περὶ
279 2252 467 2323 όμοίου
499 2251 594 2305 καὶ
633 2250 899 2322 ἀνομοίου
925 2249 1326 2323 λεπτολογήσας
1352 2250 1700 2323 ἐμπλήκτως,

108 2346 232 2399 οὐδὲ
264 2344 373 2397 τῶν
407 2344 550 2415 ὑπὲρ
588 2342 774 2396 πάντα
806 2340 1009 2394 οὐσιῶν
1037 2342 1560 2413 πολυπραγμονήσας
1589 2342 1707 2395 δια-

107 2437 301 2509 φορὰν,
332 2433 453 2489 οὐδὲ
485 2434 586 2504 τὴν
633 2433 951 2505 ἀμέτρητον
995 2430 1221 2503 θεότητα
1270 2433 1546 2504 μετρήσας
1579 2432 1707 2485 συλ-

106 2528 408 2599 λογισμοῖς,
443 2520 534 2580 οἷα
564 2523 631 2595 δὴ
675 2523 750 2577 τά
790 2523 997 2595 Ἀρείου
1028 2524 1274 2593 παίγνια,
1307 2524 1401 2577 καὶ
1434 2523 1502 2578 τὰ
1536 2523 1702 2576 Εὐνο-

112 2617 234 2691 μίου
280 2617 801 2689 παρεγχειρήματα.
847 2610 1188 2685 Ζηλώσωμεν
1235 2614 1437 2678 τοίνυν,
1479 2607 1527 2666 ὧ
1568 2614 1707 2684 Χρι-

113 2709 322 2766 στιανοὶ
352 2702 445 2779 (ὧν
483 2706 688 2769 πίστις,
724 2704 789 2758 οὐ
823 2703 1114 2773 πολυλογία
1147 2706 1209 2759 τὸ
1244 2704 1583 2776 γνώρισμα),
1612 2704 1705 2757 τὸν

121 2802 300 2867 ἁλιέα,
345 2802 434 2855 τὸν
482 2799 834 2871 ἀπερίεργον,
862 2797 958 2851 τὸν
986 2799 1052 2851 ὲκ
1076 2796 1384 2870 Βηθσαῖόἄς
1408 2797 1666 2867 γένοντα·
1689 2839 1704 2862 ,

124 2895 185 2947 τὺ
214 2892 428 2965 πρῶτον
451 2892 703 2964 θήρευμα
728 2889 823 2944 τοῦ
859 2889 1119 2961 Χριστοῦ.
1165 2889 1576 2961 Μελετήσωμεν
1617 2889 1706 2943 λέ-

126 3000 275 3053 γειν·
305 2982 390 3038 Σὺ
416 2978 477 3037 εἶ
501 2985 536 3036 d
564 2981 815 3051 Χριστὸς
845 2983 880 3035 ὀ
915 2980 1049 3045 Υἱὸς
1090 2979 1197 3034 τοῦ
1242 2978 1391 3033 Θεοῦ
1422 2979 1530 3033 τοῦ
1572 2978 1707 3041 ζῶν-

121 3096 225 3146 τος
243 3093 260 3110 ·
290 3075 359 3131 τά
387 3076 444 3131 δὲ
475 3074 699 3130 πλείονα
723 3076 930 3129 τούτων
959 3073 1180 3144 ἀφιέναι
1214 3077 1326 3138 τοῖς
1355 3073 1704 3146 λογομάχοις,

113 3164 192 3225 ὧν
215 3169 335 3242 ἔρις
361 3168 422 3222 τὸ
449 3167 630 3240 ἔργον,
659 3167 753 3221 καὶ
783 3166 843 3220 τὸ
873 3165 1027 3229 τέλος
1056 3164 1320 3218 ἀπώλεια.

182 3259 336 3334 'Apa
375 3256 472 3315 οὖν
506 3260 608 3331 μὲν
657 3261 817 3331 μέχρι
850 3259 960 3312 τῶν
1004 3257 1306 3328 λεχθέντων
1347 3258 1562 3313 ἵσταται
1613 3260 1708 3313 τοῦ

111 3351 416 3408 ἀποστόλου
466 3351 537 3406 τά
588 3351 879 3423 θαύματα;
947 3349 980 3419 ἢ
1050 3351 1163 3403 πᾶν
1207 3351 1541 3418 τούναντίον,
1588 3351 1710 3405 οὐδὲ

111 3443 322 3520 ἦρχθαι
368 3443 658 3516 δοκοῦμεν,
708 3445 761 3498 εῖ
801 3461 882 3507 τις
929 3445 1043 3506 τοῖς
1087 3443 1402 3515 εἰρημένοις
1453 3460 1709 3516 παραμε-

111 3539 273 3612 τροίη
299 3537 373 3593 τὰ
412 3528 690 3592 λείποντα.
724 3535 869 3589 Ἀλλ’
895 3533 1006 3604 ἐγὼ
1046 3534 1117 3587 τὰ
1159 3533 1330 3588 πολλὰ
1359 3538 1424 3606 τῇ
1469 3536 1714 3609 ὑμετέρᾳ

116 3631 321 3700 γνώσει
381 3627 691 3683 καταλιπὼν
744 3627 882 3700 (ἴστε
934 3627 1044 3699 γὰρ
1096 3626 1188 3680 τὸν
1239 3627 1447 3697 Πέτρον
1498 3630 1593 3682 καὶ
1643 3629 1713 3682 τὰ

122 3723 366 3784 ἐκείνου,
398 3719 503 3774 κᾶν
537 3722 712 3792 μηδεὶς
742 3722 988 3775 ἐπαινεῖν
1026 3719 1117 3772 τὸν
1164 3719 1331 3792 ἄνδρα
1370 3721 1711 3794 προέλητάι),

137 3811 315 3884 μικρὰ
346 3812 472 3884 περὶ
495 3813 590 3885 τῆς
614 3813 972 3875 ἀναπαύσεως
1004 3811 1168 3866 αὐτοῦ
1204 3815 1378 3866 εἰπεῖν
1413 3813 1697 3883 βούλομαι,

142 3903 238 3957 καὶ1
260 3903 405 3966 ὅπως
430 3905 493 3956 ἐκ
521 3903 618 3976 τῆς
651 3905 754 3975 γῆς
785 3908 864 3969 εἰς
897 3906 988 3958 τὸν
1022 3904 1250 3976 οὐρανὸν
1285 3903 1622 3975 μετῴκησεν,
1647 3907 1715 3960 ἵν’

132 3997 255 4049 ἐκεῖ
282 3994 375 4049 τοῦ
407 3995 583 4062 λέγειν
621 3996 935 4068 παύσωμαι,
966 3996 1093 4050 ἔνθα
1135 3998 1390 4061 κάκεῖνος
1434 3997 1528 4051 τὸν
1579 3997 1713 4068 βίον.

138 4087 197 4142 ’0
232 4087 331 4159 μὲν
357 4083 454 4142 οὖν
482 4089 676 4161 Σωτὴρ
710 4088 870 4159 ήμῶν
914 4088 1078 4160 ἡνίκα
1111 4088 1335 4159 ἔμελλεν
1365 4089 1615 4157 ἀγιὰζειν
1641 4089 1719 4161 τῷ

124 4178 441 4251 αὐθαιρέτῳ
483 4179 700 4252 θανάτῳ
719 4181 787 4244 ”,
828 4180 1015 4253 ὥσπερ
1053 4181 1174 4234 τινὰ
1215 4180 1544 4254 παραθήκην
1575 4180 1718 4246 ἐξαί-

127 4288 310 4343 ρετον,
356 4273 459 4344 τὴν
513 4272 741 4327 καθόλου
798 4273 891 4326 καὶι
940 4274 1324 4345 οἰκουμενικὴν
1389 4273 1720 4346 Ἐκκλησίαν

124 4360 308 4432 τούτῳ
349 4361 427 4432 τῷ
472 4363 626 4435 ἀνδρὶ
674 4364 1064 4436 παρατίθεται,
1113 4365 1295 4436 τρίτον
1339 4363 1503 4418 αὐτοῦ
1556 4364 1720 4417 πυθό·

129 4470 292 4526 μενος
334 4454 415 4520 τὸ,
448 4455 650 4521 Φιλεῖς
689 4472 796 4525 με,·
843 4457 930 4520 Ὦς
960 4456 1016 4510 δὲ
1063 4458 1184 4519 ταῖς
1228 4457 1528 4526 ἐρωτήσεσι
1577 4456 1720 4527 μάλα
1753 4492 1796 4544 D

129 4544 430 4620 προθύμως
464 4547 786 4620 ἰσαρίθμους
824 4549 923 4613 τὰς
955 4548 1247 4619 ὁμολογίας
1290 4547 1571 4621 προέθετο,
1606 4548 1722 4601 ἔλα-

128 4635 225 4691 &v
259 4637 354 4691 τὸν
397 4639 602 4710 κόσμον
634 4642 712 4704 είς
744 4640 1082 4711 ἐπιμέλειαν,
1125 4640 1201 4702 ὡς
1251 4640 1376 4710 μίαν
1410 4639 1609 4711 ἀγέλην
1642 4635 1721 4705 εἷς

133 4727 344 4800 ποιμὴν
366 4769 382 4794 ,
411 4730 679 4794 ἀκούσας·
715 4733 914 4786 Βόσκε
947 4731 1022 4784 τὰ
1055 4732 1231 4799 ἀρνία
1268 4749 1389 4801 μου
1410 4748 1424 4763 ·
1456 4733 1549 4786 καὶι
1593 4749 1718 4804 σχε-
1744 4802 1753 4807 ¹

127 4819 224 4874 δὸν
265 4819 382 4873 ἀνθ’
411 4820 604 4874 ἑαυτοῦ
653 4822 745 4875 τὸν
792 4822 1114 4875 πιστότατον
1165 4821 1411 4894 μαθητὴν
1446 4821 1646 4877 ἔδωκεν
1692 4824 1720 4875 ό

131 4910 341 4984 Κύριος
386 4915 499 4977 τοῖς
536 4912 896 4984 προσηλύτοις
950 4913 1190 4984 πατέρα,
1242 4915 1336 4967 καὶ
1389 4914 1576 4985 νομέα,
1623 4916 1719 4967 καὶ

133 5002 453 5073 παιδευτὴν.
500 5004 718 5076 Ταύτης
748 5005 925 5058 τοίνυν
966 5003 1205 5068 ἀκούσας
1246 5006 1343 5074 τῆς
1378 5006 1584 5076 φωνῆς,
1615 5005 1716 5058 οὐκ

134 5096 194 5147 ἒν
224 5096 468 5170 ῥᾳθυμία
494 5099 586 5152 τὸν
631 5098 744 5168 βίον
780 5098 992 5169 ἔζησεν,
1033 5098 1153 5151 οὐδὲ
1200 5100 1452 5169 ἠγάπησε
1486 5100 1583 5170 τὴν
1617 5098 1721 5164 ἔξω

137 5187 398 5243 κινδύνων
442 5188 620 5260 ζωήν·
655 5189 794 5242 ἀλλὰ
832 5190 1010 5242 πᾶσαν
1053 5190 1151 5260 τὴν
1198 5189 1522 5260 οἰκουμένην
1562 5207 1718 5263 περι-

136 5277 363 5342 νοστῶν,
406 5278 500 5332 τδν
556 5278 788 5350 Χριστὸν
833 5280 945 5340 τοῖς
989 5276 1389 5346 τυφλώττουσιν
1443 5277 1720 5331 ἀπεκάλυ-

134 5385 292 5434 πτεν,
332 5371 462 5433 τους
500 5369 601 5440 μὲν
646 5367 1030 5438 πλανωμένους
1076 5368 1306 5437 ὁδηγῶν,
1348 5368 1474 5432 τοὺς
1502 5367 1559 5421 δὲ
1593 5385 1717 5437 γευ-

134 5460 409 5531 σαμένους
427 5460 527 5530 τῆς
561 5459 840 5523 εὐσεὸείας
865 5461 944 5492 ”·
977 5462 1091 5522 τοῖς
1126 5459 1338 5531 ἐχθροῖς
1379 5460 1712 5531 μαχόμενος,

1807 1993 1982 2049 gneus
2011 1996 2027 2034 ι
2059 1979 2127 2034 de
2151 1978 2240 2043 iis,
2276 1993 2398 2046 qua=
2424 1978 2491 2033 ad
2520 1980 2698 2035 simile
2732 1995 2798 2035 ac
2827 1980 3090 2039 dissimile
3120 1989 3387 2052 spectant,

1807 2068 2174 2140 nequidquam
2214 2078 2395 2123 emota
2433 2078 2615 2125 mente
2668 2069 2858 2127 l'rivola
2911 2074 3195 2143 disputans
3230 2092 3245 2130 :
3292 2088 3393 2130 nec

1806 2176 1938 2216 vcro
1977 2160 2435 2226 substantiarum,
2474 2175 2596 2229 quae
2634 2163 2816 2216 omnia
2857 2176 3156 2234 superant,
3198 2167 3392 2223 distin-

1808 2251 2047 2307 ctionem
2072 2249 2342 2305 curiosius
2368 2249 2675 2319 indagans·,
2704 2266 2803 2307 nec
2823 2253 3037 2308 demum
3070 2257 3389 2314 immensam

1808 2342 2062 2398 deitatem
2096 2340 2423 2411 syllogismis
2470 2342 2742 2407 metiens,
2793 2343 2968 2411 qualia
3024 2346 3224 2400 habent
3274 2348 3387 2402 Arii

1808 2435 2043 2502 ludicra,
2079 2434 2440 2506 Eunomiique
2485 2451 2648 2507 prava
2690 2438 2996 2492 conamina.
3048 2437 3391 2494 AEntulemnr

1808 2530 2012 2600 itaque,
2045 2543 2078 2583 ο
2100 2526 2394 2584 Christiani
2440 2527 2705 2600 (quorum
2741 2528 2896 2595 fides,
2928 2541 3057 2585 nota
3104 2538 3187 2587 est
3212 2534 3386 2588 acin·

1807 2620 1983 2690 signe,
2018 2634 2125 2674 non
2160 2619 2448 2675 verborum
2482 2617 2802 2692 effluentia),
2837 2621 3163 2690 piscatorem
3199 2621 3347 2676 illum
3369 2665 3385 2689 ,

1811 2710 1963 2765 illum
2001 2709 2342 2781 simplicem,
2387 2710 2539 2766 illum
2572 2709 2861 2767 Bethsaida
2905 2723 3088 2769 ortum
3113 2756 3128 2781 ,
3162 2714 3390 2783 primam

1810 2803 1959 2858 illam
1994 2802 2196 2865 Christi
2226 2805 2590 2861 venationem.
2620 2805 2947 2861 Studeamus
2974 2806 3156 2862 dicere
3181 2824 3195 2861 ε
3232 2804 3313 2861 Tu
3338 2823 3392 2862 es

1815 2894 2063 2951 Christus
2104 2893 2280 2950 Filius
2319 2897 2416 2951 Dei
2455 2898 2594 2962 vivi;
2630 2898 2715 2952 his
2757 2908 2932 2953 autem
2971 2899 3160 2969 plura,
3202 2914 3395 2970 pugnae

1811 2987 2102 3042 verborum
2130 2987 2471 3043 studentibus
2494 2990 2770 3045 dimittere
2792 3006 2808 3057 ;
2833 3006 3063 3061 quorum
3080 3005 3238 3060 opus,
3262 3006 3393 3045 con·

1814 3081 2016 3150 tentio;
2052 3080 2176 3136 linis
2206 3091 2409 3149 autem,
2441 3082 2713 3140 interitus.

1883 3265 2098 3339 Ergone
2124 3266 2405 3333 hactenuS,
2443 3267 2604 3339 inque
2630 3269 2791 3326 dictis
2828 3270 2987 3324 linem
3018 3269 3220 3326 habent
3260 3282 3391 3338 apo-

1812 3359 1944 3413 stoli
1988 3358 2291 3424 miracula?
2324 3362 2454 3431 quin
2487 3359 2648 3430 plane
2684 3377 2861 3426 secus,
2892 3376 2960 3416 ne
2989 3360 3203 3430 quidem
3243 3361 3392 3413 vide·

1814 3467 1940 3505 mur
1966 3451 2279 3520 incoepisse,
2299 3454 2499 3523 utquis
2519 3469 2640 3508 cum
2669 3453 2850 3517 dictis,
2880 3468 2997 3521 quse
3025 3450 3228 3519 reliqna
3246 3460 3391 3514 sunt,

1818 3551 2123 3610 comparet.
2147 3543 2259 3613 Ego
2283 3545 2634 3599 nihilominus
2655 3543 2911 3613 pleraque
2932 3553 3123 3597 vestrae
3153 3542 3394 3597 s‹·ientiae

1817 3633 2134 3703 permittens
2166 3635 2354 3705 (scitis
2400 3637 2542 3690 entim
2577 3635 2819 3700 Petrum,
2875 3650 2939 3690 ac
2988 3651 3075 3690 res
3107 3634 3274 3699 Petri,
3309 3644 3393 3688 ta-

1818 3726 1974 3781 metsi
2011 3741 2168 3782 uerno
2191 3725 2363 3780 virum
2396 3726 2616 3780 laudare
2662 3726 2714 3778 in
2757 3725 2997 3780 animum
3040 3722 3385 3794 induxerit),

1818 3831 1991 3886 panca
2022 3817 2267 3885 quaedam
2300 3814 2421 3871 volo
2451 3816 2633 3870 dicere
2661 3816 2728 3869 de
2763 3816 2881 3886 ejus
2928 3816 3135 3885 requie,
3165 3822 3331 3884 utque
3362 3831 3395 3872 e

1821 3915 1967 3961 terra
2001 3905 2054 3959 in
2091 3905 2286 3961 eoelum
2321 3906 2673 3974 migraverit,
2711 3916 2769 3960 ut
2804 3905 2912 3961 illic
2946 3905 3142 3960 faciam
3179 3907 3393 3960 dicendi

1824 3995 2010 4065 linem,
2041 3997 2132 4052 uhi
2165 3997 2254 4052 ille
2283 3998 2407 4053 vitae
2434 3998 2591 4053 linem
2624 3999 2857 4069 accepit.
2885 3997 3018 4054 Cum
3049 4013 3180 4070 ergo
3207 3998 3396 4055 Salva-

1827 4099 1933 4153 tor,
1969 4099 2164 4160 sponte
2194 4101 2471 4161 assumpta
2518 4101 2694 4145 morte
2738 4092 3038 4146 humanum
3063 4107 3234 4163 genus
3263 4107 3392 4147 san·

1820 4177 2156 4232 ctilicatnrus
2182 4189 2347 4246 esset,
2371 4195 2466 4235 ceu
2500 4180 2769 4249 peculiare
2789 4183 3061 4250 quoddam
3094 4183 3392 4251 depositum

1820 4284 1886 4323 ac
1928 4268 2231 4338 peculium,
2276 4270 2637 4327 universalem
2699 4288 2763 4327 ac
2809 4272 2941 4327 orbe
2991 4282 3104 4329 toto
3148 4272 3393 4328 ‹lill'nsam

1820 4359 1940 4415 viro
1976 4359 2102 4415 huic
2140 4363 2489 4417 commendat
2533 4363 2857 4426 Ecclesiam,
2894 4365 2983 4419 ubi
3019 4364 3179 4420 tertio
3228 4365 3398 4418 inter·

1826 4462 2091 4522 rogasset,
2126 4453 2278 4518 illud,
2316 4456 2477 4509 Amas
2523 4471 2603 4508 me
2632 4455 2683 4509 ¹?
2713 4454 2956 4524 Cumque
2987 4457 3053 4522 is,
3091 4457 3258 4512 multa
3284 4456 3395 4508 ala·

1824 4544 2022 4599 critate
2052 4544 2280 4615 singulis
2302 4545 2826 4617 interrogationibus
2851 4549 3071 4604 totidem
3101 4550 3395 4618 professio·

1819 4650 1919 4688 nes
1955 4634 2269 4702 adiecisset,
2308 4639 2497 4692 nmudi
2538 4656 2723 4693 cin-ain
2777 4640 3014 4707 acceptu
3051 4640 3194 4696 velut
3230 4656 3392 4694 unum

1819 4719 2061 4797 gr'egetn,
2098 4744 2238 4783 unus
2268 4739 2498 4800 pastor;
2535 4732 2735 4798 quibus
2764 4733 2966 4788 audivit
2996 4750 3009 4787 :
3039 4731 3206 4786 Pasce
3229 4748 3393 4802 agnos

1817 4819 1997 4872 meos’
2022 4834 2037 4884 ;
2071 4816 2289 4890 fereque
2312 4821 2392 4876 sui
2417 4824 2533 4876 loco
2556 4821 2703 4878 dedit
2726 4825 2984 4880 Dominus
3021 4825 3391 4880 fidelissimum

1818 4905 2167 4976 discipulum,
2208 4909 2261 4962 in
2291 4921 2525 4980 patrem,
2553 4922 2933 4983 pastoremque
2962 4929 3025 4968 ac
3052 4915 3391 4984 magistrum,

1820 4996 1908 5060 iis,
1943 4999 2033 5068 qni
2066 5012 2248 5055 essent
2281 5004 2555 5058 accessuri
2583 5004 2651 5058 ad
2683 5005 2861 5061 fldem.
2892 5006 3026 5061 Cum
3064 5007 3246 5076 itaque
3270 5022 3392 5063 eam

1817 5103 2009 5145 vocem
2037 5092 2299 5160 audisset,
2331 5092 2743 5164 haudquaquam
2770 5098 2996 5167 segnitie
3017 5099 3181 5152 vitam
3211 5100 3394 5153 tradu-

1817 5178 2049 5233 cendam
2077 5179 2226 5234 duxit
2252 5196 2267 5244 ;
2302 5196 2401 5236 nec
2431 5183 2617 5238 dilexit
2644 5185 2823 5241 vivere
2851 5195 3006 5242 extra
3032 5186 3396 5257 periculorum

1819 5269 1993 5325 aleam
2045 5289 2059 5324 z
2108 5274 2235 5341 quin
2308 5275 2621 5332 universnm
2682 5279 3106 5352 citt-utnqnaque
3160 5281 3397 5338 lustrans

1828 5373 2098 5416 terrarum
2125 5365 2334 5431 orbem,
2365 5367 2525 5422 ezr-cis
2554 5368 2831 5426 Christum
2861 5373 3169 5443 revelabam
3197 5375 3263 5430 iis
3291 5375 3395 5431 dux

1823 5454 2049 5510 effeetus
2080 5455 2171 5526 qui
2201 5459 2549 5527 exerrahant,
2578 5477 2672 5519 eos
2695 5479 2999 5535 provocans
3022 5468 3115 5538 qni
3141 5466 3394 5537 pietatem

205 5665 249 5697 ⁸⁷
293 5664 378 5716 Ῑσ.
425 5663 536 5714 *tx-v
574 5660 677 5712 τῶν
703 5662 781 5715 vel
821 5660 1305 5730 ὲκκλησιαστικῶν.
1383 5661 1609 5714 ”asim
1643 5661 1730 5714 τὸν
1769 5660 2078 5734 ἄνθρωπον,
2106 5659 2326 5731 velquid
2353 5662 2546 5719 simite.
2625 5666 2669 5700 ’⁹
2712 5668 2898 5739 Suppl.
2934 5671 3018 5724 ίσ.
3051 5668 3391 5740 προτρέπων,

135 5736 371 5803 velqnid
405 5734 605 5787 sintile.
683 5732 695 5762 ¹
738 5730 890 5786 Joan.
916 5748 1028 5794 nt,
1059 5731 1245 5783 ¹547.
1322 5731 1341 5760 ⁸
1379 5730 1506 5785 ibid.
1546 5731 1629 5786 ¹5.
