3725 6125
224 294 370 353 ¹029

768 409 1100 466 El'lSTOLA
1146 411 1286 466 xiv.

219 508 308 565 De
333 502 606 575 implendo
627 502 947 566 obedientia,
976 513 1030 555 nt
1054 502 1308 557 inhabitet
1328 503 1384 557 in
1406 504 1510 559 illis
1535 505 1822 561 benedictio

687 583 895 642 patrwn
930 589 1168 628 suorum.
1196 573 1344 628 Dixit
1386 589 1405 628 .·

303 686 651 754 Dilectissimi
684 686 820 742 mibi
877 686 931 742 in
996 686 1468 758 Domino-quidem
1515 691 1666 755 estis,
1697 690 1823 760 quia

232 789 452 838 vosmet
478 779 626 850 ipsos
648 778 885 848 parastis
916 778 982 833 ad
1023 793 1247 850 regnum
1282 780 1564 847 coelorum,
1589 790 1642 836 et
1658 782 1823 836 Deum

236 872 476 943 rogastis
502 879 558 925 ut
583 877 732 925 esset
781 868 955 933 vobis,
1005 869 1166 925 sicuti
1219 880 1303 925 est
1351 871 1498 926 Patri
1537 884 1738 940 vestro,
1770 883 1827 928 ut

244 966 470 1022 abir-etis
498 964 564 1020 ad
592 965 770 1020 locum
807 965 873 1018 ad
924 980 1086 1035 quem
1121 964 1368 1021 abiturus
1415 978 1498 1021 est
1529 968 1693 1023 Pater
1730 984 1825 1023 ve·

242 1071 376 1125 ster,
403 1070 456 1116 et
477 1068 535 1114 ιιι
561 1056 872 1115 benedictio
912 1074 1032 1127 quae
1065 1059 1393 1115 inhabitavit
1420 1060 1476 1116 in
1497 1059 1629 1126 ·illo,
1663 1061 1825 1116 inba-

236 1151 374 1206 bitet
402 1150 456 1205 in
487 1150 669 1217 vobis,
702 1158 754 1205 et
783 1149 1010 1220 gloriam
1063 1165 1221 1219 quam
1279 1158 1364 1206 est
1406 1163 1824 1218 consecuturus,

231 1242 673 1311 consequamini,
707 1256 774 1296 eo
806 1242 948 1313 quod
990 1242 1121 1297 lacti
1155 1244 1289 1299 estis
1313 1246 1362 1298 ci
1403 1245 1496 1300 lilii
1528 1246 1825 1301 secundum

234 1334 564 1389 liliationem
596 1335 843 1389 veritatis
873 1343 925 1389 et
948 1334 1346 1393 benedictionis
1362 1347 1530 1407 atque
1565 1337 1827 1395 obedien-

232 1429 349 1482 tia·.
379 1413 598 1482 Etenim
632 1426 724 1481 lilii
757 1426 1074 1484 obedientes
1106 1440 1320 1498 patrum
1349 1445 1570 1485 suorum
1589 1431 1828 1496 divitias,

230 1517 514 1588 justitiam
546 1526 601 1571 et
629 1516 1066 1573 benedictionem
1116 1529 1173 1574 ιιι
1226 1521 1468 1577 liaercdcs
1491 1537 1831 1595 consequun-

228 1619 330 1666 tur
360 1610 859 1680 boereditatisjme.
893 1611 1190 1668 Enimvero
1220 1627 1412 1683 preces
1435 1628 1571 1684 quas
1593 1614 1823 1670 fundunt

232 1700 335 1758 sslii
359 1717 545 1757 coram
573 1701 703 1766 Deo,
741 1700 945 1757 similes
973 1710 1104 1756 sunt
1156 1702 1408 1772 precibus
1459 1712 1677 1772 patrum
1704 1719 1831 1758 suo·

234 1809 399 1861 rum3
443 1794 620 1864 iisque
670 1794 1033 1850 mediantibus
1083 1794 1423 1850 baereditatis
1463 1794 1587 1863 jure
1641 1810 1831 1852 conse-

236 1871 484 1957 quuntur
535 1894 795 1955 paternas
846 1887 1097 1942 virtutes.
1145 1886 1211 1942 Et
1247 1902 1379 1943 sane
1435 1903 1629 1959 preces
1661 1887 1831 1944 Jacob

246 1974 459 2031 similes
478 1985 640 2031 erant
676 1975 932 2045 precibus
959 1988 1172 2047 patrum
1205 1992 1429 2032 suorum
1458 1978 1510 2031 in
1536 1978 1789 2032 omnibus
1819 1999 1831 2033 :

246 2067 481 2140 ideoque
527 2069 930 2126 descenderunt
986 2086 1151 2140 super
1181 2070 1331 2125 illum
1369 2085 1562 2127 omnes
1611 2069 1834 2125 benedi·

246 2159 463 2215 ctiones
488 2170 700 2230 patrum
733 2176 984 2226 suorum,
1036 2161 1345 2230 meruitque
1376 2160 1640 2215 visionem
1678 2159 1837 2215 scalae

246 2250 575 2323 spiritualis,
634 2254 1057 2310 ascendentibus
1110 2261 1167 2309 et
1227 2254 1687 2309 descendentibus
1739 2268 1835 2323 per

246 2342 407 2399 «illam
432 2343 654 2414 angelis.
688 2345 991 2417 Antequam
1018 2361 1148 2401 vero
1180 2345 1514 2416 suscepisset
1548 2354 1833 2413 parentum

244 2448 479 2492 suorum
536 2435 963 2495 benedictionem
986 2480 1001 2504 ,
1068 2453 1168 2494 nec
1218 2454 1386 2493 unum
1451 2437 1671 2509 quidem
1703 2438 1838 2493 vidit

240 2525 503 2593 angelum
534 2545 551 2582 ε
586 2539 643 2584 at
698 2543 818 2584 cum
876 2529 1319 2586 benedictionem
1352 2539 1573 2600 patrum
1610 2546 1832 2586 suorum

244 2630 406 2677 esset
435 2632 784 2690 consecutus,
818 2624 1037 2695 angelos
1093 2624 1252 2688 vidit,
1325 2634 1379 2677 et
1408 2624 1727 2679 benedictus
1755 2636 1840 2680 est

254 2711 329 2767 ab
351 2710 475 2766 illis.
505 2711 631 2767 Pari
658 2713 875 2783 quidem
908 2714 1123 2769 ratione
1158 2714 1268 2769 veri
1303 2714 1398 2768 filii
1436 2725 1836 2786 cognoverunt,

246 2811 320 2853 te
349 2796 551 2851 nullam
580 2798 844 2875 virtutem·
873 2798 1056 2856 videre
1086 2814 1269 2870 posse,
1302 2800 1406 2855 nisi
1441 2801 1679 2856 assecuti
1720 2801 1838 2856 sue-

254 2888 376 2942 rint
403 2888 827 2945 benedictionem
856 2903 1138 2961 parentum
1189 2908 1436 2950 suorum.
1493 2893 1672 2960 Quare
1707 2895 1840 2950 obe-

260 2979 521 3035 dientiam
542 2982 857 3053 parentibus
898 2997 1157 3055 pra-stare
1186 2986 1367 3042 conati
1405 2996 1556 3051 sunt.
1589 3002 1683 3043 eos
1713 3002 1839 3058 sup-

254 3073 523 3145 plicantes
547 3082 605 3128 ut
656 3074 726 3131 ab
754 3075 858 3133 illis
911 3078 1388 3141 benedicerentur,
1421 3089 1478 3133 ιιι
1508 3094 1695 3134 corum
1729 3094 1839 3134 me-

258 3165 530 3221 diantibus
555 3164 1026 3224 benedictionibus
1082 3172 1266 3226 videre
1298 3182 1639 3226 mererentur
1676 3188 1836 3229 exer·

256 3256 399 3315 citus
422 3257 758 3331 angelorum,
787 3261 987 3332 quibus
1012 3260 1140 3317 visis
1170 3261 1310 3316 lirini
1344 3261 1684 3319 efficerentur
1716 3265 1837 3321 elue

246 3351 665 3420 perturbatione
696 3353 952 3408 omnibus
983 3355 1036 3409 in
1062 3350 1303 3415 craculis.
1354 3352 1623 3409 Similiter
1644 3354 1842 3413 Paulus

162 3420 557 3511 ⁰-0postolu8,
589 3454 714 3497 cum
744 3440 851 3495 bos
888 3440 1134 3504 vidisset,
1181 3441 1534 3499 confirmatus
1567 3457 1620 3498 ct
1649 3460 1839 3500 corro-

248 3534 482 3586 boratus
512 3539 624 3593 est.
650 3536 706 3584 et
746 3527 1077 3584 exclamavit
1117 3531 1337 3591 diceus:
1368 3534 1492 3590 Non
1517 3549 1723 3605 separat
1761 3554 1844 3594 ine

256 3641 291 3675 a
322 3624 588 3674 charitate
612 3618 806 3674 Christi
826 3630 1209 3690 nocumentum,
1238 3637 1329 3680 aut
1351 3644 1550 3692 carcer,
1599 3639 1690 3682 aut
1721 3646 1844 3699 per-

266 3711 494 3774 secutio,
518 3722 611 3764 aut
635 3710 821 3778 santes,
860 3724 947 3767 atu
986 3713 1221 3783 nuditas,
1247 3728 1337 3771 ant
1385 3719 1708 3786 adversatio,
1752 3730 1843 3773 ortt

270 3803 483 3873 gladius
505 3803 574 3860 ”.
617 3804 709 3858 Ait
761 3819 1015 3877 qnoque:
1051 3804 1236 3880 Neque
1281 3827 1444 3875 mois,
1503 3828 1665 3881 neque
1713 3813 1845 3879 cita,

274 3912 442 3965 neque
461 3896 653 3966 angeli,
680 3913 838 3969 neque
874 3901 1133 3971 principes
1165 3942 1180 3967 ,
1227 3918 1391 3973 aeque
1418 3915 1723 3975 potestates,
1762 3921 1849 3959 ne-

265 4003 374 4057 que
404 3988 515 4042 lta-c
539 3989 986 4062 instandumque
1009 3991 1220 4062 satura,
1262 4011 1426 4063 neque
1471 4000 1710 4062 uirtutes,
1751 4013 1845 4051 ne-

269 4095 375 4148 que
392 4079 638 4147 altitudo,
662 4096 823 4153 neque
861 4084 1224 4154 profunditas,
1247 4102 1411 4156 neque
1451 4104 1511 4142 ea
1562 4088 1668 4141 alin
1700 4104 1849 4142 crea-

266 4182 395 4225 tura
424 4170 646 4242 inferior
683 4183 847 4244 potest
891 4191 972 4231 me
1011 4177 1254 4232 decidere
1304 4196 1336 4232 a
1371 4180 1628 4233 charitate
1657 4179 1752 4234 Dei
1793 4180 1847 4234 in

266 4262 500 4319 Domino
536 4274 714 4321 nostro
759 4266 887 4322 Jaesn
918 4268 1134 4324 Christo
1181 4270 1249 4326 ⁸¹⁸.
1284 4271 1480 4328 Videte
1532 4273 1735 4343 itaque,
1770 4274 1849 4328 di·

264 4357 552 4411 lectissimi
576 4358 705 4426 mei‚
734 4361 1004 4430 quomodo
1037 4378 1226 4417 onmes
1249 4364 1340 4433 qni
1371 4364 1726 4420 decertarunt
1754 4365 1851 4419 do-

1219 289 1275 345 S.
1319 289 1601 347 ANTONtt
1640 291 1707 347 M.
1749 291 2048 349 AttssATts
2088 292 2471 351 EPtSToLAE.

3375 303 3399 358 Ι
3409 303 3513 361 05⁰

1856 420 1895 470 Α
1929 423 2034 469 tem
2065 416 2241 478 vobis„
2272 418 2413 485 «ruod
2468 431 2741 485 nunqnam
2768 431 2930 472 cesso
2959 418 3241 488 deprecari
3285 434 3384 491 pro
3411 437 3513 477 vo-

1930 506 2035 570 bis,
2071 515 2130 560 ut
2156 507 2277 561 sitis
2325 521 2537 562 mecum
2589 508 2678 563 ubi
2712 508 2897 577 lncro;
2936 510 3061 565 l'acti
3105 527 3342 583 namque
3383 516 3515 575 mibi

1927 596 2060 650 estis
2092 595 2211 664 lilii,
2243 606 2297 651 et
2321 598 2689 653 obedientiam
2722 600 2852 654 milti
2909 600 2966 654 in
3019 602 3273 659 omnibus
3298 607 3505 677 praesti·

1932 686 2091 741 listis.
2118 687 2251 741 Nam
2284 703 2405 743 cum
2436 690 2665 745 vidisset
2694 689 2954 748 Dominus
2973 702 3162 750 noster
3178 694 3500 753 lesusCltri·

1930 790 2047 833 stus
2082 779 2378 850 discipulos
2403 797 2529 838 snos
2563 783 2663 838 sibi
2697 784 3033 849 obedientes,
3065 788 3278 860 rogat-it.
3298 788 3517 846 Patrem

1929 885 2086 925 suum
2128 872 2351 928 dicens:
2389 871 2571 941 Pater,
2596 875 2649 928 in
2675 875 2788 929 loco
2813 877 2867 929 in
2895 894 2995 946 quo
3017 894 3126 946 ero,
3166 879 3283 935 volo
3319 888 3378 935 ut
3412 883 3518 937 sint

1929 959 1984 1014 tn·
2014 967 2530 1033 mecttn23qttotiiam
2592 967 2876 1021 audierunt
2933 970 3088 1023 verba
3134 986 3269 1036 mea,
3313 980 3364 1025 et
3423 988 3519 1043 eqo

1930 1053 2085 1107 trado
2127 1068 2309 1109 memet
2343 1056 2513 1126 ipsum
2555 1074 2649 1127 pro
2673 1059 2802 1115 illis.
2833 1058 3013 1123 Pater,
3065 1078 3118 1117 ea
3146 1063 3200 1116 in
3221 1078 3323 1128 me,
3349 1074 3397 1118 et
3423 1079 3518 1134 eqo

1928 1142 1985 1197 in
2045 1155 2130 1202 te:
2160 1154 2208 1197 et
2243 1146 2297 1198 ln'
2345 1147 2399 1199 in
2467 1148 2613 1201 nobis
2674 1151 2777 1202 sint
2840 1149 3009 1218 iqitnr
3049 1152 3104 1207 in
3156 1153 3358 1208 unitate
3381 1156 3519 1209 sicut

1930 1253 2026 1290 nos
2055 1237 2121 1291 ⁷⁸.
2147 1236 2475 1294 intueamini
2501 1240 2704 1310 itaque,
2749 1240 2896 1296 lilioli
2927 1244 3054 1308 mei,
3080 1245 3517 1315 deprecationem

1932 1325 2147 1382 Domini
2178 1329 2349 1382 nostri
2393 1345 2491 1398 pro
2529 1332 2810 1402 discipulis
2841 1332 2977 1394 suis,
3030 1343 3088 1388 ut
3116 1336 3223 1391 siut
3255 1337 3344 1391 ulii
3376 1339 3516 1404 erit;

1936 1433 2038 1471 nec
2084 1434 2191 1473 uon
2224 1420 2661 1488 deprecationem
2710 1423 2827 1491 ejus
2857 1426 2922 1478 ad
2968 1423 3218 1493 Patrem,
3254 1435 3314 1481 ut
3342 1439 3523 1485 custo-

1933 1508 2046 1562 diat
2072 1522 2167 1565 eos
2199 1525 2228 1564 a
2258 1511 2419 1579 malo,
2454 1512 2629 1569 donec
2665 1516 2984 1585 perveniant
3025 1518 3092 1571 ad
3131 1518 3249 1575 loca
3289 1522 3519 1592 requiei,

1934 1601 2167 1671 eoquod
2201 1602 2327 1658 sacti
2394 1615 2517 1660 sunt
2546 1607 2618 1660 illi
2667 1608 2849 1662 amici.
2906 1609 3115 1666 Scitote
3159 1624 3339 1669 autem
3377 1614 3522 1684 ejus·

1936 1692 2078 1747 modi
2112 1709 2282 1748 meam
2308 1710 2431 1752 csse
2462 1713 2559 1766 pro
2600 1699 2751 1754 vobis
2768 1701 3208 1771 deprecationem
3232 1709 3299 1760 ad
3326 1705 3519 1773 Deum,

1939 1797 1997 1839 ut
2034 1798 2214 1843 servet
2242 1803 2338 1845 vos
2365 1805 2395 1844 a
2457 1790 2622 1857 malo,
2679 1793 2850 1849 donce
2897 1798 3223 1864 perveniatis
3276 1799 3344 1853 ad
3402 1800 3521 1856 loca

1941 1881 2173 1950 requiei,
2204 1892 2259 1935 et
2314 1892 2373 1937 ut
2438 1884 2591 1939 vobis
2648 1884 2912 1956 largiatur
2951 1889 3384 1947 benedictionem
3423 1906 3522 1961 pa-

1940 1978 2078 2022 trum
2111 1981 2443 2026 nostrorum.
2494 1973 2705 2028 Etenim
2765 1976 3174 2035 benedictiones
3232 1980 3350 2036 ista!
3384 1983 3429 2035 si
3464 1983 3519 2037 in

1936 2059 2091 2113 vobis
2118 2060 2560 2127 inhabitaverint,
2587 2067 2819 2120 maxima
2871 2068 3026 2123 vobis
3076 2071 3265 2139 gratiae
3310 2071 3402 2127 liet
3433 2088 3527 2128 ac·

1938 2151 2134 2206 cessio.
2160 2150 2606 2225 Quandoquidem
2638 2154 2808 2214 Jacob
2836 2158 3280 2230 Mesopotamiam
3313 2172 3522 2233 petens,

1940 2252 2058 2311 post
2089 2252 2370 2311 acceptam
2410 2244 2867 2316 benedictionem,
2910 2253 3045 2308 vidit
3078 2257 3322 2325 angelos,
3358 2257 3524 2312 bene-

1940 2335 2185 2405 dixitque
2221 2351 2345 2391 eunt
2402 2337 2546 2393 Deus
2583 2341 2654 2396 ob
2705 2343 3001 2411 praestitam
3049 2346 3370 2414 parentibus
3392 2349 3525 2402 obe·

1941 2423 2220 2492 diemiam,
2255 2439 2557 2496 eorumque
2583 2428 3007 2488 benedictiones.
3037 2431 3173 2488 Cum
3225 2444 3410 2489 autem
3440 2433 3526 2489 vi·

1940 2514 2115 2570 disset
2146 2518 2369 2586 angelos
2399 2518 2541 2575 facie
2577 2522 2646 2577 ad
2689 2520 2888 2577 faciem
2939 2524 3039 2579 sibi
3071 2532 3418 2595 apparentes,
3447 2533 3529 2581 te-

1943 2609 2059 2664 nuit
2089 2625 2254 2665 unum
2291 2626 2508 2678 eorum,
2572 2615 2744 2670 donec
2822 2614 3175 2685 multiplicem
3223 2618 3530 2688 accepisset

1944 2700 2011 2755 ab
2047 2700 2138 2756 illo
2166 2701 2623 2771 benedictionem,
2666 2722 2772 2776 qua
2821 2706 3107 2762 benedixit
3143 2708 3285 2764 lilios
3313 2722 3531 2779 qnoque

1943 2808 2095 2849 suos·
2129 2793 2396 2851 Similiter
2422 2798 2584 2851 etiam
2614 2797 2802 2853 inl'elix
2849 2813 2950 2869 ego
3001 2799 3171 2855 Deum
3222 2815 3400 2855 meum
3433 2799 3531 2857 de-

1943 2901 2157 2957 precor,
2186 2888 2272 2943 cui
2309 2904 2336 2942 a
2365 2888 2602 2958 pueritia
2638 2903 2757 2944 mea
2784 2904 2960 2960 usque
3004 2906 3147 2945 nunc
3184 2891 3442 2959 insertio,
3472 2902 3533 2949 ut

1945 2995 2039 3036 vos
2061 2980 2365 3044 benedicat,
2420 2992 2724 3053 augeatque
2760 2982 3263 3049 benedictionibus,
3297 2993 3356 3038 ut
3385 2985 3529 3042 {latis

1947 3073 2087 3142 patri
2121 3082 2308 3128 nostro
2344 3070 2516 3128 Jacob
2552 3073 3023 3129 benedictionibus
3063 3072 3264 3131 referto
3290 3110 3309 3139 ,
3340 3073 3395 3129 in
3420 3077 3530 3145 spi-

1947 3164 2142 3220 ritibus
2162 3175 2218 3220 et
2242 3165 2563 3235 corporibus
2608 3166 2808 3223 vestris
2839 3165 3068 3221 similes.
3115 3164 3324 3223 Scitote
3347 3165 3531 3235 itaque

1946 3256 2088 3327 quod
2115 3270 2275 3328 pater
2299 3264 2487 3315 noster
2503 3255 2675 3313 Jaeob
2703 3257 2830 3313 dnm
2875 3265 3023 3315 esset
3043 3257 3095 3313 in
3138 3258 3531 3329 Mesopotamia

1947 3349 2263 3405 recordatus
2291 3359 2378 3405 est
2403 3356 2689 3418 parentum
2716 3362 2961 3415 suorum,
2987 3357 3044 3404 et
3077 3362 3328 3405 reversus
3353 3361 3440 3406 est
3475 3351 3529 3405 in

1951 3449 2146 3494 terram
2182 3455 2378 3507 suam;
2415 3449 2470 3494 et
2494 3440 2690 3494 timens
2730 3438 2960 3492 fratrem
3000 3453 3179 3504 suum,
3232 3438 3429 3495 obtulit
3470 3440 3523 3496 ei

1949 3541 2240 3602 antequam
2263 3531 2455 3586 obvius
2485 3531 2561 3586 illi
2588 3539 2756 3595 esset,
2783 3539 3017 3600 quatuor
3049 3544 3275 3586 munera
3295 3547 3311 3597 ;
3335 3542 3394 3588 et
3416 3533 3533 3605 qui·

1950 3625 2070 3680 dem
2104 3624 2190 3679 his
2239 3624 2460 3678 minime
2502 3623 2779 3694 indigebat
2830 3621 2949 3692 ejus
2996 3622 3185 3688 irater,
3217 3638 3344 3681 eum
3383 3635 3531 3683 esset

1951 3715 2107 3770 valde
2136 3715 2325 3780 dives;
2355 3728 2542 3768 serum
2572 3714 2674 3768 boc
2710 3712 2840 3768 lecit
2891 3719 2959 3768 ad
3005 3714 3407 3772 dissolvendam
3431 3718 3535 3774 ini-

1954 3807 2215 3862 micitiam
2246 3821 2366 3878 quae
2394 3808 2539 3861 inter
2583 3815 2876 3878 utrumque
2914 3807 3328 3876 intercedebat,
3376 3821 3434 3866 et
3472 3813 3540 3869 ad

1954 3900 2398 3969 consequendam
2459 3909 2748 3968 parentum
2796 3914 3016 3954 suorum
3061 3900 3534 3972 benedictionum

1954 3993 2161 4050 sciebat
2185 3992 2329 4048 enim
2360 3991 2616 4047 virtutem
2652 3990 3047 4049 benedictionis
3087 4004 3372 4064 parentum
3403 4011 3529 4052 suo·

1956 4102 2073 4143 rum
2103 4085 2397 4141 maximam
2430 4097 2573 4146 esse.
2626 4081 2898 4152 Scriptum
2951 4099 3187 4154 namque
3208 4098 3291 4142 est
3318 4106 3334 4142 z
3362 4087 3535 4143 Bene·

1953 4177 2114 4231 dictio
2134 4188 2343 4248 patrant
2381 4174 2652 4230 descendet
2686 4174 2743 4228 in
2768 4174 2909 4243 filios
2935 4174 3003 4227 ⁸⁰.
3032 4175 3109 4231 Ex
3153 4192 3299 4233 nunc
3329 4178 3534 4249 itaque,

1955 4269 2298 4324 dilectissimi
2324 4268 2449 4333 mei,
2489 4267 2540 4322 in
2576 4266 2828 4336 gaudium
2860 4267 2991 4323 milti
3050 4268 3179 4336 erit,
3211 4279 3269 4324 ut
3299 4285 3431 4326 meae
3457 4272 3540 4327 in·

1957 4345 2229 4418 l'clicitatis
2270 4377 2538 4417 memores
2569 4361 2723 4426 sitis;
2754 4375 2854 4414 nce
2879 4375 2984 4416 non
3019 4368 3306 4431 parentum
3331 4377 3538 4420 vestro·

264 4463 375 4505 nec
406 4449 876 4520 imperturbabiles
911 4465 1039 4509 suxit
1068 4452 1277 4522 effecti,
1325 4457 1394 4513 de
1452 4459 1596 4513 nullo
1627 4458 1848 4528 pertitus
1883 4461 1926 4517 ι)
1957 4471 2072 4508 rum
2093 4455 2390 4510 carnalium
2416 4455 2797 4518 recordemini,
2822 4463 2881 4508 ut
2908 4454 3427 4527 descendantsuper
3442 4475 3539 4515 vos

260 4541 487 4598 solliciti
513 4552 658 4599 sunt.
697 4543 791 4600 Sic
820 4560 914 4602 vos
940 4561 1060 4603 esse
1105 4546 1284 4617 euplo,
1331 4565 1398 4606 ac
1426 4565 1523 4607 vos
1547 4551 1730 4606 videre
1754 4553 1851 4607 de-

258 4636 452 4691 sidero
480 4635 550 4691 ob
575 4637 797 4692 nimiam
829 4639 995 4694 vestri
1023 4639 1077 4693 in
1115 4638 1226 4704 Deo
1281 4640 1602 4698 charitatem
1624 4681 1640 4707 ,
1688 4659 1849 4713 quem

259 4742 401 4799 rogo
421 4738 580 4784 noctu
631 4729 835 4803 diuque
861 4773 877 4797 ,
907 4742 967 4787 ut
1020 4732 1322 4790 inhabitent
1362 4736 1414 4801 in
1445 4736 1598 4791 vobis
1626 4736 1853 4790 benedi-

260 4818 481 4875 ctiones
507 4830 721 4891 patrum
779 4833 1119 4889 nostrorum,
1178 4834 1234 4879 et
1288 4825 1596 4882 benedictio
1631 4840 1849 4897 quoque

268 4910 385 4969 mei
422 4910 676 4982 infelicis,
708 4925 768 4971 ut
817 4916 1093 4973 resideant
1152 4917 1205 4971 in
1239 4917 1391 4975 vobis
1446 4916 1845 4974 intellectuales

268 5006 522 5077 virtutes,
545 5018 602 5064 et
649 5010 966 5080 transigatis
1002 5009 1268 5080 reliquum
1319 5010 1441 5065 vitaz
1473 5018 1668 5065 vestra:
1700 5011 1848 5066 otnni

263 5100 488 5173 gaudio.
556 5100 769 5156 Etenim
821 5102 1134 5172 quicunque
1190 5102 1329 5157 banc
1374 5116 1691 5160 mensuram
1744 5118 1852 5159 non

262 5190 538 5265 attigerit,
562 5192 986 5264 haudquaquam
1011 5193 1313 5248 coelestium
1349 5193 1544 5266 gaudia
1575 5196 1854 5252 nancisci·

258 5298 382 5345 tur.

338 5378 557 5434 Scitote
584 5377 738 5445 item,
781 5377 929 5435 lilioli
964 5376 1090 5439 mei.
1136 5388 1406 5452 praecepta
1464 5394 1639 5450 neque
1671 5379 1857 5451 grat-ia

258 5482 395 5525 esse
418 5484 600 5541 neque
628 5470 922 5536 laboriosa,
953 5472 1046 5526 sed
1091 5470 1270 5526 lumen
1303 5485 1491 5526 verum
1513 5480 1569 5526 et
1599 5471 1855 5543 gaudium

156 5574 159 5609 ³
260 5561 670 5634 sentpiternum
699 5562 1123 5636 adimplentibus
1176 5564 1564 5621 obedientiam.
1597 5563 1727 5642 Dico
1753 5579 1856 5619 au·

343 5745 393 5780 '⁷
434 5744 594 5802 Rom.
623 5761 743 5817 vin,
777 5747 864 5803 55.
941 5748 987 5781 ⁷⁸
1024 5746 1156 5805 ibid.
1183 5746 1272 5802 38.
1296 5745 1386 5801 w.
1481 5745 1524 5779 '⁹
1562 5744 1717 5803 ioan.
1760 5759 1892 5811 xvtt,
1925 5744 1982 5813 8,
2007 5742 2201 5813 tofis,
2236 5743 2325 5798 Ἡ.

1426 5835 1473 5844 ‹—

1955 4563 2144 4603 cot-um
2169 4547 2580 4604 benedictiones
2634 4546 2782 4602 omni
2824 4556 3086 4617 tempore.
3116 4547 3232 4606 lloe
3262 4550 3415 4604 vobis
3437 4567 3537 4603 nn·

1959 4649 2070 4694 tum
2110 4640 2202 4695 sit.
2230 4640 2296 4693 Et
2338 4653 2442 4708 pax
2472 4638 2684 4695 Domini
2704 4651 2886 4695 servet
2919 4640 3082 4697 corda
3112 4651 3315 4703 vestra,
3341 4651 3396 4695 et
3416 4659 3544 4709 gra-

1959 4733 2031 4788 tia
2060 4731 2176 4802 ejus
2207 4732 2360 4787 vonis
2391 4732 2708 4802 opituletur.
2736 4731 2835 4789 Cui
2860 4731 2982 4793 laus
3014 4732 3084 4789 ab
3106 4731 3356 4787 omnibus
3382 4734 3544 4788 ratio-

1962 4825 2231 4883 nabilibus
2262 4827 2313 4880 in
2338 4836 2628 4881 oetcrnum.
2653 4827 2853 4882 Anien.

2505 4918 2838 4976 EPlSTOLA
2881 4918 2998 4976 XV.

2668 5011 2810 5066 Dixit
2845 5027 2865 5067 .·

2032 5103 2173 5158 Ante
2198 5103 2404 5169 omnia,
2435 5102 2584 5158 lilioli
2644 5103 2750 5158 mei
2810 5102 3105 5169 benedicti,
3140 5103 3307 5159 Deum
3342 5102 3541 5174 depre-

1962 5211 2075 5260 cor,
2109 5206 2167 5250 ut
2197 5196 2349 5252 vobis
2371 5195 2666 5264 elargiatur
2693 5196 2987 5252 invisibilia
3024 5216 3038 5253 :
3076 5194 3288 5251 Etenim
3312 5196 3540 5252 visibilia

1958 5287 2090 5353 Ιιιιτ,
2120 5285 2428 5356 temporalia
2454 5296 2574 5341 sunt
2623 5297 2673 5341 et
2705 5288 2940 5354 caduca,·
2970 5289 3062 5343 illa
3085 5304 3205 5343 cero
3230 5287 3540 5356 inuisibilia,

1958 5386 2183 5441 aeterna,
2225 5377 2590 5446 permanentia
2611 5375 2679 5431 ⁸⁸.
2718 5377 2784 5433 tu
2813 5392 2931 5433 tnea
2955 5380 3171 5448 quidem
3217 5378 3542 5448 baedeom-

1958 5466 2105 5521 catio
2128 5481 2226 5536 pro
2252 5465 2404 5520 tobis
2426 5477 2531 5531 est,
2563 5469 2707 5536 quod
2752 5467 3009 5525 vidissent
3069 5470 3284 5530 fructus
3331 5482 3542 5528 vestros

1958 5559 2111 5613 vivos
2142 5557 2513 5625 rationabiles.
2537 5570 2591 5614 ct
2615 5562 2759 5630 qnod
2809 5561 2937 5618 iacti
2983 5566 3180 5620 essetis
3213 5565 3322 5622 Deo
3365 5563 3544 5620 tiemo

2436 5743 2483 5776 ⁸⁰
2525 5743 2687 5801 Eacli.
2732 5760 2815 5816 ut,
2845 5747 2927 5805 ll.
3025 5749 3072 5827 *⁸¹
3115 5747 3159 5807 tt
3201 5747 3325 5808 Cor.
3352 5761 3431 5816 tv,
3453 5746 3544 5803 ω.
