3725 6125
895 335 951 392 S.
995 332 1275 390 ANTONtt
1315 329 1388 387 ai.
1430 328 1724 385 ABBATtS
1764 329 2054 388 Emi-:Tol
2062 330 2151 387 Αἰ.

3026 337 3165 395 1002

191 486 197 517 ι
235 460 413 518 lucent
454 457 612 529 milei,
641 470 690 512 et
715 456 801 513 Iex
830 467 920 511 tua
954 456 1100 510 docet
1127 450 1375 523 parvulos
1411 452 1481 505 ”-
1512 453 1564 512 A
1587 451 1688 507 bus
1722 452 1879 509 malis
1915 453 1983 508 ad
2031 450 2381 507 divertendos
2409 465 2527 519 σος,
2570 452 2661 523 qui
2699 451 2910 524 ingredi
2942 454 3169 558 cupiunt

191 559 258 616 nli
288 552 692 626 quamplurima
741 550 945 620 scripta
972 556 1213 605 exstant.

191 709 356 754 vero
393 691 531 748 ordo
558 698 642 745 est
675 702 862 744 eorum
886 701 1115 757 quorum
1143 683 1309 741 corda
1349 682 1481 739 dura

191 783 511 858 erpetrandi
541 780 751 852 peccati
777 778 1178 835 assuetudinem
1203 784 1488 833 contraxe-

191 882 457 939 amobrem
492 877 656 933 insert
695 877 839 948 Deus
866 873 1183 930 misericors
1206 886 1370 941 super
1391 885 1486 924 eos

208 984 267 1031 et
300 971 702 1033 tribulationes,
749 976 809 1022 ut
848 967 1156 1021 excitentur
1188 978 1389 1019 arcana
1434 972 1488 1016 et

192 1065 255 1122 iae
295 1075 486 1119 eorum
546 1072 658 1130 prae
712 1055 1058 1112 multitudine
1102 1052 1319 1108 illorum
1369 1066 1490 1117 quae

191 1163 317 1224 unt;
358 1166 563 1224 cosque
607 1148 888 1221 poeniteat.
927 1156 983 1203 et
1023 1153 1395 1207 revertantur,
1434 1152 1490 1197 et

199 1258 309 1311 tur,
352 1251 409 1300 et
439 1240 819 1315 ingrediantur
858 1238 997 1292 hanc
1041 1235 1406 1298 vocationem,
1437 1241 1492 1286 et

191 1340 298 1395 iam
322 1344 488 1407 agant
507 1348 575 1389 ex
603 1341 717 1388 toto
742 1329 907 1385 corde
929 1344 944 1396 ;
968 1336 1021 1383 et
1044 1326 1345 1397 suscipiant
1366 1339 1493 1394 pro-

191 1446 230 1498 ε,
259 1429 400 1486 sicut
429 1425 519 1481 alii
557 1424 661 1480 duo
697 1420 934 1484 ordines,
970 1418 1176 1489 primus
1210 1426 1266 1473 et
1294 1430 1492 1472 secun-

191 1522 385 1595 [uidem
427 1526 555 1575 sunt
583 1526 695 1572 tres
734 1512 959 1570 ordines
996 1511 1193 1582 quibus
1230 1520 1494 1566 vocantur

191 1621 480 1669 avertentes
517 1609 586 1664 ad
616 1607 928 1673 Dominum,
955 1605 1023 1660 ad
1052 1602 1492 1672 consequendam

191 1704 275 1762 uei
295 1702 418 1759 Filii
451 1701 569 1758 Dei.

1584 546 1804 615 januam
1839 547 2116 617 puritatis.

1666 635 1861 693 Verum
1902 637 1949 693 si
1990 638 2172 692 anima
2225 636 2530 693 instruatur
2573 648 2833 709 perpetua
2880 639 3170 711 patientia,

1593 734 1756 796 atque
1788 725 2115 782 testimoniis
2150 741 2271 797 quae
2312 728 2381 783 ab
2412 728 2642 796 ipsomet
2670 728 2777 783 Deo
2804 738 2954 793 sunt,
2994 728 3172 798 Spiri-

1597 829 1682 874 tus
1704 829 1929 875 sanctus
1952 818 2206 874 edocebit
2235 818 2601 884 intellectum,
2627 830 2686 875 ut
2718 822 2954 875 animam
2984 836 3175 877 emun-

1595 912 1684 963 det
1708 919 1766 965 et
1800 923 2000 979 corpus
2027 924 2094 964 ex
2137 909 2224 965 his
2263 908 2433 965 tribus
2476 910 2729 967 motibus.
2766 910 2823 965 Si
2852 925 2981 966 vero
3012 910 3176 967 homo

1597 1001 1987 1072 contempserit
2009 1002 2125 1058 haec
2158 1001 2463 1057 testimonia
2496 1010 2552 1059 et
2573 1002 2893 1059 documenta
2916 1018 3036 1074 quae
3060 1003 3174 1076 jam

1597 1093 1826 1161 audivit,
1878 1103 2005 1150 tunc
2050 1094 2419 1165 praevalebunt
2467 1097 2724 1152 adversus
2771 1113 2895 1152 eum
2949 1098 3177 1169 spiritus

1599 1184 1748 1252 mali,
1776 1193 1832 1241 et
1856 1184 2217 1256 inquinabunt
2240 1200 2439 1256 corpus
2465 1185 2601 1255 eius,
2626 1188 2973 1260 ambigetqne
2993 1188 3176 1245 anima

1599 1275 1746 1331 illius
1787 1275 1930 1331 unde
1960 1275 2139 1332 veniat
2168 1276 2270 1332 sibi
2302 1276 2583 1333 auxilium.
2616 1281 2687 1334 At
2726 1279 2772 1335 si
2804 1296 3020 1337 reversa
3062 1281 3178 1338 l'ue·

1603 1365 1695 1433 rit,
1729 1375 1783 1421 et
1817 1366 2109 1422 adltaescrit
2129 1364 2352 1436 Spiritui
2380 1366 2591 1434 salutis,
2620 1375 2730 1423 tum
2766 1379 3053 1443 cognoscet
3080 1387 3177 1442 pa-

1603 1453 1848 1511 tientiam
1886 1469 2007 1525 quae
2040 1465 2125 1511 est
2163 1457 2218 1513 in
2251 1456 2501 1523 Domino,
2533 1474 2654 1516 esse
2688 1461 2771 1516 sui
2813 1463 3055 1533 requiem
3094 1472 3180 1518 at-

1602 1562 1708 1616 que
1759 1562 1972 1617 pacem.
2007 1547 2135 1605 Haec
2185 1562 2364 1606 autem
2416 1552 2559 1607 dicta
2609 1567 2729 1623 quae
2767 1553 2897 1618 dixi,
2935 1564 3061 1611 sunt
3112 1556 3180 1612 ad

1604 1640 1951 1695 concordiam
1987 1641 2233 1712 corporis
2258 1651 2315 1697 et
2356 1642 2549 1699 animae
2580 1644 2634 1699 in
2672 1645 3007 1715 poenitentia.
3042 1646 3180 1704 Cum

1605 1746 1735 1787 vero
1787 1742 2114 1788 consecutus
2154 1733 2331 1806 *suerit
2378 1734 2684 1792 intellectus
2729 1739 2959 1805 gratiam
3015 1739 3179 1804 lianc,

195 1846 376 1901 ntem,
426 1850 617 1893 omncs
669 1835 762 1906 qni
817 1830 1050 1904 ingressi
1101 1836 1228 1884 sunt
1275 1841 1343 1883 ex
1387 1834 1500 1879 toto
1532 1813 1575 1869 Β
1607 1835 1717 1879 ιιιιιι
1752 1835 1958 1895 quaeret
1996 1826 2257 1897 Spiritum
2296 1837 2565 1895 sanctum,
2599 1839 2659 1885 et
2691 1830 2912 1902 incipiet
2945 1832 3183 1903 abjicere

191 1948 224 1997 ι,
256 1930 331 1985 ita
371 1926 623 1984 ediscant
667 1924 1010 1996 patientiam,
1043 1930 1102 1976 ut
1129 1918 1274 1975 hosti
1307 1917 1500 1971 adrer-

191 2030 291 2077 int.
322 2020 495 2076 Porro
525 2025 652 2073 ante
684 2017 867 2073 omnia
894 2014 1132 2085 Spiritus
1155 2020 1379 2068 sanctus
1403 2024 1499 2065 eos

217 2110 402 2168 omnia
439 2108 550 2163 illis
576 2106 758 2163 facilia
790 2106 989 2171 reddit,
1020 2112 1082 2160 ut
1111 2103 1180 2159 iis
1215 2100 1499 2158 dulcescat

191 2202 290 2259 tad
318 2198 721 2272 poenitentiam,
750 2207 807 2254 et
834 2196 1075 2253 ostendit
1103 2194 1212 2250 illis
1240 2193 1359 2248 vias
1385 2191 1501 2262 ejus

191 2310 227 2348 n
254 2294 557 2358 veritatem,
581 2301 641 2346 ut
662 2304 760 2347 eos
789 2289 1053 2360 poeniteat
1082 2286 1279 2360 spiritu
1308 2292 1362 2341 et
1390 2299 1503 2338 cor·

213 2394 546 2443 revertantur
573 2385 642 2440 ad
677 2384 846 2439 Deum
882 2391 1212 2448 creatorem,
1253 2378 1345 2452 qui
1378 2393 1503 2434 cor-

191 2487 330 2533 teos
359 2476 424 2532 ad
450 2476 809 2533 coercendum
844 2485 1043 2542 corpus
1063 2478 1119 2527 et
1143 2468 1417 2540 spiritum,
1446 2475 1505 2521 ut

232 2569 396 2626 verba
444 2582 574 2635 sua,
625 2574 684 2623 et
728 2564 976 2621 hoerede's
1025 2560 1330 2618 efficiantur
1379 2559 1504 2614 vitae

196 2660 410 2731 Corpus
453 2666 635 2713 antem
671 2664 954 2713 coercetur
1000 2651 1168 2706 multo
1195 2648 1404 2721 jejunio
1449 2657 1504 2703 et

192 2760 219 2804 t
248 2748 660 2813 certaminibus„
701 2761 767 2801 ac
799 2743 1028 2813 reliquis
1065 2740 1405 2807 ministeriis,
1451 2748 1505 2793 ct

191 2849 432 2897 ructuum
463 2837 850 2909 corporalium.
886 2835 1075 2901 Quare
1115 2832 1344 2903 spiritus
1387 2846 1502 2899 poe·

217 2933 326 2987 erit
373 2930 499 2987 buic
542 2930 596 2986 in
637 2928 1099 2996 consolationem,
1153 2923 1509 2993 edocebitqne

218 3031 519 3080 revertatur
556 3031 741 3086 retro,
784 3028 841 3076 et
889 3028 956 3075 ne
996 3017 1203 3072 baereat
1257 3015 1506 3085 cuiqnam

191 3117 324 3174 cculi
363 3117 543 3188 hujus.
571 3115 768 3185 Aperit
808 3121 1074 3183 praeterea
1096 3108 1290 3166 oculos
1315 3110 1510 3164 animae
1537 3148 1583 3208 C

192 3206 411 3263 tentiam
437 3220 654 3278 puram,
692 3212 755 3258 ut
793 3200 1048 3269 expietur
1073 3213 1178 3253 una
1222 3212 1346 3253 cum
1386 3212 1509 3252 cor·

207 3301 314 3357 sint
343 3299 508 3354 ambo
537 3310 709 3352 unum
741 3295 795 3349 in
820 3293 1079 3362 puritate.
1112 3290 1239 3347 tiaee
1259 3290 1525 3347 estenim

203 3391 445 3463 Spiritus
475 3387 679 3450 sancti,
707 3384 803 3453 qui
829 3396 925 3440 eos
945 3382 1203 3455 pra-cedit
1222 3390 1282 3439 et
1314 3395 1511 3436 emun-

191 3495 357 3554 etqne
391 3483 464 3537 ab
503 3479 642 3547 ipsis
684 3487 912 3530 naturas
959 3475 1157 3531 invidia
1196 3473 1510 3543 permistas,

193 3571 461 3627 transfert
512 3568 580 3622 ad
627 3567 936 3637 primaevam
989 3567 1354 3624 conditionem
1395 3580 1514 3636 quae

191 3677 236 3715 te
280 3658 726 3724 inobedientiam,
767 3661 936 3714 donec
972 3658 1109 3715 nibil
1144 3661 1422 3714 reman'eat
1460 3658 1513 3711 in

207 3765 398 3806 eorunm
437 3765 557 3820 qnae
602 3748 769 3805 bostis
819 3758 968 3805 sunt,
1010 3749 1150 3805 'l'um
1191 3764 1389 3819 corpus
1432 3764 1517 3803 se·

202 3845 538 3897 voluntatem
582 3840 923 3907 intellectum
969 3842 1170 3912 qnippe
1214 3841 1517 3896 intellectus

213 3934 344 3990 illud
385 3934 438 3988 in
466 3933 586 3990 cibo
616 3942 673 3989 et
716 3941 846 4003 potu
889 3941 943 3988 et
978 3947 1172 3989 somno
1204 3947 1268 3988 ac
1299 3931 1520 4001 reliquis

190 4027 418 4090 ionibus,
460 4036 513 4082 et
553 4034 810 4097 perpetuo
850 4038 918 4080 ex
958 4023 1168 4094 Spiritu
1192 4031 1381 4080 sancto
1403 4022 1518 4077 edi-

191 4117 571 4175 emadmodum
605 4117 741 4173 dixit
769 4116 1104 4185 Apostolusz
1137 4115 1372 4186 subjicio
1401 4130 1518 4168 cor·

192 4226 265 4274 nt,
305 4218 355 4265 et
391 4209 570 4279 redigo
594 4208 727 4262 iuuat
766 4208 824 4262 in
862 4207 1273 4262 servitutem'”.
1311 4206 1522 4262 Etenim

190 4315 221 4356 e
249 4299 404 4364 latet,
453 4308 562 4354 tres
605 4298 785 4355 inesse
820 4298 1036 4367 corpori
1068 4307 1269 4354 motus.
1309 4297 1523 4353 Primus

207 4405 426 4461 semper
455 4390 504 4446 ei
533 4391 694 4457 inest,
724 4403 827 4445 nce
867 4389 1032 4444 ullam
1066 4390 1324 4458 operandi
1361 4389 1524 4444 babet

1602 1916 1672 1969 ab
1701 1916 1882 1970 anima
1907 1916 2088 1970 omnia
2112 1915 2282 1971 ardua
2308 1931 2433 1986 quae
2459 1916 2715 1973 eveniunt
2739 1933 2769 1972 a
2792 1919 3184 1990 concupiscen-

1606 2006 1693 2061 tiis
1723 2006 1923 2063 cordis.
1956 2006 2055 2063 llic
2095 2016 2276 2065 autem
2316 2006 2575 2078 Spiritus,
2615 2009 2661 2063 si
2712 2010 3180 2080 participationem

1608 2099 1858 2155 habuerit
1899 2114 2023 2157 cum
2054 2098 2330 2157 intellectu
2360 2102 2430 2157 ob
2464 2111 2852 2173 praeceptorum
2890 2119 3011 2174 quae
3040 2105 3183 2161 didi·

1605 2193 1682 2247 cit
1717 2192 2144 2259 observantiam,
2179 2192 2330 2247 illum
2370 2194 2569 2265 diriget
2598 2195 2667 2250 ad
2699 2197 3033 2252 amovendas
3068 2197 3187 2252 sin·

1606 2284 1760 2356 gulas
1813 2286 1883 2340 ab
1933 2285 2115 2341 anima
2154 2286 2450 2357 passiones,
2500 2286 2763 2359 quaejam
2820 2290 3036 2358 corpori
3087 2291 3187 2345 ad-

1608 2376 1783 2433 mista·
1822 2385 1990 2445 sunt;
2037 2391 2139 2433 nec
2176 2391 2282 2433 non
2317 2378 2601 2447 passiones
2644 2378 2694 2434 ei
2733 2379 3032 2449 peculiares
3061 2396 3183 2450 quae

1610 2468 1683 2524 illi
1729 2469 1938 2535 insunt,
1988 2468 2203 2538 penitus
2240 2467 2423 2524 evellit
2456 2483 2487 2523 a
2526 2468 2731 2524 vertice
2774 2470 2968 2540 capitis
3013 2485 3184 2540 usqne

1608 2561 1675 2616 ad
1710 2562 1877 2615 imum
1903 2560 2138 2629 pedum3
2171 2569 2228 2616 et
2254 2558 2443 2616 oculos
2482 2559 2689 2633 dirigit,
2728 2572 2784 2618 ut
2812 2562 3027 2619 luceant
3059 2579 3181 2619 cnm

1625 2651 1950 2709 rectitudine
1973 2661 2029 2707 et
2049 2651 2273 2707 videant
2302 2666 2423 2707 cum
2443 2652 2706 2724 puritate,
2735 2663 2791 2710 et
2815 2669 2882 2711 ne
2908 2666 3188 2712 remaneat

1617 2742 1812 2799 in-illis
1838 2741 2137 2813 quidquam
2163 2740 2433 2810 alienum3
2465 2752 2519 2799 et
2551 2756 2736 2810 aures,
2768 2751 2829 2799 ut
2867 2744 3094 2800 audiant
3132 2745 3187 2802 in

1619 2847 1789 2907 pace,
1826 2846 1936 2889 non
1976 2842 2155 2889 autem
2195 2833 2249 2888 in
2284 2834 2663 2891 susurratione
2695 2850 2869 2907 neque
2896 2838 3188 2909 opprobrio

1614 2941 1877 2997 unquam,
1905 2925 2001 2982 sed
2029 2926 2086 2980 in
2106 2924 2449 2993 rectitudine,
2479 2936 2535 2983 et
2560 2926 2840 2984 intendant
2862 2928 2916 2983 in
2951 2930 3191 3000 purum

1613 3029 1667 3075 et
1695 3016 2050 3076 miseratione
2072 3017 2126 3074 in
2157 3018 2461 3075 universam
2494 3026 2797 3083 creaturam
2817 3036 2835 3088 ;
2859 3029 2914 3076 et
2949 3017 3183 3092 linguazn

1618 3109 1824 3181 dirigit,
1859 3119 1921 3166 ut
1961 3108 2220 3182 loquatur
2251 3124 2373 3166 cum
2420 3111 2675 3181 puritate,
2719 3120 2884 3182 atque
2914 3120 2974 3167 nt
3007 3112 3187 3168 anima

1617 3203 1854 3272 linguam
1882 3201 2117 3257 instruat
2137 3199 2322 3285 eloqui
2345 3211 2605 3272 perpetuo
2630 3202 2819 3259 honac.
2841 3203 3041 3260 etenim
3068 3218 3191 3276 pas-

1616 3296 1663 3349 si
1668 3306 1803 3351 ones
1816 3292 1907 3349 bre
1930 3262 2234 3350 domina'tae
2247 3302 2378 3350 sunt
2411 3290 2469 3351 ln
2502 3306 2645 3361 catu,
2677 3294 2860 3367 lingua
2891 3297 3185 3359 mediante,

1615 3385 1759 3442 sicut
1790 3384 1869 3439 ait
1901 3383 2178 3454 apostolus
2208 3381 2489 3440 lacobus:
2535 3381 2596 3437 Si
2621 3385 2739 3452 quis
2772 3393 2947 3439 autem
2977 3387 3105 3441 dicit
3134 3403 3191 3442 se

1616 3475 1817 3533 servire
1845 3473 1980 3539 Deo,
2015 3481 2065 3528 et
2112 3489 2217 3527 non
2248 3473 2476 3542 refrenat
2521 3472 2754 3541 linquam
2784 3490 2958 3542 suam,
2988 3474 3189 3530 seducit

1617 3584 1708 3622 cor
1753 3580 1930 3630 suunt,
1971 3571 2023 3618 et
2067 3568 2263 3618 unitum
2308 3571 2384 3616 est
2438 3562 2781 3616 ministerium
2825 3562 2936 3632 ejus
2980 3564 3051 3620 ⁹⁷.
3100 3566 3190 3621 Ait

1618 3658 1782 3715 etiam
1814 3655 1923 3711 alio
1955 3654 2014 3711 in
2051 3655 2171 3711 loco
2200 3675 2213 3710 ε
2241 3653 2472 3725 Lingua,
2503 3653 2765 3708 modicum
2797 3659 3003 3724 quidem
3032 3674 3188 3714 inem·

1619 3747 1771 3802 bruni
1803 3755 1904 3812 est,
1938 3756 1986 3801 et
2017 3747 2253 3816 inquinat
2292 3762 2480 3816 corpus
2513 3745 2591 3812 ’⁸3
2627 3753 2680 3800 ct
2705 3745 2969 3816 ejusmodi
3000 3764 3194 3821 quam-

1626 3837 1859 3908 plurima
1899 3836 1953 3892 iu
1995 3834 2167 3891 sacris
2200 3845 2415 3891 exstant
2465 3836 2780 3906 Scripturis.
2824 3838 2961 3894 Cum
3012 3848 3190 3897 autem

1620 3929 2007 3985 corroboratus
2032 3926 2197 3983 suerit
2222 3926 2554 3993 intellectus,
2589 3940 2641 3985 et
2669 3932 2944 4000 acceperit
2967 3947 3032 3989 ex
3062 3933 3190 4005 Spi-

1622 4022 1762 4088 ritu,
1812 4020 2223 4088 emundabitur3
2279 4029 2391 4076 tum
2446 4019 2795 4088 investigabit
2848 4025 2913 4078 de
2966 4025 3194 4097 singulis

1621 4114 1804 4170 verbis
1844 4127 1966 4184 qnae
2016 4112 2263 4182 loquetur
2303 4111 2519 4184 lingua,
2565 4113 2801 4169 utnulla
2850 4114 2977 4171 insit
3023 4118 3075 4172 in
3126 4133 3191 4173 ea

1624 4206 1859 4263 carnalis
1898 4204 2185 4266 voluntasz
2215 4213 2380 4275 atque
2420 4205 2485 4261 de
2526 4204 2615 4260 illa
2652 4205 2961 4277 implebitur
2990 4209 3191 4265 dictum

1626 4297 1933 4355 Salomonis
1961 4297 2191 4354 dicentis
2221 4315 2237 4351 :
2278 4294 2347 4352 ln
2377 4297 2540 4354 uerbis
2572 4315 2690 4370 quoe
2736 4301 2861 4355 dato
2906 4313 3026 4357 suut
3070 4302 3196 4359 mim

1625 4407 1658 4444 ιι
1695 4390 1821 4455 Deo,
1867 4388 2015 4445 nulla
2058 4397 2137 4445 est
2173 4389 2454 4445 declinatio
2498 4402 2587 4445 aut
2626 4392 2904 4461 obliquitas
2949 4395 3018 4449 ”.
3057 4395 3195 4452 Dicit

191 4497 270 4538 em
311 4483 434 4538 sine
472 4480 752 4536 voluntate
797 4482 1006 4536 animm.
1054 4478 1206 4536 Alter
1241 4495 1370 4535 vero
1402 4495 1522 4535 nto-
1554 4495 1600 4553 ι)
1628 4482 1790 4537 etiam
1824 4499 1838 4535 :
1870 4481 2075 4552 Linque
2103 4481 2239 4552 justi
2269 4493 2423 4537 sonat
2450 4484 2517 4538 ab
2544 4484 2939 4559 infirmitatibus
2972 4489 3015 4544 ¹.
3046 4490 3199 4544 lusn-

193 4588 257 4629 us
296 4581 481 4630 movet
507 4573 576 4628 ad
615 4574 797 4630 cibum
827 4582 882 4630 et
921 4581 1133 4642 potum,
1177 4572 1521 4644 appetibiles,

191 4665 385 4736 [uidem
417 4665 573 4721 calor
599 4665 882 4738 sanguinis
908 4667 998 4735 qui
1028 4680 1093 4720 ex
1121 4665 1275 4734 copia
1298 4666 1525 4719 alimen-

195 4758 356 4822 ritur,
395 4755 595 4812 bellum
625 4758 770 4828 gerit
796 4756 1060 4811 adversus
1105 4770 1322 4826 corpus,
1357 4754 1519 4808 illud·

192 4846 323 4902 ectit
355 4848 424 4901 ad
449 4844 622 4902 malas
648 4845 1136 4916 concupiscentias.
1160 4844 1343 4912 Quare
1362 4843 1525 4898 Citri-

191 4938 385 4995 uminus
423 4948 610 4994 noster
654 4938 783 5011 (cui
825 4937 1043 5009 gloria)
1083 4951 1213 4992 suos
1251 4936 1529 4990 admonuit

191 5041 276 5090 os.
308 5027 493 5085 dicens
529 5029 614 5083 eis
657 5045 674 5082 ε
709 5026 792 5082 Nc
832 5035 1116 5097 §tacentur
1157 5025 1321 5080 corda
1360 5034 1531 5080 vestra

191 5134 207 5173 ι
243 5127 295 5174 et
339 5119 588 5175 ebrictate
623 5118 697 5171 ⁸⁸.
744 5117 810 5172 Et
841 5116 1043 5171 Paulus
1078 5116 1356 5184 apostolus
1406 5116 1483 5171 ait
1510 5131 1529 5170 z

1629 4590 1748 4646 per,
1778 4583 1833 4629 et
1852 4574 2104 4629 manibus
2130 4573 2220 4629 alii
2248 4583 2375 4630 sunt
2399 4584 2575 4632 motus
2597 4590 2887 4648 operantes
2912 4582 3199 4652 aliquando

1632 4664 1925 4723 secundum
1974 4663 2171 4720 animae
2208 4667 2620 4736 propensionem
2654 4688 2670 4726 ε
2709 4671 2850 4740 quod
2893 4689 3024 4728 sane
3056 4673 3198 4730 baud

1633 4764 2058 4812 consentaneum
2106 4765 2213 4821 est,
2258 4771 2382 4813 cum
2426 4759 2650 4829 spiritus
2702 4777 2797 4817 eas
2851 4763 3200 4820 destinaverit

1633 4846 1852 4917 puritati
1889 4853 1945 4901 et
1971 4846 2274 4919 ‚elevationi
2324 4847 2376 4904 in
2413 4850 2684 4919 precibus,
2726 4861 2781 4907 et
2809 4854 3201 4912 misericordiae

1635 4947 1689 4992 et
1719 4935 2059 5008 elargitioni;
2095 4946 2149 4992 et
2178 4936 2505 5006 implendum
2540 4941 2610 4995 sit
2650 4944 2716 4998 de
2745 4943 2851 4998 illis
2882 4945 3025 5015 qnod
3064 4947 3200 5001 scri·

1637 5036 1790 5096 ptum
1819 5035 1907 5082 est
1933 5026 2000 5082 de
2033 5028 2240 5082 sanctis
2266 5027 2642 5085 orationibus:
2677 5030 2915 5087 literana
2947 5050 3200 5090 manuum

1630 5131 1866 5170 mearum
1914 5116 2046 5171 sicut
2094 5116 2418 5186 sacrificium
2470 5121 2814 5190 vespertinum
2844 5122 2885 5174 ⁸.
2922 5119 2998 5176 De
3041 5125 3204 5178 mise-

191 5209 377 5265 iem’ni
402 5206 1138 5278 cino,e:cquoluxurio·⁸·’⁸.
1164 5207 1534 5277 Oportctergo
1631 5208 1862 5263 ricordia
1916 5217 2131 5275 autem,
2174 5219 2227 5264 et
2278 5208 2625 5279 elargitione,
2658 5212 2735 5267 ait
2774 5229 2790 5269 ε
2833 5211 3027 5270 fluuius
3073 5232 3202 5271 nteae

191 5314 238 5357 ts
271 5300 364 5372 qui
396 5301 644 5356 ltabitttm
672 5296 902 5351 induunt
929 5298 1312 5364 monasticum,
1346 5298 1531 5352 dicant
1634 5298 1798 5369 [ortes
1831 5298 2161 5368 elnrqiumur
2193 5316 2311 5354 cum
2359 5299 2621 5357 celeritate
2660 5303 2703 5357 ⁸.
2750 5302 2949 5360 Venter
2989 5319 3204 5378 qnoque

195 5392 286 5449 ulo
320 5411 335 5448 :
371 5392 611 5461 subjicio
641 5406 830 5457 corpus
871 5405 1067 5455 meunt,
1102 5399 1151 5444 et
1183 5391 1363 5460 redigo
1394 5388 1528 5444 §ituit

191 5497 380 5543 tutent.
439 5485 620 5540 Motus
670 5492 851 5538 autem
897 5483 1091 5538 tertius
1115 5494 1287 5538 estex
1317 5483 1528 5553 spiriti-

1635 5400 1825 5447 cavcat
1852 5406 1880 5444 a
1918 5390 2040 5446 cibo
2065 5401 2118 5445 ct
2146 5401 2295 5460 potu,
2326 5394 2780 5462 quemadmodum
2805 5396 2936 5451 dicit
2966 5398 3204 5469 Spiritus

1637 5498 1731 5554 per
1765 5483 2001 5554 linguam
2045 5480 2213 5539 David
2256 5501 2268 5537 :
2300 5483 2421 5539 Non
2462 5486 2612 5541 edom
2640 5503 2760 5542 cum
2789 5489 3011 5558 pro-dito
3045 5491 3205 5547 avido

192 5697 254 5750 al.
282 5708 472 5757 σπι-,ιιι
501 5694 623 5750 150.
699 5693 746 5726 ‘⁸
786 5693 952 5749 lCnr.
965 5707 1060 5747 -.ιιι
1090 5692 1182 5746 27.
1255 5691 1302 5723 ’⁸
1339 5689 1472 5751 luc.
1518 5709 1634 5755 xxi,
1666 5688 1757 5744 54.
1830 5687 1898 5721 ¹⁶⁸·
1906 5685 1952 5720 ’⁸
1992 5684 2186 5754 Eplics.
2207 5702 2261 5755 v,
2294 5687 2381 5746 l8.
2454 5689 2498 5723 ’⁷
2534 5686 2654 5748 Jac.
2685 5705 2724 5756 t,
2750 5689 2842 5750 26
2903 5691 3087 5751 ”lim
3112 5710 3200 5766 ιιι,

191 5767 402 5820 ’tn-m
433 5779 549 5827 tut,
576 5767 628 5817 8.
708 5763 909 5819 ¹Pror.
938 5763 1141 5831 nnis:
1221 5764 1240 5792 ⁹
1272 5761 1413 5818 Psal.
1443 5731 1654 5828 exusti.

204 5863 482 5923 Parnoi..
529 5859 648 5919 (in.
699 5860 832 5921 Xl.

1750 5758 1771 5791 ⁸
1812 5757 1971 5816 Prov.
2005 5772 2058 5824 x,
2091 5756 2143 5812 t.

2891 5855 2993 5914 Ὦ
