3725 6125
1220 328 1443 414 nom·
1472 327 1538 383 m
1577 329 1952 389 senestuti.

3118 335 3222 391 850

191 466 283 508 mo
305 446 519 507 secerni
537 458 715 517 posse,
741 444 1064 501 documento
1091 444 1196 502 erit
1235 446 1546 516 quotidiana
1578 452 1627 508 Α
1726 447 1861 503 ibid.
1903 444 2371 513 Ἀπολλινάριος.
2402 442 2456 496 ln
2493 442 2590 496 bac
2621 444 2886 497 sententia
2917 455 3103 501 auctor
3126 449 3217 505 tin.

191 521 395 594 praxis,
420 517 513 590 qul
536 514 995 638 utrgeneroslipres
1020 515 1245 585 spiritus
1268 518 1409 598 inter
1432 515 1543 597 vini

191 584 1553 733 ,32:¹3”a‘.‚·÷¹:.:2a.33massata&..a

210 798 301 855 57.
344 797 440 851 Ἐν
477 791 560 859 τῷ
595 791 787 857 ὕπνῳ.
829 789 981 847 nanc
1019 791 1086 847 de
1114 807 1307 849 somno
1345 792 1552 846 instan-

192 883 264 924 on
302 868 423 921 idco
453 863 695 926 adducit,
727 871 789 915 ut
819 861 1015 915 exinde
1048 863 1321 927 conticiat,
1343 862 1552 916 autimas

191 939 227 994 is
269 933 616 997 commercio,
658 932 784 986 licet
820 930 932 985 illic
971 930 1332 995 diversentur,
1363 945 1551 985 exem-

191 1005 417 1076 iquidetn
455 1003 615 1057 bruta
667 1000 938 1055 somniare
992 1010 1223 1063 constat,
1274 1000 1368 1054 sed
1409 996 1550 1066 qnod

191 1074 408 1145 impuris
459 1068 711 1136 θεσπίζει
741 1069 803 1122 τὸ
836 1068 1032 1140 μέλλον
1079 1070 1311 1134 καὶτοῖς
1343 1069 1553 1139 νοητοῖς

191 1143 281 1198 ἐι.

191 1185 287 1269 ’(35.
323 1212 397 1268 Τὸ
430 1224 754 1279 στοιχειον.
792 1208 1095 1269 Elementa,
1125 1208 1345 1262 minima
1395 1219 1551 1265 natu·

191 1284 275 1339 ive
323 1281 492 1354 μέρος
552 1278 838 1350 ἐλάχιστον
885 1276 981 1331 τοῦ
1040 1294 1104 1331 συ
1145 1276 1414 1349 κρίματος
1443 1279 1554 1333 τῶν

191 1369 282 1413 ων.
335 1366 460 1405 cnm
482 1349 779 1404 Aristotele
822 1346 1062 1417 agnoscit
1136 1348 1406 1403 'einesins.
1445 1348 1553 1403 lla-

192 1432 353 1491 taque
412 1420 516 1476 sibi
546 1419 744 1475 veteris
797 1432 953 1486 nupe·
969 1417 1093 1484 ique
1116 1418 1400 1471 commatis
1433 1417 1556 1486 Epi-

190 1501 374 1545 iaturae
403 1488 644 1545 minimis
666 1490 872 1541 minora
894 1501 909 1551 ;
935 1485 1069 1540 istas
1101 1486 1217 1541 scil.
1241 1500 1376 1556 quas
1407 1501 1556 1542 som-

191 1570 400 1627 1tomos,
425 1566 478 1614 et
498 1558 694 1613 exinde
720 1554 962 1612 infinitos
991 1555 1217 1610 mundos
1231 1558 1552 1625 parturiant.

190 1627 225 1684 tl
265 1644 331 1699 pe
362 1627 494 1698 ipsis
527 1626 770 1682 solemne
806 1634 910 1689 est,
945 1633 1004 1677 ut
1035 1632 1319 1693 postquam
1350 1625 1417 1677 ab
1433 1626 1556 1681 aliis

210 1643 351 1754 dicta
397 1698 511 1753 suis
561 1693 1032 1752 emendationibus
1093 1694 1552 1755 contaminavere.

213 1767 604 1837 philosophiam
647 1779 707 1821 se
734 1762 1078 1819 adinvenisse
1121 1761 1388 1829 jactitent.
1419 1764 1556 1829 Quin

191 1853 225 1891 n
266 1835 545 1891 Nemesius
596 1842 854 1906 pernegat
893 1829 1003 1885 τῶν
1028 1829 1303 1903 αἰσθητῶν
1331 1849 1385 1885 τι
1411 1848 1559 1887 στοι-

191 1906 400 1979 ἰκρατον
427 1905 521 1960 καὶ
545 1903 900 1975 ἀνεπίμικτον
927 1898 1087 1956 εἶναι.
1101 1900 1235 1958 Cum
1253 1916 1384 1972 ergo
1405 1902 1560 1958 dein·

191 1973 413 2032 rassiore
445 1975 533 2030 tilo
568 1976 957 2030 elementorum
991 1972 1044 2026 in
1073 1986 1134 2026 se
1164 1972 1397 2026 invicem
1434 1988 1560 2042 per-

191 2059 341 2100 onem
363 2046 692 2113 exsequitur,
720 2056 828 2097 non
859 2042 927 2096 de
944 2042 1174 2097 sinceris
1203 2051 1259 2097 et
1279 2041 1546 2111 impermi-

192 2118 387 2170 mentis
405 2115 679 2183 disputari·
705 2110 1087 2180 intelligendus
1107 2120 1214 2175 est,
1238 2112 1333 2166 sed
1356 2126 1476 2181 qum
1504 2112 1558 2167 in

191 2197 292 2240 πω
305 2194 438 2237 :estu
454 2183 664 2239 turbida
677 2190 733 2237 et
747 2179 968 2235 contusa
981 2181 1082 2235 sub
1098 2194 1318 2235 sensum
1338 2182 1557 2238 cadunt.

217 2253 308 2308 67.
339 2250 502 2308 Kisa&
540 2250 655 2320 τὴν
685 2248 925 2305 ᾱνοδον.
947 2248 1071 2306 llaee
1104 2249 1306 2305 rectius
1336 2250 1559 2321 intelligi

191 2363 219 2387 .,
252 2325 300 2378 si
348 2324 510 2378 modo
559 2331 794 2390 quatuor
840 2320 1105 2374 elementa
1151 2334 1248 2389 per
1271 2319 1561 2389 qualitates

191 2393 323 2449 licas
367 2393 598 2447 invicem
623 2389 913 2457 coniuncta
939 2388 1141 2445 circulo
1172 2390 1557 2458 inscribantur,

192 2476 289 2515 -nm
320 2470 518 2516 coeant
552 2476 567 2513 ε
594 2462 670 2514 ita
696 2458 839 2513 enim
876 2455 986 2521 flet,
1020 2468 1077 2512 ut
1102 2458 1191 2514 bic
1221 2473 1481 2515 ascensus
1505 2470 1561 2517 et

191 2546 300 2592 sus,
335 2531 641 2600 prioritatis
677 2537 734 2584 et
774 2528 1182 2585 consecutionis
1216 2530 1357 2583 ratio
1387 2529 1561 2587 oculis

191 2608 323 2655 itur.

213 2668 305 2725 69.
349 2668 783 2739 Ἀριστοτέλης.
815 2666 944 2724 flaec
980 2667 1163 2723 onmia
1200 2668 1267 2722 ad
1295 2667 1563 2725 Aristote-

191 2748 308 2794 ntem
332 2740 718 2796 describuntur
735 2750 790 2795 et
817 2746 1113 2794 occurrunt
1136 2740 1356 2793 Mereor.
1387 2739 1481 2815 lib.
1515 2754 1556 2806 t,

191 2852 198 2932 ⁸.
250 2879 763 2949 Τετραςραρμάκον.
826 2875 957 2932 Duae
988 2876 1407 2944 tetrapharmaci
1436 2893 1563 2947 spe·

192 2946 264 3002 lla
301 2948 356 3002 in
402 2950 850 3003 medicamentum
881 2945 1044 3004 cessit
1072 2956 1125 3001 et
1153 2947 1451 3018 μυστήριον
1479 2948 1563 3002 di·

193 3032 239 3075 r.
265 3016 557 3074 Constabat
586 3026 764 3073 autem
795 3026 1028 3087 quatuor
1055 3016 1409 3085 simplicibus,
1426 3032 1561 3089 gen·

1655 516 1945 585 Sapientiae
1972 530 2021 569 c.
2051 531 2124 574 ιιι.
2158 514 2240 577 ts,
2269 513 2513 566 Κτίσασα
2544 512 2633 566 τὸν
2658 513 2861 582 κόσμον
2888 512 2947 579 ἐξ
2977 516 3224 589 ἀμόρφου

1655 585 1806 657 ὕλης.
1833 584 1923 640 Sic
1946 594 2000 639 et
2031 583 2183 641 Pltilo
2208 602 2222 639 ε
2247 578 2355 637 Ἦν
2428 582 2485 635 ὲν
2518 581 2590 651 γὰ
2660 582 2718 649 ἐξ
2746 584 2944 655 ἑαυτῆς
2972 586 3223 657 ἄτακτος,

1653 656 1872 719 ἄποιος,
1925 653 2161 740 ἄψυχος,
2200 663 2306 708 etr.
2360 600 2449 706 §ibe
2493 663 2545 707 et
2581 599 2802 735 ἄγειρα.
2840 655 2891 708 iu
2932 654 3089 718 oper.
3133 674 3227 713 sea:

1652 725 1857 779 dierum
1880 736 1899 775 .·
1932 723 2172 794 Ἐνεργεί
2239 723 2338 794 μὲν
2364 720 2517 776 οὔπω
2543 717 2629 792 ἦν,
2660 739 2717 775 εν
2754 723 2891 794 μόνῃ
2917 723 2975 777 δὲ
2997 723 3225 797 δυνάμει

1653 794 1714 847 τὸ
1746 790 1885 848 εἶναι
1917 788 2054 863 εἶχε.
2085 794 2183 860 Qui
2211 809 2291 846 ius
2326 793 2557 848 succinit
2602 793 2935 861 Augustinus
2969 794 3061 850 lib.
3089 811 3106 850 ι
3138 796 3219 851 De

1655 861 1867 929 Germ..
1905 872 1962 918 et
1991 860 2146 922 Cont.
2173 861 2410 916 Mantele.
2436 877 2455 915 .·
2490 858 2673 915 Prima
2708 864 2929 916 materia
2962 864 3103 930 [actu
3145 876 3223 921 est

1654 938 1876 1002 contusa
1904 944 1954 987 et
1985 932 2251 1001 informis,
2283 934 2421 986 unde
2452 933 2632 985 onmia
2657 931 2862 999 fierent,
2893 949 3009 1003 qnoe
3038 936 3226 989 distin-

1654 1015 1734 1056 cta
1759 1012 1809 1057 et
1840 1003 2067 1072 [orntata
2093 1002 2217 1056 sint.

1727 1070 1852 1141 Pag.
1881 1071 1969 1125 74.
2014 1069 2788 1141 Ἱπποκράτους·εἰρημένα.
2834 1071 2963 1127 Scit.
2998 1072 3050 1126 in
3086 1072 3224 1129 libro

1653 1142 1794 1212 Περὶ
1827 1142 2049 1212 φύσιος
2081 1140 2397 1209 ἀνθρώπου
2422 1140 2519 1210 (b).

1725 1212 1858 1266 lbid.
1899 1211 1997 1277 Ἐξ
2028 1206 2117 1267 ὧν
2147 1211 2318 1267 αὐτοὶ
2376 1207 2708 1277 πειρῶνται.
2749 1210 3077 1277 Argumento
3115 1227 3221 1268 non

1655 1280 1905 1336 dissimili
1938 1284 2193 1339 utebatur
2223 1279 2639 1342 Themistocles,
2668 1288 2724 1332 ut
2748 1279 2850 1334 sibi
2879 1280 3080 1347 primas
3110 1298 3226 1351 par-

1659 1359 1739 1406 tes
1775 1351 1827 1403 in
1864 1365 2043 1420 pugna
2071 1349 2247 1406 navali
2282 1351 2419 1417 apud
2450 1347 2779 1402 Salatninem
2811 1361 3097 1403 assereret.

1728 1418 1857 1490 Pag.
1888 1419 1975 1474 76.
2007 1424 2074 1475 Οἱ
2118 1419 2188 1473 δὲ
2240 1418 2505 1474 Στωϊκοί.
2546 1416 2676 1483 Quae
2721 1428 3037 1487 sequnntur,
3088 1421 3227 1488 apud

1657 1489 2182 1560 Plutarcltutn,llepl
2202 1488 2323 1543 τῶν
2348 1488 2750 1557 ἀρεσκόντων,
2774 1498 2903 1552 ete„
2926 1489 3015 1541 lib.
3043 1504 3117 1553 tv,
3146 1505 3227 1546 re·

1693 1560 1837 1615 crire
1859 1567 1962 1627 est,
1986 1575 2106 1630 quae
2121 1560 2289 1615 etiam
2316 1558 2478 1627 paulo
2504 1558 2663 1613 aliter
2683 1573 2713 1612 a
2746 1556 2980 1627 Diogene
3001 1557 3223 1616 Laertio

1678 1630 1748 1683 ib.
1773 1645 1846 1685 vn
1878 1629 2237 1694 explicantur.

1727 1697 1860 1755 lbid.
1894 1701 2147 1769 Ὄργανα
2194 1697 2264 1751 δὲ
2308 1696 2514 1753 αὐτοῦ.
2567 1695 2683 1752 Non
2732 1697 2897 1767 pudet
2944 1698 3223 1763 contlteri,

1589 1790 1632 1846 B
1661 1770 1869 1824 auctori
1920 1780 2125 1833 nostro,
2167 1782 2288 1822 cum
2331 1768 2399 1822 de
2438 1766 2654 1823 bomine
2686 1767 2978 1832 scriberet,
3020 1768 3224 1835 aliquid

1662 1838 1975 1893 humanitus
2016 1839 2294 1903 accidisse,
2343 1837 2447 1893 hoc
2481 1846 2599 1900 est,
2648 1838 2701 1891 in
2751 1850 2811 1890 re
2859 1837 3060 1892 lubrica
3100 1853 3224 1894 cum

1662 1908 1884 1963 medicis
1906 1917 1959 1963 et
1986 1908 2301 1976 anatomicis
2330 1921 2463 1976 pene
2487 1905 2757 1961 universis
2786 1904 2991 1980 lapsum
3021 1906 3215 1962 tuisse.

1660 1979 1727 2032 Αι
1775 1992 1906 2032 vero
1947 1978 2070 2048 quis
2119 1976 2418 2045 apologiam
2469 1976 2741 2039 instituet,
2792 1987 3221 2045 excusatnmque

1660 2047 1937 2115 praestabit
1992 2062 2240 2114 magnum
2296 2046 2596 2100 Cartesium
2650 2044 2831 2099 smculi
2887 2046 3040 2100 istius
3083 2046 3222 2169 ‘ali-

1659 2118 1874 2184 quando
1903 2118 2095 2171 merito
2123 2130 2242 2182 suo,
2271 2116 2467 2197 saepins
2497 2116 2627 2170 vitio
2676 2115 2880 2185 nostro)
2920 2130 3081 2170 oracn
3108 2132 3219 2181 um,

1660 2187 1751 2255 qni
1790 2201 1912 2241 cnm
1965 2186 2271 2257 glandulam
2316 2183 2576 2254 putealem
2635 2183 2829 2240 auima-
2878 2184 3059 2239 scdem
3103 2200 3225 2242 esse

1655 2257 1928 2326 jussisset,
1978 2270 2171 2311 nervos
2204 2254 2269 2308 ad
2305 2255 2476 2324 ipsam
2516 2254 2821 2324 pertingere
2847 2264 2902 2309 et
2950 2254 3055 2309 illis
3101 2270 3227 2324 spe-

1662 2327 1776 2381 cics
1819 2325 2104 2379 sensibiles
2135 2323 2367 2387 deterre,
2405 2323 2867 2388 nontlnxitmodo,
2898 2324 2993 2380 sed
3021 2337 3077 2380 et
3111 2324 3226 2380 ico-

1661 2397 1820 2451 nibus
1864 2409 1930 2449 ex
1975 2395 2155 2457 ressit,
2201 2394 2327 2463 quin
2375 2400 2433 2448 et
2473 2391 2699 2447 valvulis
2734 2392 3026 2458 instruxit,
3072 2405 3128 2448 ιιι
3169 2395 3224 2449 ἰιι

1663 2474 1891 2520 tractatu
1970 2480 1998 2518 e
2029 2464 2236 2517 trontius
2275 2462 2456 2517 videre
2488 2460 2603 2517 est!
2648 2460 2716 2516 Et
2747 2463 2850 2518 ltoc
2878 2475 2962 2518 est
3005 2466 3226 2518 temeri-

1661 2535 1789 2589 tatis
1828 2548 2016 2589 eorum
2072 2534 2340 2599 specimen
2389 2545 2497 2585 non
2537 2532 3089 2600 praetermittendum.
3133 2533 3225 2603 qui

1661 2603 1919 2659 animalia
1969 2604 2151 2658 omnia
2195 2600 2473 2656 machinas
2499 2614 2619 2655 esse
2665 2599 2849 2655 volunt
2880 2620 2896 2657 ι
2933 2617 3121 2684 parum
3155 2604 3229 2657 si·

1662 2674 1882 2743 quidem
1915 2683 1993 2727 cst
2036 2669 2401 2740 operationes,
2428 2683 2535 2741 qua
2569 2672 2863 2737 naturales,
2902 2671 3096 2725 vitales
3139 2680 3232 2726 ant

1661 2743 1944 2807 animales,
1980 2742 2167 2810 jejune
2204 2746 2261 2795 et
2297 2740 2364 2808 (si
2431 2753 2557 2793 vera
2597 2739 2793 2793 tliccnti
2835 2741 2987 2795 venia
3034 2740 3232 2794 babea-

1662 2813 1771 2883 tur)
1812 2811 2090 2884 pueriliter
2132 2811 2409 2880 expedire,
2444 2809 2546 2863 nisi
2588 2814 2752 2862 etiam
2811 2811 2864 2863 in
2902 2810 2968 2864 iis
3016 2809 3236 2880 proprio

1661 2898 1729 2939 ex
1773 2881 1989 2953 ingenio
2019 2881 2250 2951 piurima
2294 2878 2607 2950 contingant
2648 2888 2706 2934 et
2750 2877 3030 2949 splendide
3076 2891 3234 2935 men-

1665 2956 1889 3009 tiautur.

1735 3043 1863 3115 Pag.
1906 3043 1995 3099 77.
2036 3040 2279 3110 Πνεῦμα
2328 3040 2561 3112 νοερόν.
2618 3039 2872 3097 ὓείίιιίιίο
2926 3039 3230 3097 Stoicorum

200 3087 570 3154 ²³³⁵¹⁰¹⁰Cffi²2
594 3086 776 3143 &⁰⁰³⁸
819 3088 979 3153 '²⁰⁹3’
1011 3095 1067 3142 οι
1096 3087 1338 3157 'mmm’
1367 3086 1556 3157 aequan
1583 3133 1629 3194 c
1661 3127 1746 3173 cst
1787 3116 1864 3187 (ct
1902 3115 2128 3168 liabetur
2175 3110 2314 3180 apud
2368 3111 2655 3182 Diogenem
2717 3108 3058 3183 Laenium),
3091 3110 3231 3179 apud

191 3158 572 3214 continuistis.
600 3157 1125 3226 Tetrapbarmacum
1159 3155 1413 3218 alterum,
1444 3173 1558 3211 ern·

190 3236 780 3355 7ωοίῖέἒῖῗέΨὲ
816 3223 1557 3366 ἓὲῗὲ·“ῗ.“ι“ἑ.“ἑι.ιῖ.ῖ“ὲὲἷὶ”

208 3369 513 3440 quantitate
547 3368 695 3425 inter
716 3382 783 3425 se
825 3334 1026 3423 mistis.
1073 3334 1157 3419 Ad
1186 3334 1454 3428 posterius
1482 3333 1564 3421 re1

191 3456 229 3495 e
264 3438 481 3497 videta·-
512 3436 823 3502 Nemeeius,
863 3433 1299 3506 quandoquidem
1351 3443 1564 3499 constat

194 3523 248 3561 m
272 3510 351 3562 ita
369 3506 593 3571 iecisse,
623 3508 843 3574 quando
865 3506 1178 3562 instantiam
1210 3507 1348 3559 lianc
1379 3510 1434 3560 in
1463 3497 1566 3561 hoc

191 3577 362 3646 egotio
397 3575 700 3629 adhiberet.
733 3573 1148 3631 Commentariis
1173 3574 1317 3628 enim
1350 3574 1427 3645 (a)
1453 3578 1569 3632 suis

191 3659 328 3710 moe.
363 3642 438 3695 De
484 3651 596 3696 nat.
624 3645 769 3699 Ιιοηι.
803 3646 899 3711 ait,
929 3645 981 3699 in
1016 3658 1243 3713 corpore
1280 3644 1417 3699 nihil
1447 3660 1568 3701 esse

192 3728 280 3762 um
333 3710 497 3765 veluti
552 3713 999 3768 medicamentum
1030 3713 1522 3782 tetrapharmacum
1549 3731 1566 3781 ;

192 3795 424 3903 ι,εἰιέἑ-ἑιιιι,
460 3794 632 3850 neque
681 3786 873 3851 picem,
906 3798 1076 3854 neque
1107 3785 1366 3849 resinam,
1396 3800 1570 3854 neque

338 3865 391 3902 t!-

192 3938 212 3972 ³.
240 3916 326 3973 7⁰.
357 3918 626 3975 Πλάτωνι
666 3917 735 3976 δὲ
766 3921 948 3977 δοκεῖ.
998 3920 1123 3978 ttaec
1170 3923 1409 3992 reperire
1443 3924 1574 3978 ticet

199 3986 471 4044 Platonem
515 3991 566 4045 in
605 3990 817 4048 Ttmoeo.
848 3992 915 4047 Et
946 3992 1160 4062 quidem
1198 3993 1246 4046 si
1295 3993 1570 4048 mechani-

191 4068 221 4112 ει
252 4062 651 4115 eaementarium
683 4062 908 4117 velimus
935 4072 1202 4117 terrarum
1232 4063 1441 4127 orbem,
1474 4068 1573 4117 cur

191 4129 327 4184 atius
349 4128 585 4197 ejusdem
613 4129 892 4198 fabricam,
918 4146 1037 4202 quae
1059 4146 1126 4186 ex
1149 4131 1393 4201 partibus
1413 4132 1575 4199 justis

191 4201 375 4255 issurts
411 4211 600 4256 exacte
631 4201 732 4257 sibi
767 4201 996 4256 invicem
1040 4200 1357 4257 coeuntibus
1397 4207 1576 4255 tirma-

191 4271 485 4338 xpedimus,
510 4284 670 4338 quam
710 4270 1002 4335 uncinulis,
1031 4270 1207 4325 hamis
1233 4279 1394 4339 atque
1426 4271 1577 4327 striis

190 4339 230 4391 ri
281 4349 405 4392 eum
437 4340 807 4396 soumtamns?
838 4338 1061 4395 Rectius
1102 4350 1249 4394 certe
1284 4341 1579 4395 dixerimus

203 4404 357 4462 Plato
386 4408 574 4480 voluit)
628 4408 794 4464 Deum
822 4410 1093 4479 Optimum
1125 4406 1413 4464 Maximum
1440 4425 1578 4480 γεω·

1659 3201 1797 3256 quos
1844 3187 2219 3254 phantasmata
2268 3184 2452 3237 omnia
2501 3181 2817 3264 anitgtalium
2890 3181 3230 3262 rationalium

1660 3255 1916 3313 dieantur
1942 3251 2138 3324 λογικά
2157 3260 2214 3307 et
2238 3253 2306 3305 ab
2335 3251 2647 3322 ἡγεμονικῳ
2679 3251 2931 3305 derivari.

1734 3345 1863 3415 Pag.
1886 3345 1980 3400 78.
2016 3345 2357 3413 Ἵππαρχος.
2392 3341 2699 3410 Hipparchi,
2761 3356 2969 3397 necnon
3002 3341 3230 3396 aliorum

1663 3418 1871 3486 aliquot
1903 3414 2343 3485 pbilosophorum
2371 3411 2660 3466 sementim
2686 3414 2751 3464 de
2784 3412 3003 3465 visionis
3035 3423 3227 3463 natura

1665 3502 1728 3543 ex
1776 3484 2065 3539 Plutarcho
2123 3483 2422 3536 asseruutur
2462 3481 2552 3534 lib.
2596 3495 2666 3542 tv,
2708 3495 2758 3534 c.
2798 3479 2882 3546 ¹5,
2934 3479 3070 3547 Περὶ
3113 3477 3235 3532 τῶν

1665 3554 2065 3625 ἀρεσκόντων.
2114 3555 2246 3616 υιιιε
2293 3563 2470 3605 autem
2515 3564 2581 3604 ex
2613 3548 2819 3604 Galeno
2870 3552 3081 3614 iaudat,
3130 3551 3228 3602 lia-

1596 3638 1600 3642 ’
1668 3628 1864 3682 bentur
1911 3623 2002 3678 lib.
2030 3639 2064 3678 x
2105 3623 2179 3677 De
2218 3638 2314 3677 usn
2357 3621 2608 3688 partium.
2656 3618 2760 3673 Sed
2804 3635 2908 3673 non
2954 3619 3088 3671 satis
3132 3618 3231 3672 ob-

1668 3709 1916 3751 servasse
1972 3696 2179 3747 videtur
2236 3694 2478 3744 sunn'nns
2537 3689 2625 3743 ille
2675 3690 2913 3743 medicus
2945 3689 3235 3743 distantias

1671 3780 1851 3821 rernm
1900 3763 2136 3817 visarum
2187 3762 2254 3815 ab
2287 3762 2503 3829 angulo,
2551 3759 2651 3814 snb
2699 3773 2808 3829 qno
2852 3759 3060 3826 objecta
3109 3774 3232 3811 ccr-

1671 3846 1897 3895 nuntnr,
1952 3832 2288 3901 potissimum
2351 3829 2616 3900 dignosci.
2664 3830 2867 3884 interea
2934 3841 3110 3880 tamen
3165 3842 3232 3882 ex

1670 3906 1859 3959 eodem
1892 3901 2077 3957 Galeui
2111 3904 2228 3954 loco
2256 3903 2545 3953 observat-e
2583 3909 2668 3970 cst
2700 3900 3107 3953 decussationes
3143 3913 3233 3950 ra·

1673 3975 1885 4029 diorum
1909 3979 1965 4027 et
2004 3972 2313 4025 eorumdem
2362 3969 2835 4038 configurationes,
2866 3984 2989 4023 cnm
3031 3983 3125 4034 per
3159 3968 3235 4021 ri·

1675 4060 1815 4097 mam
1868 4043 1922 4096 in
1972 4040 2147 4095 locum
2205 4041 2601 4093 tenebricosum
2660 4038 3037 4101 admittantur,
3095 4037 3238 4091 illius

1673 4112 1870 4168 saeculo
1892 4112 2023 4166 satis
2044 4120 2219 4168 notas,
2242 4123 2550 4178 quanquam
2579 4105 2836 4176 Keplerns
2857 4107 3052 4175 aliiqui-
3074 4107 3236 4172 optici

1677 4182 1903 4237 multum
1931 4181 1984 4236 iu
2016 4197 2081 4234 eo
2107 4189 2500 4250 experimento,
2530 4186 2785 4247 tanquam
2813 4192 2932 4242 sno,
2962 4175 3063 4231 sibi
3093 4176 3240 4244 plau·

1675 4254 1824 4307 dant.

1750 4340 1882 4412 Pag.
1922 4340 2013 4395 79.
2057 4337 2218 4407 Ἀέρα
2268 4335 2543 4391 τοιοῦτον
2588 4336 2863 4406 ὄργανον.
2919 4333 3241 4390 Rectissime

1682 4421 1875 4465 auctor
1895 4421 2081 4464 noster
2102 4417 2309 4470 censet,
2332 4408 2519 4468 sotem,
2549 4416 2607 4460 ut
2639 4419 2692 4459 ct
2718 4411 2822 4461 atia
2853 4405 3050 4465 lucida,
3075 4419 3239 4458 aereo

191 4476 253 4540 lv,
293 4486 625 4547 geotnetram
659 4488 717 4535 et
748 4483 977 4551 peritum
1010 4477 1362 4533 architectum
1394 4494 1577 4550 agere,
1613 4474 1654 4528 Ι)
1684 4480 1965 4551 systemati
1996 4479 2099 4532 vim
2149 4477 2480 4546 imprimere,
2525 4490 2646 4544 qnze
2691 4477 3001 4543 longissime
3030 4482 3240 4538 tranat,

203 4549 478 4602 inductum
516 4548 753 4620 aliquem
782 4547 1020 4612 fabrum,
1046 4549 1136 4618 qui
1183 4549 1391 4603 circino
1429 4561 1483 4603 et
1517 4548 1582 4602 ti-

197 4631 399 4687 nsuper
433 4618 658 4685 habitis,
683 4619 846 4689 tignis
877 4618 1249 4688 lapidibusque
1280 4620 1502 4674 rudibus
1527 4629 1583 4674 et

191 4700 212 4740 ε
233 4688 532 4757 congestis,
562 4689 783 4743 domum
814 4701 967 4745 attam
997 4687 1147 4742 brevi
1181 4687 1441 4740 ruituram
1487 4703 1584 4743 ex-

216 4754 379 4810 certe
401 4757 651 4829 quisquis
680 4758 824 4813 sales
848 4759 902 4812 in
934 4759 1122 4820 cubos,
1148 4762 1453 4822 octaedras,
1488 4758 1585 4811 do-

191 4823 327 4889 lras,
370 4837 517 4892 etc..
552 4829 861 4883 certissima
895 4827 1009 4897 lege
1053 4838 1462 4881 concrescentes
1511 4827 1585 4881 ri·

214 4907 321 4973 pon
364 4907 397 4948 a
428 4909 557 4951 vero
589 4896 888 4953 abliorrere
921 4898 1085 4960 dicet,
1123 4910 1302 4950 rernm
1351 4898 1583 4950 stautina

215 4970 438 5017 istorum
475 4966 796 5037 principium
832 4966 1062 5036 gelerre,
1103 4966 1262 5035 eique
1309 4979 1408 5019 ceu
1452 4966 1585 5021 sub·

191 5030 242 5085 ιιί
276 5031 625 5102 contigui-art.

191 5116 221 5168 ς.
246 5099 336 5157 71.
376 5101 674 5173 vetit-ma,
701 5105 1026 5176 μανότητα,
1056 5104 1322 5172 κίνησιν.
1350 5102 1406 5158 st
1442 5104 1495 5156 in
1529 5117 1588 5159 re

196 5174 383 5244 nugari
423 5177 722 5244 expediret,
753 5174 912 5231 facile
945 5179 1088 5231 esset
1127 5177 1585 5245 comparationem

191 5255 307 5297 tere
337 5258 459 5296 cum
500 5246 699 5313 primo,
740 5246 1000 5311 secundo,
1049 5245 1316 5313 tertioque
1356 5244 1586 5300 Cartesii

191 5320 312 5365 znto.
341 5314 447 5368 Sed
494 5324 739 5371 nostrum
791 5328 898 5372 nou
929 5324 1013 5372 est
1038 5314 1312 5372 somniare
1346 5313 1588 5385 pbiloso-

191 5393 208 5429 ι

191 5414 234 5517 g:
258 5449 348 5505 73.
391 5451 549 5507 Ἐπεὶ
598 5453 881 5525 Μωυσῆς.
920 5453 1043 5511 llaec
1086 5468 1116 5507 a
1157 5468 1259 5509 ms.
1293 5468 1433 5510 nunc
1475 5452 1587 5523 pri·

198 5521 376 5574 audita
408 5533 553 5577 sunt.
632 5590 637 5594 ,

194 5649 352 5705 Toni.
378 5649 468 5716 ΙΙΙ,
496 5666 617 5724 pag.
648 5654 769 5713 ΙΘΙ.

209 5719 363 5778 Τοιιι.
391 5722 479 5789 ΙΙΙ,
512 5737 567 5794 p.
592 5723 705 5781 ¹⁰2.

1685 4551 1858 4605 donec
1890 4562 1921 4601 a
1957 4561 2187 4614 corpore
2232 4561 2402 4612 opaco
2446 4548 2691 4625 sistatur,
2721 4549 2862 4614 qnod
2909 4543 3243 4627 Chrysippus

1684 4616 2215 4759 ἓξὲξὲἓὲἑᾴονῗνέζξ
2272 4614 2670 4752 “”ἒό’ἕί.”ῗ,.ἶὲΐι
2695 4612 3243 4748 mimmii

1687 4771 1815 4814 tuuc
1850 4757 2059 4826 objecta
2094 4772 2189 4810 sua
2222 4758 2530 4809 discernere
2576 4771 2670 4825 per
2716 4756 2886 4809 tineas
2929 4761 3124 4814 rectas,
3154 4753 3244 4804 ad·

1687 4829 1825 4882 mitti
1854 4843 2074 4895 prorsus
2100 4827 2279 4887 tle-bct,
2307 4834 2573 4894 quatenus
2606 4841 2710 4878 non
2735 4824 2908 4877 solum
2943 4824 2996 4875 in
3034 4820 3244 4873 visione

1687 4899 1915 4960 directa,
1955 4899 2047 4950 sed
2074 4901 2130 4950 et
2162 4894 2356 4949 reflexa
2385 4904 2439 4947 et
2471 4892 2696 4948 retracta
2732 4896 2802 4946 ad
2846 4893 3112 4944 linearum
3161 4905 3248 4943 rc·

1685 4978 1895 5021 ciarum
1946 4966 2092 5036 leges
2142 4980 2321 5019 otnnta
2381 4965 2757 5032 expediuntur.
2809 4961 3045 5030 Corpora
3100 4961 3243 5012 ‹ettitn

1686 5038 1950 5105 spinei-ica
1990 5038 2042 5088 iu
2087 5049 2349 5091 convexa.
2397 5048 2700 5087 concavave
2745 5042 3015 5099 utcunque
3046 5029 3245 5094 delata,

1687 5120 1748 5160 se
1789 5108 2021 5169 babent,
2067 5115 2126 5158 ut
2175 5113 2452 5171 tangentes
2501 5114 2679 5156 rectae.
2725 5105 2971 5155 Attamen
3021 5100 3249 5152 tortasse

1688 5179 2009 5244 motusipse
2049 5175 2193 5229 acris
2224 5173 2507 5227 ittuminati
2551 5173 2833 5226 circularis
2862 5170 3084 5224 otnnino
3131 5172 3248 5230 cst,

1687 5246 1763 5299 illi
1792 5246 1988 5299 similis
2015 5246 2106 5313 qni
2140 5245 2193 5297 in
2223 5257 2360 5312 aqua
2394 5243 2654 5303 cernitur,
2677 5256 2798 5296 cum
2832 5239 3043 5308 lapillus
3074 5238 3249 5305 stagni

1691 5316 1871 5368 medio
1904 5314 2239 5375 immittitur,
2270 5309 2413 5374 scil„
2443 5310 2815 5382 κυματοῦσθαι.
2845 5309 2989 5363 κατὰ
3020 5305 3252 5369 κύκλους

1687 5382 1880 5451 ὀρθοὺς
1912 5385 1993 5446 εἰς
2026 5383 2275 5452 ἄπειρον,
2309 5380 2413 5444 ἕως
2455 5379 2715 5461 πληρώσῃ
2746 5381 2836 5432 τδν
2872 5394 2940 5431 πε
2982 5379 3254 5500 meipsum

1689 5456 1845 5525 ἀέρα,
1870 5452 1945 5517 ὡς
1967 5455 2060 5506 ἐπὶ
2087 5452 2185 5523 τῆς
2219 5450 2426 5521 κολυμδ
2466 5449 2619 5522 Θρας.
2645 5466 2741 5520 της
2771 5448 2945 5521 πληγε
2973 5464 3070 5521 της
3131 5446 3250 5517 ίθῳ,

1691 5536 1747 5579 ιιι
1780 5524 2101 5579 Plutarchus
2135 5526 2211 5593 tc)
2248 5537 2361 5577 rem
2390 5535 2421 5574 e
2458 5522 2559 5575 ert.

1760 5657 1833 5730 (c)
1857 5605 2024 5713 ‘Toup
2049 5655 2117 5722 ll,
2146 5668 2201 5727 p.
2229 5651 2360 5729 992..
