3725 6125
202 234 365 344 'tt-11
456 268 464 274 '

1312 277 1588 336 Parnes
1623 275 1926 338 AEerprtt
1964 276 2240 339 sAEctJu
2275 266 2363 336 1'v.
3406 286 3493 344 ιιτε

233 404 497 471 conlisus,
517 402 764 458 divinum
787 400 1030 473 quotidie
1073 399 1326 472 imploret
1352 400 1638 465 auxilium,
1667 399 1812 458 salu·
1838 404 1889 463 Α
1915 399 2040 457 aliis
2083 398 2287 457 mederi
2314 397 2535 465 studet,
2588 411 2697 470 pra
2719 402 2968 469 poster-e
3021 396 3163 465 agit.
3233 399 3493 476 Priusqum

237 509 347 556 tem
371 498 588 569 assequi
634 511 739 553 non
804 506 984 568 potest
1018 504 1173 552 :tam
1231 510 1392 553 acres
1418 494 1813 567 vigilantesque

238 601 371 646 sunt
398 588 634 647 bominis
661 588 985 645 adversarii.
1014 586 1095 645 Ne
1119 597 1460 652 contemnas,
1495 586 1689 652 irater,
1718 600 1809 641 ne·

237 696 348 753 que
372 680 612 753 negligas
661 680 1052 737 conscientiam
1102 689 1249 735 tuam
1275 719 1292 746 ,
1335 695 1512 751 neque
1571 678 1666 735 tibi
1701 678 1817 749 ipse

238 771 484 830 confidas
538 772 787 837 omnino,
820 772 1081 844 *quamvis
1118 772 1300 842 aliquo
1349 773 1403 828 in
1450 773 1624 843 pretio
1672 771 1816 843 apud

234 861 411 920 Deum
435 876 558 920 esse
581 861 842 920 videaris.
907 860 1158 933 Undique
1206 862 1350 919 enim
1393 863 1462 917 ab
1485 860 1818 918 adversariis

236 952 575 1010 obsidemur.
604 949 836 1008 Amictio
872 952 1211 1008 considerata
1239 950 1541 1020 praeteritas
1569 948 1709 1005 delet
1725 962 1819 1003 ne·

237 1045 514 1119 gligentiae
566 1054 741 1101 notas.
804 1044 869 1100 Et
933 1059 1192 1101 sensuum
1243 1044 1533 1114 castigatio
1581 1040 1818 1098 bostium

236 1139 564 1194 interiorum
594 1137 910 1193 vulneribus
939 1136 1208 1194 medetur.
1238 1134 1489 1192 Perfecta
1518 1133 1818 1192 secundum

239 1229 413 1285 neum
461 1228 681 1286 dilectio
737 1228 953 1285 occulta
1013 1228 1264 1284 hostibus
1315 1227 1540 1284 resistit.
1595 1223 1822 1282 Oce-utto

236 1320 510 1377 sanctitas
539 1320 773 1378 occultis
809 1321 971 1376 bellis
996 1320 1266 1389 superatis
1303 1319 1371 1375 ad
1385 1316 1514 1375 Filii
1547 1317 1642 1374 Dei
1667 1317 1824 1388 quie-

239 1424 352 1469 tem
379 1412 649 1486 perducit.
674 1413 745 1469 Et
772 1414 1035 1470 sanctitas
1055 1410 1343 1468 manifesta
1367 1410 1595 1468 virtutes
1619 1420 1820 1467 servat.

240 1505 339 1562 Dei
360 1506 599 1578 cognitio
634 1504 784 1572 facit,
821 1514 880 1561 nt
934 1504 1000 1561 ad
1037 1519 1163 1560 eum
1218 1512 1464 1575 tempore
1508 1502 1826 1559 tentationis

200 1598 646 1671 ’confugiantus,
685 1599 911 1670 eiusque
953 1596 1149 1653 muniti
1197 1596 1453 1667 praesidio
1511 1595 1826 1665 superiores

237 1691 438 1749 simus.
472 1690 573 1760 Qui
596 1691 878 1748 laboribus
921 1689 1038 1745 suis
1087 1688 1315 1744 minime
1359 1686 1604 1754 conlidit,
1631 1687 1681 1755 is
1728 1685 1824 1743 Dei

1919 491 2063 548 enlm
2091 489 2225 547 illud
2262 490 2634 563 aggredietur,
2663 489 2851 545 «lebet
2899 499 3153 560 peccata
3176 506 3271 546 sua
3305 493 3493 570 lacryma

1921 584 2276 655 abstergere:
2302 592 2359 640 et
2397 582 2491 641 Dei
2535 582 3038 640 misericordiam
3078 582 3322 653 imploret
3347 598 3399 643 ut
3427 593 3493 647 sih·

1921 677 2192 749 ignoscat,
2219 683 2541 748 tantumque
2566 677 2808 734 roboris
2831 685 2902 733 et
2935 674 3492 750 fortitudinispraebeat,

1919 778 1981 826 ut
2025 783 2307 841 nunquam
2346 771 2583 842 amplius
2611 771 2676 826 in
2719 770 2950 828 eadem
2991 769 3270 836 incurrat,
3295 774 3492 831 astill-

1919 862 2010 921 vel
2033 861 2368 936 cogitatione
2395 861 2483 919 vel
2514 875 2796 919 sermone
2818 860 2928 918 vel
2966 859 3147 918 sactis
3169 861 3387 920 offendat.
3408 864 3492 924 tta-

1923 961 2014 1010 tns
2040 955 2134 1026 qui
2161 953 2238 1010 ita
2257 968 2316 1012 se
2339 955 2478 1027 gerit
2503 954 2559 1010 in
2575 953 2876 1011 veritate.
2906 951 3484 1026 Quiverepoenitsuiaa

1923 1046 2061 1118 agit,
2090 1046 2144 1102 in
2176 1060 2243 1103 eo
2269 1061 2378 1103 non
2402 1055 2490 1103 est
2512 1056 2875 1118 occupatus,
2908 1055 2979 1103 ut
3015 1048 3469 1120 proximu-Isiu.

1925 1136 2073 1194 Satis
2099 1137 2245 1194 enim
2273 1152 2369 1193 sua
2398 1139 2601 1209 cuique
2637 1146 2903 1209 peecata
2936 1140 3169 1211 negotii
3201 1141 3457 1212 μήκεα

1925 1231 2160 1303 spatium
2189 1230 2527 1302 relinquunt,
2554 1230 2750 1287 aliena
2774 1240 2859 1288 ut
2891 1242 3101 1288 curet.
3129 1230 3235 1300 Qui
3255 1233 3444 1301 afim

1927 1319 2073 1377 malo
2117 1320 2315 1388 reddit,
2356 1319 2546 1390 procul
2586 1319 2770 1375 abest
2822 1332 2862 1375 a
2917 1334 3063 1376 vera
3101 1319 3436 1391 poenitdnss'

1925 1413 2116 1483 gloria
2141 1423 2335 1485 captus
2357 1412 2694 1484 cupiditate,
2717 1411 2950 1467 mundi
2985 1414 3234 1484 negotiis
3249 1412 3448 1484 infit,

1925 1520 1994 1564 ex
2018 1504 2202 1560 animo
2229 1518 2340 1560 non
2371 1503 2518 1575 luget
2545 1511 2804 1574 peccata
2834 1518 2984 1560 sua.
3017 1503 3133 1574 Qui
3159 1505 3445 1562 nuneaatb

1926 1597 2152 1664 bonnm,
2184 1605 2279 1652 ant
2308 1597 2507 1652 malum
2545 1594 2825 1652 affirmat
2853 1611 3028 1662 esse,
3056 1596 3118 1653 in
3145 1599 3295 1656 corde
3312 1613 3428 1654 sut*

1932 1688 2207 1745 tundetur.
2242 1689 2376 1744 Dum
2399 1689 2546 1743 enim
2585 1703 2660 1745 ea
2695 1704 2851 1760 quae
2891 1699 3108 1747 nostra
3139 1705 3241 1747 nou
3265 1690 3433 1747 nstv}

240 1780 423 1854 magis
452 1780 619 1837 sentit
640 1779 922 1835 auxilinm.
957 1777 1062 1846 Qui
1082 1793 1150 1834 ex
1168 1778 1355 1836 animo
1374 1778 1465 1849 pie
1486 1778 1655 1834 Deum
1678 1791 1828 1848 quae-
1933 1796 2057 1838 mns
2081 1780 2350 1851 judicare,
2384 1780 2738 1851 decipimur,
2778 1792 2979 1855 atque
3007 1783 3094 1840 ita
3123 1784 3443 1850 distrabint

238 1873 318 1930 rit
347 1874 403 1928 in
441 1872 696 1937 veritate,
725 1873 774 1927 is
795 1870 977 1926 statin
1012 1870 1244 1938 timore,
1277 1884 1345 1927 ne
1379 1868 1663 1940 displiceat
1695 1868 1825 1926 Deo.

240 1964 477 2035 Semper
497 1963 640 2018 enim
678 1977 708 2017 a
734 1962 1065 2019 conscientia
1094 1961 1429 2029 stimulatur,
1452 1961 1597 2033 quod
1646 1959 1826 2031 aliqua

240 2058 302 2111 in
333 2070 395 2111 re
420 2053 699 2111 deiecerit.
734 2052 834 2111 Ubi
866 2062 1048 2111 autem
1079 2053 1355 2123 stimulus,
1415 2054 1487 2109 ibi
1518 2052 1825 2119 accusatio;

244 2147 339 2205 nbi
371 2148 666 2214 accusatio,
710 2160 817 2202 non
851 2155 938 2201 est
992 2145 1243 2203 libertas.
1285 2144 1440 2214 Quod
1473 2145 1519 2201 si
1569 2144 1830 2214 deinceps

242 2242 456 2299 orando
504 2239 954 2296 animadverterit
1008 2253 1070 2294 se
1131 2237 1280 2294 nullo
1340 2237 1560 2294 malitiae
1607 2234 1868 2291 stimulo*

230 2336 436 2406 pungi,
458 2343 570 2389 tum
602 2348 729 2389 vere
754 2331 895 2389 liber
911 2342 1019 2400 est,
1048 2342 1104 2387 et
1134 2347 1201 2387 ex
1233 2330 1513 2387 voluntate
1526 2330 1620 2386 Dei
1653 2329 1707 2384 in
1737 2343 1827 2383 re-

241 2428 427 2499 quiem
450 2437 695 2484 sanctam
724 2425 994 2482 introivit.

316 2520 381 2577 ll.
424 2520 482 2576 Si
520 2523 690 2578 bonos
712 2520 925 2577 tructus
951 2520 1292 2591 perspmeris
1329 2534 1359 2575 a
1415 2519 1578 2577 nullis
1623 2520 1827 2577 inimici

240 2616 474 2672 zizaniis
494 2613 774 2677 suffocat-i.
806 2627 982 2685 neque
1004 2622 1211 2679 tamen,
1237 2614 1488 2682 quamvis
1510 2628 1634 2668 cum
1656 2612 1833 2670 sensi·-

242 2709 350 2764 bus
372 2706 606 2777 amplius
645 2721 748 2761 non
776 2721 1009 2778 pugnes,
1036 2706 1222 2761 hostes
1252 2705 1463 2761 malitia
1516 2721 1613 2761 sua
1638 2705 1829 2763 conlisi

248 2798 501 2857 desinent
528 2812 862 2871 oppugnare.
895 2798 1034 2854 Etsi
1082 2799 1256 2855 nubes
1293 2797 1704 2854 tabernaculum
1732 2798 1832 2855 ob-

229 2889 545 2956 ·nmbravit,
570 2904 751 2961 neque
773 2889 854 2946 sol
887 2890 1026 2947 ussit
1053 2898 1105 2945 te
1160 2905 1257 2961 per
1303 2888 1448 2945 diem
1495 2904 1670 2962 neque
1704 2890 1830 2945 luna

243 2995 348 3054 per
374 2990 586 3039 noctem
613 3000 632 3039 ι
669 2992 725 3038 et
754 2982 1004 3039 inventus
1030 2984 1081 3038 in
1113 2991 1165 3037 te
1191 2983 1355 3038 fuerit
1392 2983 1573 3039 omnis
1596 2996 1830 3054 appara·

1930 1874 2087 1931 nobis
2123 1887 2227 1932 non
2255 1882 2410 1931 vacet
2436 1883 2672 1946 peccata
2705 1887 2938 1934 nostra
2969 1892 3317 1952 cognoscere.

2002 1963 2092 2021 lv.
2134 1963 2193 2023 st
2221 1967 2552 2024 contumelia
2582 1966 2860 2026 auectus
2895 1969 3446 2044 indignat-imeru-

1930 2059 2049 2131 agis
2089 2059 2481 2131 poenitentiam.
2513 2056 2577 2115 Si
2621 2061 2825 2118 rebus
2875 2063 3002 2120 tuis
3039 2063 3140 2121 tibi
3179 2064 3341 2134 ereptis
3364 2060 3448 2124 Β.

1932 2148 2025 2206 Dei
2059 2151 2224 2207 timor
2252 2165 2358 2207 non
2388 2158 2475 2207 est
2511 2149 2572 2205 in
2604 2160 2692 2207 te.
2736 2149 2812 2209 Si
2849 2155 3023 2227 qnod
3058 2157 3116 2212 in
3146 2165 3197 2213 te
3221 2154 3450 2227 aflqaisbh

1931 2242 2223 2300 contulerit
2256 2242 2619 2315 perturbaris,
2672 2244 2883 2303 timor
2926 2245 3042 2307 Dei
3087 2264 3191 2306 noa
3217 2259 3285 2306 est
3307 2241 3451 2302 intes

1924 2334 2119 2391 landes
2141 2342 2263 2392 tuas
2280 2335 2511 2391 libenter
2531 2336 2743 2405 audis,
2772 2339 2975 2396 timor
2993 2340 3099 2399 Dei
3127 2333 3452 2398 mati-tas

1933 2428 1987 2483 in
2013 2428 2218 2484 mutuis
2246 2426 2596 2485 sermonibus
2625 2430 2839 2486 verba
2870 2442 2985 2489 tua
3020 2429 3440 2504 voluerum

1935 2522 2100 2576 timor
2143 2519 2236 2576 Dei
2283 2533 2386 2576 nen
2426 2528 2509 2575 est
2557 2518 2613 2575 in
2673 2529 2767 2578 te.
2815 2522 2890 2580 Si
2943 2524 3183 2582 dolueris
3205 2524 3427 2591 'edm

1933 2620 2060 2668 tous
2074 2619 2472 2677 contemnatur,
2492 2610 2679 2667 timor
2709 2613 2822 2671 Dei
2857 2633 2996 2674 non
3025 2611 3417 2676 estham&-

1934 2702 2118 2762 omnia
2144 2702 2385 2760 indicant
2410 2711 2672 2760 veterem
2707 2706 3046 2766 bominem
3073 2707 3430 2777 adiuvisse-t·

1934 2812 2043 2871 que
2066 2810 2188 2855 esse
2218 2796 2309 2868 qui
2339 2795 2488 2852 tttum
2518 2809 2868 2872 expugnet,
2897 2798 3440 2875 verumqnettltum·

1936 2899 2048 2947 tum
2100 2889 2303 2947 luctum
2352 2888 2766 2958 amplectatur.
2837 2895 3152 2967 Aperiendi
3195 2901 3289 2950 sunt
3321 2887 3442 2945 nestit

1935 2983 2102 3050 oculi,
2125 2990 2185 3039 ut
2213 2997 2313 3040 nos
2336 2982 2436 3054 ipsi
2457 2996 2941 3055 cognoscamus,
2979 2977 3440 3056 seiam->mikild-

245 3088 339 3134 tns
367 3075 730 3142 tabernaculi,
785 3087 845 3131 ut
872 3075 1102 3130 colloces
1138 3084 1194 3131 et
1244 3077 1520 3133 custodias
1554 3076 1686 3132 illud
1737 3090 1827 3131 se·
1852 3081 1900 3140 c
1935 3076 2135 3133 micum
2155 3074 2436 3139 constitui,
2457 3075 2553 3146 qui
2574 3079 2914 3150 propriant
2944 3083 3192 3155 sequitur
3208 3078 3440 3133 inmuta

247 3168 489 3225 cundum
543 3165 873 3221 voluntatem
931 3165 1023 3221 llei
1078 3164 1258 3238 (parta
1310 3167 1564 3222 nimirum
1595 3165 1693 3221 tibi
1734 3180 1832 3237 per

246 3262 423 3316 Deum
445 3264 529 3314 est
559 3256 832 3328 victoria);
865 3267 920 3313 et
944 3257 1062 3329 ipse
1089 3257 1500 3315 tabernaculum
1527 3258 1830 3315 obnmbra-

247 3350 351 3419 nit,
383 3348 508 3420 quia
534 3349 651 3420 ipse
675 3347 976 3418 est,etipse
1015 3350 1294 3420 praecedit,
1335 3361 1386 3406 et
1407 3358 1567 3421 parat
1590 3351 1829 3408 ubison-

246 3440 511 3498 atituatur
536 3437 673 3512 (16).
701 3437 814 3494 Nisi
837 3437 981 3495 enim
1005 3436 1284 3509 praecipiat
1328 3439 1443 3509 ipse
1471 3455 1579 3511 qno
1609 3442 1663 3496 in
1710 3441 1831 3498 loco

250 3535 325 3591 slt
349 3534 745 3596 collocandum.
776 3548 880 3589 non
920 3542 1099 3604 potest
1131 3533 1458 3598 consistere,
1492 3544 1551 3588 ut
1582 3533 1659 3590 ait
1680 3532 1830 3589 Scri·

226 3634 428 3695 ptura.
452 3625 701 3696 Magnum
725 3624 836 3693 jam
871 3632 959 3680 est
1007 3623 1331 3695 periculum,
1372 3624 1545 3680 donec
1575 3626 1742 3681 bomo
1768 3639 1830 3681 se

246 3719 426 3789 ipsum
470 3717 699 3783 noverit,
743 3725 800 3771 et
839 3715 995 3786 plane
1052 3716 1191 3772 sciat
1227 3717 1281 3771 in
1325 3729 1386 3771 se
1438 3731 1545 3771 non
1593 3731 1733 3783 esse,
1770 3725 1829 3772 ut

228 3807 319 3864 'ab
350 3806 818 3877 interpellantibus
847 3815 903 3861 et
931 3806 998 3860 ad
1037 3806 1378 3861 iracundiam
1414 3807 1819 3878 impellentibus

245 3901 526 3957 liberetur.
545 3899 768 3970 Oportet
793 3899 959 3972 igitur
989 3908 1048 3953 ut
1090 3913 1212 3954 cum
1267 3900 1465 3955 timore
1496 3905 1562 3956 ad
1591 3898 1710 3971 ejus
1733 3901 1828 3957 be·

242 3990 567 4061 nignitatem
624 3991 1020 4062 confugiamus,
1068 3989 1394 4059 assidueque
1444 3992 1705 4046 memoria
1734 4005 1822 4047 re-

240 4091 496 4153 petamus
546 4081 716 4152 ipsius
775 4080 1059 4146 beneficia,
1087 4090 1140 4136 et
1182 4090 1429 4134 sanctam
1456 4080 1818 4137 bumilitatem

241 4172 650 4246 amplectamur,
682 4189 805 4245 qnae
839 4173 986 4230 nullo
1028 4187 1265 4243 unquam
1311 4181 1556 4243 tempore
1580 4175 1825 4231 discedat

241 4283 274 4322 a
307 4267 472 4322 corde
504 4276 708 4329 nostro,
739 4280 860 4334 qnoe
911 4273 1132 4334 peccata
1184 4272 1370 4320 nostra
1412 4265 1567 4321 nobis
1606 4279 1824 4336 semper

240 4367 370 4413 ante
401 4355 589 4413 oculos
628 4364 914 4426 proponat,
937 4364 992 4410 et
1017 4357 1183 4421 bona,
1203 4356 1249 4411 si
1268 4370 1388 4426 quae
1410 4356 1462 4410 in
1487 4357 1643 4412 nobis
1664 4367 1815 4424 sunt,

239 4455 444 4512 servet,
476 4457 529 4502 et
558 4428 824 4501 ad‘tinem
849 4460 1021 4516 usque
1050 4456 1286 4516 tueatur,
1320 4446 1592 4519 iaciatque
1623 4463 1691 4504 ne
1720 4465 1816 4505 no·

237 4540 326 4596 bis
348 4539 448 4610 ipsi
469 4540 826 4596 confidamus.

311 4630 397 4689 tlt.
434 4631 700 4688 Caeterum
732 4632 824 4703 qui
861 4631 1165 4705 proximum
1190 4633 1418 4705 judicat,
1465 4642 1522 4690 et
1556 4633 1814 4692 irascitur
1845 4625 1850 4632 ’

235 4724 396 4781 l'ratri
433 4741 551 4792 sno,
582 4739 816 4796 euntque
845 4725 1148 4782 contemnit
1182 4741 1247 4781 ac
1275 4727 1526 4798 despicit,
1578 4736 1670 4783 aut
1699 4729 1812 4784 ira-

235 4820 414 4876 cunde
446 4821 626 4887 docet,
666 4828 759 4875 ant
788 4820 1023 4889 cuipiam
1057 4818 1320 4885 detrabit,
1373 4836 1403 4875 a
1439 4821 1815 4878 misericordia

233 4927 341 4982 qua
392 4911 568 4967 sancti
612 4921 739 4968 sunt
786 4911 1032 4985 praediti,
1067 4909 1272 4966 alienus
1307 4925 1424 4979 est,
1470 4925 1526 4969 et
1577 4913 1647 4969 ab
1690 4914 1813 4971 aliis

233 5001 617 5071 praestantibns
639 5002 950 5058 virtutibus.
972 5001 1248 5073 Ejusmodi
1274 5003 1421 5059 enim
1445 5004 1572 5060 vitia
1597 5005 1812 5063 labores

192 5093 515 5159 ,bominum
558 5097 815 5169 perdunt,
860 5107 919 5153 et
961 5095 1174 5152 fructus
1216 5096 1388 5153 bonos
1412 5100 1712 5155 excutiunt.
1751 5099 1814 5157 Si

234 5186 359 5255 quis
384 5198 604 5255 peccata
649 5202 745 5242 sua
776 5187 959 5258 lugere
998 5202 1058 5244 se
1088 5188 1236 5254 dicit,
1271 5204 1445 5262 neque
1470 5194 1540 5249 ab
1575 5193 1682 5249 illis
1715 5200 1835 5250 re·'

204 5356 208 5361 .
233 5274 405 5338 cedit,
438 5275 486 5332 is
515 5292 576 5332 se
611 5277 785 5347 ipsnm
814 5276 1035 5347 decipit.
1063 5278 1167 5345 Qui
1207 5280 1274 5335 ad
1301 5281 1540 5349 quietem
1575 5285 1807 5353 aspirat,

230 5377 412 5434 neque
477 5367 742 5423 sollicitus
785 5376 902 5435 est,
933 5378 991 5423 ut
1032 5369 1197 5425 animi
1235 5370 1398 5439 pellat
1439 5376 1806 5445 aegritudines.

228 5470 410 5512 caecus
446 5471 553 5524 est,
593 5468 650 5515 et
678 5470 877 5517 sanctae
907 5463 1159 5518 virtutum
1186 5464 1560 5524 aediticationis
1590 5469 1809 5545 imperi·

229 5559 338 5607 tus.
369 5549 494 5618 Qui,
528 5552 826 5622 posthabita
877 5565 1223 5626 peccatorum
1256 5570 1479 5614 snorum
1505 5562 1807 5629 curatione,

1935 3167 1993 3225 Si
2039 3168 2362 3225 custodieris
2391 3166 2660 3224 mandata
2695 3167 2842 3239 Dei,
2896 3182 2961 3231 et
2999 3189 3068 3230 ex
3098 3173 3248 3246 ipsius
3271 3166 3440 3225 votnm

1934 3262 2199 3320 direxeris
2242 3276 2406 3330 opera
2454 3269 2584 3327 tua,
2644 3272 2708 3319 et
2763 3266 3244 3326 animadverteris
3275 3254 3438 3330 mia&

1933 3356 2051 3425 eins
2079 3369 2179 3427 per
2224 3364 2274 3411 te
2304 3355 2517 3426 placere
2548 3370 2672 3411 non
2707 3372 2932 3428 posse,
2966 3372 3029 3419 et
3055 3370 3257 3434 peccata
3279 3365 3431 3413 trata

1934 3462 2030 3518 per
2058 3456 2187 3503 ante
2224 3443 2410 3503 oculos
2448 3442 2756 3516 habueris,
2797 3449 3082 3508 invenies
3111 3440 3423 3521 propugnat&

1931 3541 2235 3611 oppositum
2261 3534 2577 3594 adversario
2608 3546 2738 3604 tuo,
2771 3541 2887 3611 qni
2911 3548 2978 3597 te
3009 3550 3230 3598 conatu
3248 3539 3415 3607 per*¹

1934 3629 2079 3685 biam
2109 3643 2213 3700 qua
2259 3627 2352 3684 tibi
2378 3626 2560 3696 justus
2588 3627 2896 3699 videaris,
2930 3646 3265 3708 expugnatu
3285 3618 3404 3685 αὖ

1931 3724 2075 3780 clum
2105 3720 2250 3792 qnod
2292 3718 2522 3776 exstruit
2552 3720 2950 3788 poenitentiae
2979 3729 3168 3783 luctus
3192 3714 3379 3782 ειιιιιιιῑίς

1933 3815 2085 3871 'l'nnc
2109 3825 2163 3870 te
2193 3812 2287 3870 tibi
2317 3821 2501 3869 notum
2528 3824 2665 3868 esse
2699 3814 3044 3891 intelliges,
3078 3831 3136 3878 et
3163 3820 3245 3876 ubi
3263 3810 3363 3873 1⁸¹¹

1932 3918 2085 3963 tuum
2110 3903 2610 3977 tanquamvictoria
2638 3919 2826 3978 parta
2854 3926 2974 3969 non
3000 3894 3370 3971 extollam&

1930 4001 2038 4056 nisi
2071 4000 2233 4055 homo
2260 3999 2314 4053 in
2353 3995 2559 4067 judicio
2596 4003 2984 4075 constiterit,
3021 4015 3082 4062 et
3119 3998 3382 4064 «καθ’

1931 4090 2151 4154 diverit,
2175 4098 2232 4143 et
2263 4088 2437 4145 locnm
2480 4101 2650 4142 suum
2705 4096 2985 4164 noverit,
3041 4099 3184 4154 scire
3216 4082 3392 4155 μμ*

1927 4191 2106 4238 utrum
2156 4179 2269 4236 Deo
2321 4179 2560 4251 placeat,
2605 4193 2832 4241 necne..
2903 4187 3083 4247 Dolor
3129 4188 3210 4261 qui
3243 4177 3395 4238 mu

1929 4275 2101 4331 Deum
2126 4289 2222 4330 cor
2245 4272 2453 4344 pnngit,
2482 4285 2697 4330 sensus
2723 4277 2794 4334 in
2825 4279 3030 4339 officio
3057 4288 3213 4354 potest
3233 4268 3397 4331 cam

1925 4377 1981 4423 et
2038 4365 2308 4422 sobrietas
2367 4371 2608 4420 mentem
2690 4365 3018 4443 integram
3069 4376 3322 4431 wis
3347 4346 3401 4407 ⁵⁸¹

1924 4458 2085 4514 ltotno
2127 4457 2228 4512 sibi
2270 4457 2386 4527 ipse
2413 4468 2515 4510 non
2561 4455 2751 4515 debet
2813 4479 3076 4538 unquam
3106 4448 3398 4535 confidem?

1928 4548 2116 4605 tandiu
2148 4547 2415 4603 sollicitus
2435 4558 2583 4611 esse,
2614 4546 2773 4605 dum
2810 4565 2914 4612 est
2944 4558 3004 4614 in
3029 4535 3384 4631 munatii(

1922 4641 2039 4698 suis
2084 4654 2365 4709 nunqnam
2408 4637 2683 4707 operibus
2729 4645 2973 4718 lidnnt,
3009 4650 3252 4710 sedon&
3269 4620 3387 4695 '²⁰⁶¹

1926 4730 2036 4788 Deo
2060 4746 2169 4788 non
2195 4731 2394 4786 audent
2411 4742 2761 4804 occurrere,
2793 4752 2865 4796 et
2889 4722 3415 4818 coffdssmiesutz

1923 4832 1981 4880 et
2013 4824 2225 4897 propria
2263 4820 2602 4889 infirmitate,
2637 4827 2968 4893 voluntati
3015 4822 3309 4908 einaim
3334 4809 3429 4869 wli,

1925 4918 2146 4973 student
2172 4917 2579 4985 obtemperare,
2614 4924 2820 4991 atque
2862 4929 2949 4986 ita
2993 4946 3059 4988 se
3095 4910 3429 5000 ipsosltiffiffi

1921 5017 2150 5063 caeteros
2184 5021 2287 5061 non
2321 5003 2592 5075 judicant,
2630 5013 2751 5067 sed
2789 5016 2921 5074 Deo
2949 5021 3188 5077 omnim
3211 4993 3430 5084 judieii&

1918 5100 2063 5157 ciunt
2095 5097 2489 5168 derelinqnnnt.

1990 5191 2059 5248 V.
2094 5191 2229 5247 Cum
2269 5192 2389 5261 quis
2421 5202 2481 5245 se
2515 5190 2713 5262 ipsum
2771 5199 2903 5260 Deo
2942 5214 3127 5263 mmm
3159 5190 3380 5257 addixerit,
3406 5186 3430 5230 ⁶

1918 5302 1984 5342 ex
2013 5286 2291 5342 voluntate
2313 5283 2431 5355 cius
2460 5282 2768 5351 perlectus
2796 5294 3144 5366 dmm,
3173 5306 3281 5351 mne
3303 5289 3342 5341 ia
3360 5280 3432 5335 ἰδ’

1918 5377 2215 5434 viventium
2242 5392 2303 5433 sc
2337 5375 2604 5444 scriptum
2640 5378 2948 5456 invente„
2977 5401 3038 5446 et
3067 5387 3232 5460 „3215
3255 5373 3432 5437 mus*

1922 5478 2011 5525 tur
2057 5484 2182 5526 enm
2226 5467 2464 5525 sinistra
2517 5469 2827 5543 principes
2869 5482 3155 5537 evasisse,
3195 5474 3320 5530 Tunc
3362 5465 3434 5517 iun

1922 5560 2113 5620 beatos
2154 5561 2379 5635 spiritns
2415 5561 2717 5619 consistet.
2753 5569 2831 5625 Αι
2863 5572 3010 5629 dnm
3045 5572 3186 5644 viget
3215 5563 3391 5625 bellna.
3412 5547 3439 5601 Β

297 5706 414 5779 (16)
458 5705 642 5767 Parae.
679 5708 854 5770 Malim
909 5715 1145 5785 imperat.
1169 5714 1584 5773 lit-stitutionem
1609 5719 1821 5787 suadet,
1852 5720 1997 5792 quod
2030 5736 2152 5779 mox
2188 5719 2436 5792 seqnitur
2462 5718 2781 5790 pret-cipiet,
