3725 6125
107 326 259 386 §4¹13

1162 319 1221 376 S.
1263 318 1465 374 tSAtAE
1504 318 1796 375 Atinatis
1831 316 2251 375 onATtONEs.

3232 309 3365 370 Mu

106 444 311 502 timore
359 447 611 495 versatur
650 436 852 502 bomo;
899 444 954 492 et
999 451 1044 492 st
1083 437 1243 494 hodie
1282 439 1469 506 vincit,
1519 440 1691 495 nescit
1722 448 1763 504 Α
1791 436 2064 494 concidat.
2095 437 2340 492 Charitas
2364 449 2495 491 vcro
2526 449 2795 503 »tunquam
2826 432 3044 501 excidit,
3063 434 3157 490 sed
3190 433 3368 489 omnia

112 543 299 592 utrum
345 547 469 588 cras
503 530 748 585 victurus
795 528 903 595 sit;
943 529 1163 600 ancipiti
1211 531 1355 585 enim
1395 531 1690 586 certamine

116 641 217 682 eor
261 635 345 682 est
385 635 732 693 suspensum.
770 620 843 674 At
870 619 963 690 qui
999 620 1112 690 jam
1143 620 1387 675 bravium
1424 622 1688 691 percepit,

116 714 443 787 tranquillus
472 721 577 778 est,
615 725 718 768 nee
746 709 962 775 metuit,
992 725 1247 779 quorsum
1281 720 1392 767 tres
1421 711 1525 767 illae
1561 728 1689 782 par-

124 816 207 862 tes
250 805 493 868 tendant,
529 814 652 872 quae
683 798 795 871 jam
823 796 882 852 in
920 798 1031 855 Deo
1064 790 1184 854 curii
1218 813 1353 870 paee
1388 803 1691 870 conjnnctae

122 904 269 961 sunt,
313 892 489 947 anima
538 890 825 956 nimirum,
865 894 922 945 et
975 902 1195 959 corpus,
1247 899 1303 945 et
1342 890 1586 961 spiritus,
1632 900 1693 946 ιιι

121 985 205 1040 ait
245 981 529 1055 Apostolus
566 982 639 1035 ⁸².
684 978 827 1036 Cum
855 978 1002 1033 enim
1045 979 1162 1036 ltaee
1204 979 1308 1035 tria
1352 996 1450 1050 per
1491 995 1689 1050 opera-

19 1083 32 1120 Ξ
128 1074 321 1130 tionem
362 1072 609 1142 Spiritus
650 1067 825 1124 sancti
855 1084 1019 1124 unum
1056 1059 1277 1138 suerint,
1331 1069 1563 1140 amplius
1602 1086 1690 1127 se-

19 1177 37 1212 !
108 1164 257 1236 jungi
288 1170 593 1233 nequeunt.
618 1158 852 1216 Christus
880 1160 1025 1216 enim
1053 1173 1292 1216 mortuus
1318 1171 1415 1227 est,
1437 1171 1483 1215 et
1515 1177 1690 1216 resur-

19 1269 43 1317 t;
112 1260 271 1319 mit,
309 1266 359 1309 et
389 1251 624 1323 nutplitts
672 1268 775 1308 ιιοιι
810 1254 1066 1319 moritui-3
1108 1270 1252 1309 mors
1281 1255 1364 1310 illi
1409 1256 1555 1311 ultra
1586 1272 1690 1311 non

19 1359 41 1398 ιι
109 1344 483 1400 dontinubitur
499 1341 575 1408 ²⁸3
598 1355 719 1396 nam
748 1355 895 1398 tnors
925 1342 1042 1413 ejus
1068 1342 1216 1399 salus
1238 1343 1394 1400 nobis
1419 1343 1559 1400 iacta
1582 1354 1686 1402 est.

19 1453 33 1508 ι
112 1433 183 1490 Et
222 1447 322 1503 per
352 1437 581 1486 mortem
602 1428 719 1499 eius
740 1439 1022 1501 peceatum
1065 1431 1298 1488 deletum
1329 1441 1416 1488 est
1452 1433 1504 1487 in
1545 1448 1674 1503 per·

20 1551 29 1586 ,
112 1531 368 1594 petnum.
406 1518 475 1575 Et
498 1521 823 1577 resurreetio
852 1521 1020 1591 ipsius
1047 1522 1155 1577 vita
1181 1521 1322 1577 saeta
1350 1532 1434 1579 est
1461 1523 1692 1578 ereden-

118 1610 269 1666 tibus
306 1611 359 1666 in
388 1626 534 1679 eum,
567 1619 626 1667 ιιι
656 1611 711 1667 iu
740 1611 851 1668 Deo
890 1613 1097 1680 vivant,
1128 1622 1182 1668 et
1200 1611 1427 1682 justitiae
1454 1612 1690 1668 fructum

116 1698 370 1758 afferant.
406 1700 489 1758 Ne
528 1701 721 1759 vicisse
758 1709 812 1759 te
839 1714 1017 1774 putes.
1055 1702 1182 1758 dnm
1227 1718 1455 1773 pugnas.
1487 1702 1692 1758 Militia

1790 538 1990 598 sperat,
2019 538 2067 584 et
2098 527 2286 593 credit,
2315 538 2365 582 et
2394 526 2617 582 sustinet
2647 526 2715 584 ⁸⁸.

1864 617 1971 673 Vll.
2012 619 2058 674 θ
2089 633 2249 688 quam
2277 617 2547 674 laboriosa
2574 624 2656 674 cst
2685 615 2767 670 via
2800 614 2893 671 Dei
2921 612 3195 685 lAngusta
3222 613 3370 669 enim

1789 717 1890 773 est,
1924 718 1978 762 ut
2013 709 2126 776 ipse
2158 708 2253 769 ait.
2282 717 2459 778 porta,
2488 716 2538 762 et
2572 718 2718 762 arcta
2753 714 2828 762 est
2856 705 2942 760 via
2971 720 3087 775 quoe
3119 705 3267 760 ducit
3300 704 3372 760 ad

1791 798 1973 863 vitam,
2008 808 2056 852 et
2112 799 2269 866 pauci
2299 808 2442 865 sunt,
2471 798 2561 867 qui
2596 797 2867 852 intercinat
2893 812 3009 851 eant
3034 796 3104 851 ¹⁸.
3137 795 3248 852 Nos
3273 811 3372 851 au·-

1790 894 1902 942 tcm
1929 888 2130 945 inertes
2152 898 2207 944 et
2232 889 2408 951 ignavi
2435 898 2491 944 et
2519 888 2880 959 voluptatibus
2910 886 3097 954 dediti,
3129 886 3367 958 quietem

1790 979 1846 1035 in
1878 995 1944 1035 eo
1972 981 2131 1037 sitam
2168 981 2439 1045 ducimus,
2473 981 2614 1050 qnod
2656 983 2846 1051 jugum
2881 979 3026 1035 illius
3056 994 3162 1034 non
3187 987 3365 1050 gesta-

1790 1088 1913 1126 ntns
1939 1073 2032 1142 qui
2081 1073 2219 1128 dixit
2249 1092 2263 1128 :
2303 1072 2492 1128 Tollite
2518 1073 2710 1143 jupam
2756 1088 2927 1127 meum
2969 1086 3126 1140 super
3160 1087 3281 1136 vos,
3311 1078 3364 1127 ee

1788 1161 1975 1217 discite
2003 1182 2034 1218 a
2059 1181 2158 1229 nte,
2198 1166 2324 1235 quia
2347 1164 2490 1218 mitis
2533 1179 2650 1217 aum
2672 1174 2718 1217 et
2755 1161 2970 1218 [intuitis
2993 1162 3171 1227 eorde,
3201 1171 3249 1216 et
3285 1161 3366 1215 itt·

1789 1253 2003 1307 venietis
2027 1254 2256 1322 requiem
2278 1253 2557 1307 animabus
2579 1252 2785 1306 uestris.
2811 1250 3011 1319 Iugum
3029 1252 3167 1306 enim
3191 1266 3365 1305 meum

1790 1359 1951 1398 suave
1980 1354 2079 1410 ese,
2109 1353 2159 1398 et
2190 1360 2324 1398 onus
2358 1360 2531 1399 meum
2559 1344 2666 1398 lece
2700 1343 2768 1396 ⁸⁰.
2792 1342 2924 1410 Quis
2962 1343 3178 1412 sapiens
3203 1357 3268 1398 ae
3300 1343 3368 1398 ti-

1792 1446 1950 1489 mens
1967 1431 2135 1489 Deum
2160 1448 2265 1489 non
2284 1432 2536 1490 omnibus
2557 1433 2764 1489 viribus
2784 1432 3085 1500 contendit,
3107 1439 3167 1488 ιιι
3189 1433 3366 1489 divina

1794 1523 2048 1578 mandata
2077 1524 2364 1587 custodiat,
2398 1533 2454 1579 et
2489 1534 2664 1579 tamen
2702 1539 2824 1579 cum
2858 1525 3038 1580 omnia
3071 1522 3280 1593 iecerit,
3308 1540 3370 1581 su

1793 1612 2072 1685 indignum
2103 1615 2371 1685 agnoseit,
2413 1614 2509 1685 qni
2535 1614 2626 1670 Dei
2662 1629 2857 1670 nomen
2900 1616 3157 1672 invocet?
3186 1616 3370 1672 Domi-

1796 1721 1900 1761 nus
1945 1715 2130 1762 noster
2177 1704 2335 1763 lesus
2364 1706 2620 1764 Christus
2660 1717 2878 1778 propter
2914 1723 3011 1764 nos
3063 1707 3239 1764 iactus
3284 1718 3369 1765 est

116 1794 267 1848 enim
291 1803 368 1849 est
397 1794 504 1849 viee
542 1793 771 1850 leoninis
804 1810 964 1865 super
992 1803 1190 1849 terram
1236 1794 1303 1849 ¹⁸.
1337 1792 1463 1850 Sive
1504 1793 1684 1861 vigile·
1723 1794 1767 1852 B
1794 1792 1978 1861 bomo,
2005 1805 2066 1850 ut
2089 1794 2441 1867 aegritudines
2467 1806 2683 1850 nostras
2703 1806 2942 1862 curaret,
2974 1806 3035 1851 ut
3069 1798 3366 1853 secundum

116 1897 265 1946 tuus,
294 1882 409 1939 sive
446 1882 799 1949 dirmiamus,
844 1897 949 1939 non
988 1893 1167 1939 eessat
1204 1897 1303 1939 nos
1348 1884 1694 1939 adversarius

24 2039 29 2044 ,
114 1986 452 2044 oppugnare.
501 1972 602 2042 Qui
645 1973 700 2028 in
735 1973 913 2030 stadio
956 1984 1179 2046 pugnat,
1219 1976 1266 2031 si
1303 1975 1541 2045 prudens
1585 1981 1691 2040 est,

114 2072 248 2118 aute
298 2063 577 2119 victoriam
630 2064 960 2135 praeconium
1015 2081 1120 2121 non
1165 2071 1330 2122 canit.
1379 2065 1695 2134 Imprudens

112 2162 325 2217 autent,
352 2161 407 2208 et
436 2153 483 2208 si
515 2153 683 2218 cadit,
722 2163 899 2209 tamen
932 2154 1232 2220 extollitur,
1259 2165 1314 2210 et
1347 2167 1405 2211 se
1436 2156 1692 2210 victorem

112 2245 424 2301 existimat.
466 2245 675 2302 ldcireo
726 2245 1022 2310 Dominus,
1064 2263 1188 2301 cum
1235 2246 1530 2317 discipulos
1566 2262 1695 2303 suos

122 2332 364 2390 mitteret
394 2334 462 2390 ad
492 2334 889 2406 praedicandum
921 2352 935 2390 ε
970 2334 1271 2402 Neminem,
1307 2336 1503 2407 inqnit,
1529 2339 1586 2392 in
1610 2338 1695 2392 via

111 2425 477 2481 salutaveritis
488 2441 511 2490 ,·
540 2428 594 2481 itt
618 2427 830 2481 domam
869 2435 1044 2480 autem
1078 2443 1197 2480 cum
1232 2429 1578 2495 intrat-eritis,
1609 2444 1695 2483 sa-

22 2507 31 2516 '
104 2513 319 2582 lateam
356 2524 406 2570 ct
440 2515 491 2570 si
534 2515 609 2571 ibi
640 2515 800 2586 fuerit
830 2515 981 2588 filius
1017 2518 1183 2586 pacis,
1224 2519 1368 2589 apud
1417 2534 1537 2575 eum
1575 2537 1694 2575 mu·

19 2591 41 2643 l*
102 2616 229 2664 nete
255 2607 323 2664 ¹⁸.
355 2607 423 2662 Et
457 2607 684 2665 Elisaeus
713 2609 783 2665 ad
811 2607 984 2677 Giezi,
1015 2625 1138 2665 cum
1173 2625 1296 2665 eum
1326 2610 1597 2668 mitteret:
1630 2612 1694 2669 Si

19 2697 47 2738 ¹²
104 2699 427 2764 occurrerit,
464 2700 661 2770 inquit,
700 2699 796 2756 tibi
833 2698 1012 2767 Ιιοιιιο,
1056 2717 1120 2755 ne
1152 2701 1349 2757 salutes
1380 2718 1495 2756 eum
1516 2721 1537 2771 ,-
1571 2714 1617 2759 et
1647 2705 1694 2759 si

20 2791 47 2833 Β
108 2789 421 2847 manserit
452 2801 502 2846 u
537 2792 820 2862 quispiam,
856 2807 921 2846 ne
954 2792 1273 2861 respondeas
1304 2793 1385 2847 illi
1411 2794 1477 2849 ⁸⁸.
1508 2792 1694 2866 Neque

19 2887 51 2927 τ
116 2892 302 2938 tamen
335 2878 486 2938 Giezi
518 2895 744 2951 puerum
768 2881 1073 2940 suscitavit.
1104 2881 1175 2936 At
1198 2898 1319 2938 cnm
1353 2886 1590 2941 venisset
1612 2885 1691 2941 vir

20 2982 57 3042 ιε
114 2971 251 3040 Dei,
283 2971 419 3029 vidit
460 2987 682 3043 puerum
719 2970 995 3044 jacentem
1032 2971 1088 3027 in
1136 2971 1350 3037 lectulo,
1394 2987 1450 3031 et
1497 2977 1693 3035 clausit

19 3075 61 3127 si
112 3066 319 3125 ostium
366 3081 529 3137 super
562 3080 641 3135 se,
672 3074 726 3121 et
770 3079 935 3137 super
968 3064 1152 3132 illum,
1187 3075 1245 3122 et
1295 3082 1418 3123 cum
1467 3071 1693 3142 singulis

1792 1885 2080 1953 spiritum,
2134 1902 2239 1942 non
2272 1887 2570 1942 secundum
2621 1902 2840 1943 carnem
2894 1888 3269 1952 ambulemus.
3315 1898 3369 1946 et

1792 1972 1978 2030 Patris
2006 1973 2331 2029 voluntatem
2369 1974 2524 2030 nobis
2554 1975 2826 2045 patefecit.
2859 1976 2926 2031 Et
2956 1976 3235 2048 discipulis
3255 1977 3370 2034 suis

1793 2061 1929 2117 dixu
1962 2083 1979 2119 ι
2016 2062 2148 2119 Cum
2178 2065 2405 2134 feceritis
2442 2071 2622 2120 omnia
2652 2083 2769 2136 quoe
2802 2069 3052 2138 praecipio
3082 2070 3244 2138 vobis,
3282 2070 3369 2126 di·

1794 2152 1895 2205 cite
1914 2165 1935 2204 .·
1963 2151 2114 2208 Servi
2144 2154 2361 2209 inutiles
2384 2170 2604 2220 sumus:
2639 2156 2826 2211 etenim
2852 2158 2992 2229 qnod
3007 2158 3250 2215 debemus
3282 2157 3371 2230 {n-

1794 2255 1930 2306 eere,
1973 2240 2194 2311 fecimus
2225 2243 2291 2297 ⁸¹.
2341 2243 2399 2299 Si
2426 2245 2548 2315 quis
2587 2245 2830 2317 viperam
2869 2257 2962 2302 ant
3001 2250 3369 2319 scorpionem,

1794 2339 1889 2383 aut
1917 2328 2118 2402 aliquid
2142 2330 2288 2388 aliud
2321 2333 2638 2403 pestiferum
2664 2335 2878 2402 viderit,
2918 2337 3111 2394 timore
3142 2349 3356 2408 perter-

1803 2419 1944 2476 ritus
1974 2422 2109 2493 sugit
2136 2440 2151 2477 ε
2187 2433 2243 2479 et
2271 2424 2586 2495 imprudens
2610 2438 2773 2498 atque
2800 2428 2981 2484 infelix
3005 2429 3208 2495 anima,
3239 2444 3361 2486 eum

1796 2512 2073 2570 mortifera
2114 2525 2323 2582 cernat,
2356 2533 2461 2575 non
2495 2517 2631 2588 sugit
2668 2534 2846 2597 neque·
2866 2521 3092 2587 recedit,
3123 2521 3220 2577 sed
3254 2536 3351 2577 au-

1796 2606 1984 2660 dacter
2004 2619 2127 2661 eum
2154 2606 2260 2663 illis
2286 2618 2555 2666 versatur.
2584 2609 2708 2668 ldeo
2727 2613 2947 2677 sterilis,
2971 2622 3025 2668 et
3042 2612 3162 2670 sine
3185 2611 3363 2670 fructu

1796 2705 2009 2768 tempus
2038 2710 2199 2754 omne
2221 2701 2508 2757 consumit.

2337 2791 2592 2851 ottavo
2631 2792 2821 2850 xxtV.

2331 2884 2405 2939 De
2431 2885 2834 2954 tranquillima.

1877 2974 1931 3030 lu
1971 2977 2233 3033 virtutum
2271 2976 2358 3034 via
2387 2987 2470 3033 est
2501 2978 2705 3046 lapsus,
2733 2985 2860 3034 sunt
2890 2977 3113 3044 inimici,
3141 2987 3228 3036 est
3255 2994 3370 3036 mn-

1800 3066 1972 3133 tatio,
2024 3076 2108 3125 est
2141 3069 2321 3139 copia,
2361 3080 2447 3125 est
2488 3069 2854 3132 mediocritas.
2892 3079 2979 3125 est
3021 3070 3232 3143 inopia,
3273 3080 3365 3128 est

19 3174 65 3217 ιι
113 3156 366 3215 sensibus
406 3156 688 3229 pugnavit,
729 3154 1179 3226 descendensque
1229 3155 1283 3211 in
1326 3157 1487 3216 domo
1526 3152 1764 3218 semele
1798 3160 2082 3227 moestitia,
2124 3171 2204 3217 est
2233 3163 2508 3234 gandium,
2536 3173 2620 3218 est
2646 3163 2811 3219 animi
2843 3161 2994 3220 labor
3014 3171 3073 3222 et
3092 3164 3359 3235 augustia.

42 3264 71 3309 ι-
110 3248 223 3307 ltue
248 3258 410 3321 atque
443 3247 571 3305 illue
597 3247 987 3312 deambulavit.
1021 3255 1219 3303 etcum
1252 3249 1514 3307 calefacta
1546 3262 1695 3309 esset

20 3354 73 3406 s
106 3354 241 3399 earo
260 3340 441 3412 pueri,
480 3355 582 3412 per
609 3339 950 3396 voluntatem
982 3336 1220 3410 Spiritus
1247 3339 1341 3397 Dei
1367 3343 1540 3414 aperti
1566 3353 1695 3403 sunt

19 3452 71 3501 ιι
100 3428 251 3491 oculi
280 3430 423 3498 ejus.

19 3538 73 3585 „a
182 3516 283 3573 Vl.
324 3516 467 3583 Quid
499 3516 745 3571 dicemus
773 3531 876 3574 nos
904 3516 1105 3586 miseri,
1138 3522 1230 3594 qui
1259 3522 1484 3594 gloriam
1509 3527 1692 3583 mnndi

20 3632 53 3675 't
115 3605 408 3676 diligimus
440 3604 619 3676 magis
657 3621 819 3677 quam
860 3606 1083 3681 gloriam
1116 3612 1251 3669 Dei?
1288 3614 1390 3683 Qui
1424 3629 1525 3673 nec
1556 3633 1694 3689 qno-

19 3728 65 3775 ,ρ
120 3698 290 3755 modo
318 3698 677 3769 pugnandum
706 3700 799 3767 sit,
829 3710 924 3757 aut
964 3702 1035 3759 ad
1071 3707 1315 3774 requiem
1365 3709 1696 3764 contenden-

19 3820 59 3866 s,
122 3790 287 3855 dum,
307 3788 729 3858 consideramus,
749 3804 847 3848 nee
866 3790 960 3851 Dei
977 3794 1300 3865 patientiam
1324 3796 1692 3871 intelligimus,

20 3914 53 3978 μ
119 3882 225 3956 qui
272 3896 395 3939 eunt
438 3882 581 3943 bono
609 3882 785 3941 fructu
818 3885 953 3943 sinit
994 3887 1211 3945 zizania
1253 3906 1532 3960 crescet-03
1592 3910 1695 3952 nee

20 4006 63 4057 Ι,
123 3974 448 4047 priusquam
488 3973 576 4031 ille
631 3977 859 4032 ereverit
894 3978 1275 4051 perfectusque
1307 3983 1399 4048 sit,
1430 3987 1693 4055 permittit

19 4104 61 4155 ſtr-
120 4075 187 4123 ιι
216 4067 427 4123 zizania
453 4066 791 4139 colligantur.
820 4066 1057 4125 EtGiezi
1083 4071 1293 4130 itineris
1319 4090 1535 4132 cursum
1561 4093 1697 4135 con·

19 4204 67 4243 4,
116 4158 278 4227 coeit,
300 4158 401 4217 aed
427 4170 605 4216 tamen
634 4175 739 4218 uon
776 4161 951 4232 potnit
980 4176 1209 4232 puerum
1242 4168 1535 4236 suscitare,
1566 4172 1694 4241 qnia

20 4236 71 4339 ’μ
119 4252 316 4311 dilexlt
342 4254 569 4326 gloriam
599 4255 875 4314 bominum
908 4259 1082 4330 magis
1105 4252 1269 4332 ‘qnam
1302 4263 1525 4335 gloriam
1571 4265 1690 4321 Dei.

19 4382 71 4443 μ
112 4344 279 4403 Beati
308 4345 451 4403 oculi
480 4346 571 4417 qui
598 4361 721 4405 eum
752 4348 1061 4406 humilitate
1087 4353 1152 4407 ad
1184 4353 1346 4409 Deum
1374 4357 1691 4427 respiciunt,

19 4484 75 4553 ρ
109 4444 179 4495 οι
225 4435 443 4494 sollieitl
490 4447 617 4494 sunt
648 4439 920 4509 quomodo
951 4452 1144 4498 curent
1192 4444 1410 4500 vulnera
1462 4463 1584 4512 sua,
1636 4457 1692 4504 et

24 4536 345 4635 “paee-ta
389 4528 646 4601 lacrymis
681 4530 910 4587 abluunt
955 4546 1021 4588 ae
1060 4535 1269 4589 veniam
1305 4537 1687 4604 deprecantur.

70 4620 215 4685 ,Vn
254 4616 365 4675 illis
394 4618 487 4691 qui
517 4628 727 4691 tempus
757 4635 1104 4691 consumunt,
1136 4634 1435 4697 putantque
1471 4644 1530 4684 se
1571 4644 1695 4685 esse

20 4696 241 4821 ΗζιΙιιο
261 4711 529 4783 peccans,
556 4719 613 4769 et
638 4715 917 4785 propriam
942 4714 1259 4771 conculcant
1280 4718 1695 4784 conscientiam,

90 4818 223 4865 nee
251 4802 446 4861 volunt
473 4804 850 4876 poenitentiam
884 4821 1065 4877 agere.
1097 4806 1347 4878 Agricola
1379 4808 1470 4877 qui
1505 4822 1696 4864 semen

19 4864 283 4957 *funum
306 4894 470 4967 iacit,
495 4895 601 4952 nisi
640 4897 929 4968 germinet,
961 4897 1207 4969 queritur
1238 4898 1381 4968 quod
1418 4906 1698 4968 sumptum

18 4956 157 5069 itti-u
216 4999 450 5058 „peram
500 4988 814 5055 perdiderit.
850 4989 942 5045 Sic
989 4997 1046 5043 et
1101 4988 1262 5044 bomo
1312 4989 1437 5046 licet
1491 4991 1700 5047 noverit

20 5058 383 5153 ”mysteria
422 5079 626 5145 omnia,
671 5089 725 5135 et
754 5093 971 5135 omnem
1010 5079 1291 5136 seientiam
1324 5080 1397 5148 2',
1420 5090 1476 5135 et
1509 5081 1697 5137 feeerit

19 5136 358 5233 ‘'vlu-tutes
388 5171 587 5227 multas
615 5181 671 5228 et
702 5172 1033 5238 curationes,
1065 5173 1338 5243 variisque
1366 5188 1427 5229 se
1446 5171 1695 5229 afflictio·

60 5262 288 5327 auibus
342 5257 623 5325 affecerit,
675 5262 780 5318 nisi
832 5262 1113 5318 charitatis
1162 5261 1374 5319 tructus
1430 5263 1696 5334 aspiciat,

20 5326 331 5423 ''massuo
366 5348 506 5408 affici
546 5353 741 5409 timore
771 5352 951 5408 debet.
987 5353 1236 5425 Undique
1273 5353 1416 5409 enim
1448 5353 1695 5409 inimieo-

19 5412 249 5529 τινα
298 5435 606 5509 fraudibus,
659 5441 874 5499 insidiis
923 5449 979 5498 et
1014 5442 1153 5498 dolis
1204 5452 1584 5513 oppugnatur,
1639 5451 1700 5498 ιιι

1797 3258 1881 3305 est
1910 3252 2088 3321 quies,
2114 3263 2197 3308 est
2221 3255 2551 3322 progressio,
2579 3267 2665 3311 est
2689 3258 2791 3312 vis.
2830 3256 2933 3311 lter
2954 3257 3098 3313 enim
3131 3256 3364 3328 agimus,

1790 3343 1968 3399 donee
2002 3342 2074 3397 ad
2112 3345 2352 3414 requiem
2403 3348 2802 3414 perveniamus.
2852 3347 3239 3417 Tranquillitas
3269 3364 3369 3404 au·

1797 3442 1903 3489 tem
1933 3432 2000 3488 ab
2028 3433 2283 3489 omnibus
2300 3441 2382 3489 est
2406 3433 2902 3506 perturbationibus
2925 3451 3114 3500 vacua.
3142 3445 3199 3493 et
3222 3438 3366 3495 nulla

1793 3535 1855 3578 re
1889 3521 2111 3593 indiget.
2147 3521 2243 3577 Est
2267 3523 2413 3579 enim
2450 3524 2504 3581 in
2531 3525 2658 3589 Deo,
2691 3533 2745 3579 et
2787 3524 2926 3579 Deus
2953 3524 3004 3579 in
3037 3523 3149 3583 illa.
3178 3525 3360 3583 iuimi-

1794 3625 1888 3668 cos
1932 3627 2039 3679 non
2087 3613 2271 3680 babet,
2317 3629 2421 3671 non
2465 3614 2693 3686 lapsum,
2752 3632 2856 3671 non
2907 3616 3360 3687 incredulitatem,

1793 3715 1903 3756 nou
1963 3703 2384 3772 perturbationis
2437 3705 2671 3761 laborem
2692 3749 2708 3771 ,
2759 3721 2863 3763 non
2915 3708 2991 3764 rei
3044 3709 3363 3782 cujusquam

1792 3792 2164 3864 cupiditatem.
2208 3797 2423 3868 Magnae
2456 3797 2688 3868 denique
2735 3808 2899 3868 atque
2942 3800 3369 3859 innumerabiles

1795 3894 1923 3941 sunt
1952 3885 2096 3943 illius
2138 3886 2314 3943 dotes.
2362 3888 2445 3944 Ab
2488 3890 2589 3943 bac
2617 3888 2805 3958 procul
2832 3891 3010 3957 abest,
3046 3892 3141 3963 qui
3183 3892 3367 3965 aliqua

1795 3974 2005 4032 laborat
2032 3977 2459 4048 perturbatione.
2504 3977 2628 4035 llaec
2661 3989 2744 4035 est
2782 3980 2871 4038 illa
2906 3982 3175 4051 charitas,
3202 3999 3368 4057 quam

1794 4082 1897 4124 nos
1933 4067 2195 4124 Dominus
2239 4067 2401 4127 Jesus
2444 4069 2624 4126 docuit
2671 4072 2926 4128 omnibus
2963 4074 3244 4133 exhibere.
3285 4078 3369 4134 Ad

1796 4159 1938 4214 banc
1978 4159 2208 4229 imperiti
2248 4160 2493 4215 nonnulli
2535 4171 2727 4230 putant
2773 4176 2833 4216 se
2862 4163 3202 4232 pervenisse,
3241 4179 3366 4221 cum

1794 4251 1975 4305 adbuc
1999 4249 2164 4304 animi
2190 4250 2391 4307 morbis
2415 4251 2753 4318 divexentur,
2776 4260 2830 4307 et
2860 4251 3103 4321 corporis
3132 4252 3368 4309 immun-

1795 4341 1928 4395 ditia
1954 4342 2231 4406 sordeant,
2256 4350 2311 4396 et
2341 4342 2412 4398 ab
2434 4342 2580 4397 omui
2610 4342 2810 4398 virtute
2846 4343 2957 4399 sint
2988 4343 3363 4401 remotissimi.

1799 4430 2070 4505 ignoscite
2102 4433 2249 4497 mihi,
2285 4448 2468 4504 quaeso
2493 4446 2593 4504 per
2621 4431 2787 4488 Deum
2812 4453 2825 4489 ε
2864 4435 2950 4491 cui
2980 4435 3151 4505 gloria
3179 4436 3232 4493 in
3263 4450 3368 4494 sn·

1797 4522 1918 4577 cula
1947 4521 2287 4579 saeculorum.
2317 4525 2513 4579 Amen.

2347 4613 2604 4671 Quarto
2636 4615 2803 4672 XXV.

1872 4703 2126 4775 Ejusdem
2155 4705 2225 4760 ad
2257 4702 2473 4761 Petrum
2505 4706 2741 4761 abbatem
2768 4706 3082 4777 discipulum
3119 4724 3294 4765 suum.

1867 4794 1906 4849 l.
1948 4793 2100 4862 Quod
2145 4795 2341 4869 scribis
2368 4795 2435 4851 ad
2470 4811 2577 4862 me,
2610 4804 2664 4852 te
2692 4796 2831 4852 velle
2859 4806 3203 4866 peccatorum
3242 4809 3362 4854 tuo-

1795 4903 1915 4942 rum
1954 4888 2330 4957 poenitentiam
2353 4905 2535 4961 agere,
2564 4891 2609 4947 si
2640 4891 2781 4947 Deus
2817 4899 2868 4945 te
2893 4891 2963 4945 ab
2990 4888 3152 4959 hujus
3178 4892 3360 4948 mundi

1795 4978 2162 5035 sollieitudine
2192 4980 2522 5048 liberaverit,
2557 4992 2703 5039 recte
2726 4982 2880 5038 dicis.
2907 4981 3052 5038 Fieri
3071 4980 3215 5038 enim
3247 4994 3355 5037 non

1796 5080 1995 5143 potest,
2027 5081 2085 5125 ut
2117 5087 2269 5128 nuens
2305 5075 2484 5131 soeculi
2523 5074 2671 5131 curis
2712 5073 2966 5130 obvoluta
2991 5072 3104 5130 Deo
3132 5073 3360 5131 serviat.

1794 5160 1920 5217 Non
1945 5164 2180 5233 potestis,
2204 5164 2379 5235 inquit
2404 5164 2682 5230 Dominus,
2717 5166 2827 5220 Deo
2859 5166 3056 5221 unire
3093 5175 3143 5219 et
3183 5181 3350 5220 mam-

1792 5271 1962 5310 monoe
1991 5255 2058 5311 ⁸².
2096 5256 2200 5311 Pet·
2232 5271 2596 5313 mammonam
2622 5259 2800 5313 omnia
2829 5259 3012 5314 mundi
3045 5259 3265 5329 negotia
3291 5261 3364 5311 si-

1790 5346 2027 5416 gniticat.
2053 5346 2184 5416 Quae
2208 5348 2420 5419 quidem
2449 5350 2609 5406 bomo
2637 5349 2739 5405 nisi
2765 5349 3069 5420 reliquerit,
3102 5350 3213 5406 Deo
3237 5365 3360 5406 ser·

1793 5440 1910 5498 vire
1942 5455 2047 5498 non
2077 5450 2275 5513 potest.
2309 5443 2402 5501 Dei
2431 5445 2666 5501 servitus
2688 5443 2937 5515 requirit,
2970 5452 3030 5499 ιιι
3052 5443 3182 5501 dum
3211 5443 3357 5499 illum

19 5598 61 5639 ι’
174 5612 245 5651 ⁸⁸
281 5611 305 5669 t
345 5614 537 5673 Thess.
565 5632 619 5677 v.
647 5617 737 5673 23.
804 5618 850 5650 ²⁸
877 5617 1033 5673 Rom.
1064 5634 1137 5683 vt,
1160 5616 1214 5673 9.
1289 5616 1455 5672 ”lob
1505 5631 1603 5683 vn,
1631 5618 1681 5673 ἱ.
1758 5618 1805 5651 '⁸
1845 5616 1972 5671 Luc.
2001 5634 2056 5684 x,
2091 5618 2157 5683 «l,
2188 5618 2242 5673 5.
2317 5619 2364 5651 ¹⁸
2397 5618 2462 5675 lv
2503 5618 2636 5691 ch.
2669 5635 2741 5683 ιν,
2778 5618 2870 5676 29.
2947 5618 2992 5651 ¹*
3025 5616 3044 5672 Ι
3081 5614 3205 5671 Gor.
3239 5624 3359 5681 xttt,

19 5682 165 5745 ’Ὦ.
256 5685 309 5719 ¹⁰
347 5686 474 5743 ibid.
511 5688 563 5753 8,
593 5689 643 5742 7.

720 5690 765 5718 ¹·
807 5688 995 5744 ΜιιιιΙι.
1045 5704 1142 5753 vn,
1184 5687 1266 5743 Η.
1344 5689 1388 5720 ³·
1428 5686 1619 5744 itanu.
1666 5701 1743 5755 ιι,
1776 5686 1869 5755 9-9,
1909 5687 1995 5744 50.
2074 5689 2114 5720 ³¹
2151 5696 2282 5745 huc.
2312 5704 2444 5757 xvtt,
2490 5690 2574 5747 to.
2648 5690 2694 5722 ⁸²
2727 5690 2917 5748 Matth-
2951 5684 3145 5756 met.
