3725 6125
321 341 349 397 t
360 340 427 397 87

1587 328 1642 385 S.
1682 326 1957 383 As‘rnttt
1997 322 2298 380 AMAsmtt

323 454 684 526 pretiosorum
740 452 1038 522 tram-autes
1103 446 1302 502 hatitus
1365 453 1768 502 consectentur.
1831 440 1888 496 ln
1924 448 1964 507 Α
1995 440 2103 511 γὰρ
2131 440 2384 493 τοιούτων
2411 438 2505 492 καὶ
2529 438 2559 492 ὀ
2591 437 2818 501 Ἡσαΐας
2847 437 3089 509 σφοδρῶς
3127 437 3276 492 ἐστιν
3325 438 3571 509 κατήγο-

328 542 464 600 tales
504 543 642 600 enitn
673 540 839 597 isaias
866 553 1080 611 quoque
1123 539 1323 593 acriter
1358 536 1629 592 invehitur
1650 538 1717 589 ¹¹.
1754 535 1890 603 Quin

326 650 521 691 manns
559 647 770 703 quoque
817 630 1128 687 meminisse
1184 630 1555 684 mandatorum
1598 628 1793 691 debet,
1831 644 1896 683 ae

328 738 538 785 cavere,
566 738 633 778 ne
656 722 960 791 promiscue
988 720 1385 790 qualiacunque
1421 728 1737 775 contrectet.
1764 719 1895 775 Pro—

332 814 582 874 tendatur
607 813 671 867 ad
697 812 1128 882 eleemosynam,
1162 826 1269 866 non
1310 811 1377 864 ad
1405 811 1684 880 rapinam;
1715 819 1897 866 servet

323 904 538 975 propria
558 944 574 963 .
603 918 706 958 non
747 902 964 974 'colligat
993 911 1157 971 atque
1190 910 1492 969 comportet
1522 901 1694 955 aliena
1730 919 1746 971 ;
1772 915 1897 957 eor-

321 1008 453 1065 pora
501 1007 640 1064 ωσι-ιι
696 1007 762 1047 ac
805 992 945 1047 male
995 990 1186 1049 affecta
1222 991 1287 1047 ad
1318 1006 1472 1063 opem
1505 990 1780 1047 serendam
1812 1001 1899 1046 at·

325 1085 529 1159 tingat,
589 1099 696 1139 non
762 1092 949 1155 vegeta
1006 1097 1073 1141 ac
1134 1096 1353 1154 semper
1407 1081 1724 1139 libidinibns
1771 1097 1899 1151 pru·

322 1174 542 1231 rientia.

389 1265 508 1321 lam
539 1278 786 1323 constare
817 1267 1072 1323 existimo
1102 1274 1160 1321 ut
1191 1281 1259 1321 ne
1292 1248 1459 1324 nos⁸tri
1486 1264 1699 1336 quidem
1726 1264 1899 1320 simus

321 1353 555 1422 domini,
602 1358 695 1411 sed
760 1357 1025 1413 oeconomi
1066 1366 1277 1412 tantum
1348 1372 1413 1412 ae
1476 1356 1894 1424 dispensatores.

321 1444 592 1515 Quidquid
632 1448 776 1503 enim
825 1448 1035 1518 legibus
1088 1462 1152 1503 ac
1207 1451 1489 1519 praeceptis
1557 1445 1895 1518 astringitur,

325 1552 545 1592 servum
594 1537 750 1607 plane
801 1552 865 1593 ac
924 1538 1217 1593 obnoxium
1278 1535 1571 1609 legislatori
1635 1538 1895 1591 noscitur.

325 1626 476 1694 Quod
500 1627 544 1681 si
574 1629 758 1697 igitur,
787 1643 853 1682 ne
888 1628 1018 1698 ipsae
1052 1629 1264 1697 quidem
1297 1628 1536 1695 corporis
1576 1626 1746 1682 nostri
1774 1641 1899 1696 par-

328 1726 408 1772 tes
453 1731 516 1771 ac
555 1716 827 1781 membra,
882 1716 1050 1771 libera
1099 1720 1288 1787 suique
1312 1713 1450 1784 juris
1479 1723 1641 1776 sunt,
1672 1712 1765 1768 sed
1791 1714 1894 1768 Do-

1998 549 2108 604 ρος.
2140 528 2453 601 Μεμνήσθω
2479 528 2572 583 καὶ
2599 532 2634 600 ἠ
2660 530 2783 601 χεὶρ
2802 528 2913 583 τῶν
2939 528 3189 593 ἐντολῶν,
3219 530 3306 582 ίνα
3337 528 3413 599 μὴ
3437 530 3571 584 πάν-

1996 639 2105 675 των
2123 618 2416 683 ἀκωλύτως
2471 620 2729 689 ἅπτηται.
2781 619 3133 675 Ἐκτεινέσθω
3160 619 3299 692 πρὸς
3335 619 3569 691 ἐλεημο-

1998 709 2182 781 σύνην,
2219 708 2295 781 μὴ
2328 707 2464 779 πρὸς
2492 709 2769 781 ἁρπαγήν·
2800 708 3035 781 τἠρείτω
3059 710 3123 763 τά
3150 709 3278 773 ίδια,
3319 708 3395 781 μὴ
3427 725 3571 764 συν-

1999 798 2177 868 αγέτω
2222 798 2291 851 τά
2325 797 2579 870 ἀλλότρια
2600 817 2615 831 ·
2651 799 2905 856 ἁπτέσθω
2939 800 3203 871 σωμάτων
3223 800 3453 871 νωθρῶν
3472 802 3575 858 καὶ

1998 893 2398 965 κεκακωμένων
2418 893 2482 949 δι’
2513 893 2722 965 ἀγαθῆς
2767 892 3123 963 ἐπισκέψεως,
3166 893 3240 964 μὴ
3270 893 3381 947 τῶν
3410 910 3573 967 σφρι-

1996 979 2218 1051 γώντων
2235 983 2329 1037 καὶ
2349 986 2470 1049 ταῖς
2504 984 2783 1057 πορνείαις
2805 983 2891 1039 άεὶ
2928 982 3316 1055 σχολαζόντων.

2070 1262 2307 1329 Ἕδειξεν
2352 1266 2482 1335 ἡμῖν
2510 1268 2539 1318 ό
2571 1266 2748 1334 λόγος,
2791 1268 2868 1333 ὡς
2914 1269 3009 1322 καὶ
3056 1270 3207 1322 αὐτοὶ
3258 1268 3469 1323 ἐαυτῶν
3506 1271 3575 1325 οὗ

1995 1350 2250 1407 δεσπόται
2284 1355 2468 1425 ἐσμὲν,
2519 1357 2633 1411 ἀλλ’
2663 1359 2955 1430 οἰκονόμοι.
2990 1361 3103 1413 Πάν
3125 1360 3233 1432 γάρ
3294 1360 3357 1413 τὸ
3385 1362 3573 1433 νόμοις

1998 1442 2351 1515 ὑποκείμενον
2380 1447 2474 1499 καὶ
2503 1448 2905 1519 προστάγμασι,
2936 1448 3122 1503 δοῦλον
3150 1449 3244 1505 τοῦ
3271 1450 3574 1521 νομοθέτου

1995 1529 2145 1584 ἐστὶν
2173 1532 2267 1585 καὶ
2290 1534 2549 1606 ὑπήκοον.
2571 1537 2633 1590 Εἰ
2661 1535 2717 1590 δὲ
2739 1537 2807 1591 τά
2838 1536 3001 1610 μόρια
3020 1538 3111 1593 τοῦ
3136 1538 3390 1610 σώματος
3415 1542 3573 1613 ἡμῶν

1995 1619 2096 1673 οὐκ
2122 1619 2379 1694 ἐλεύθερα
2442 1621 2707 1689 ἐξουσίας,
2739 1625 2876 1679 ἀλλὰ
2929 1625 3230 1698 δεσποτικῷ
3269 1627 3562 1702 βουλήματι

1998 1710 2138 1784 πρὸς
2180 1711 2279 1776 τάς
2310 1713 2588 1787 ἐνεργείας
2646 1717 3061 1790 κανονιζόμενα·
3115 1720 3168 1772 τί
3214 1720 3281 1774 ἂν
3313 1720 3461 1776 εἴποι
3486 1738 3561 1788 τις

324 1806 455 1861 mitti
484 1806 758 1861 voluntate
784 1807 850 1860 ad
881 1806 1185 1861 functiones
1236 1822 1364 1861 suas
1409 1805 1738 1873 diriguntur,
1763 1805 1890 1875 quid
1924 1800 1967 1855 B
1994 1801 2131 1873 πρὸς
2153 1803 2278 1868 τοὺς
2307 1803 2603 1876 οίομένους.
2640 1807 2841 1877 χρυσοῦ
2900 1809 2992 1862 καὶ
3022 1810 3285 1882 ἀργύρου,
3318 1813 3416 1866 καὶ
3442 1814 3561 1885 γῆς,

322 1896 410 1952 liis
450 1897 724 1961 dicemus,
774 1898 865 1966 qui
906 1898 1007 1952 sibi
1052 1897 1400 1967 persuadent,
1446 1896 1562 1951 auri
1603 1910 1692 1961 se,
1719 1904 1773 1951 ct
1802 1910 1891 1949 ar-

327 1990 496 2058 genti,
548 2004 614 2042 ac
669 1990 808 2057 agri,
861 1998 1283 2059 caeterarumque
1332 2003 1533 2052 rernm,
1582 1987 1740 2043 nullis
1795 1987 1891 2041 ob·

327 2077 546 2131 noxiam
578 2077 877 2133 rationibus
913 2076 1158 2131 obtinere
1198 2075 1627 2148 possessionem?
1663 2073 1823 2140 Nihil,
1857 2089 1892 2129 o

327 2166 522 2231 homo,
554 2176 702 2221 tuum
728 2177 828 2223 est.
861 2167 1058 2222 Servus
1081 2182 1140 2225 es
1182 2184 1198 2232 ;
1252 2176 1447 2236 tuaque
1478 2166 1655 2220 omnia
1679 2164 1889 2220 Domini

326 2256 714 2313 mmmmm
755 2258 896 2311 enim
960 2274 1061 2312 mm
1109 2257 1259 2309 habet
1319 2257 1582 2325 pectilium
1649 2256 1889 2311 liberum.

323 2344 530 2417 Quippe
558 2336 732 2402 t‘tudus
767 2348 819 2402 tn
851 2349 989 2402 lianc
1027 2347 1199 2404 lucem
1236 2347 1513 2416 prodiisti;
1561 2337 1896 2417 qnaerunqt'te

321 2439 523 2505 habes,
554 2456 620 2494 ex
653 2440 861 2493 Domini
915 2439 991 2494 tui
1034 2437 1150 2506 lege
1185 2437 1470 2503 accepisti;
1517 2437 1629 2491 sive
1672 2446 1893 2502 paterna

320 2528 672 2593 ltaereditate,
715 2528 856 2597 quod
909 2528 982 2580 ita
1034 2526 1173 2580 Dens
1222 2525 1560 2579 constituerit
1616 2523 1892 2596 (Parentes

318 2621 486 2684 enim,
525 2620 732 2686 inquit,
764 2618 888 2685 filiis
930 2616 1094 2681 spotia
1120 2618 1345 2671 divident
1377 2615 1425 2649 ¹⁸
1462 2614 1578 2689 [16]
1609 2618 1652 2679 i,
1685 2618 1798 2673 sive
1827 2631 1892 2671 ex

327 2704 672 2758 niatritttouio
716 2704 932 2758 divitias
969 2716 1293 2760 consecutus
1342 2718 1433 2771 es;
1483 2706 1582 2759 hoc
1626 2705 1765 2759 euim
1794 2745 1809 2769 ,
1840 2713 1898 2761 et

329 2805 449 2860 quae
500 2793 770 2862 pertinent
804 2799 870 2846 ad
913 2793 1041 2848 illud
1083 2808 1113 2849 a
1158 2794 1266 2850 Deo
1305 2794 1546 2848 instituta
1592 2795 1896 2850 sttnt:sive

1996 1893 2223 1947 καὶτῶν
2251 1894 2428 1950 ἄλλων
2465 1896 2756 1952 ἀνεύθυνον
2807 1898 2951 1970 ἔχειν
2997 1900 3094 1972 τὴν
3146 1902 3380 1974 κτῆσιν;
3409 1904 3572 1959 Οὑδέν

1995 1981 2108 2048 σὺν,
2158 1984 2432 2056 ἄνθρωπε.
2474 1986 2546 2041 Σὺ
2588 1986 2790 2053 δοῦλος,
2851 1991 2943 2043 καὶ
2970 1989 3039 2043 τὰ
3091 1989 3159 2045 σά
3212 1990 3308 2045 τοῦ
3344 1993 3569 2064 Κυρίου.

1987 2073 2216 2141 Δοῦλος
2228 2076 2334 2148 γὰρ
2356 2078 2673 2149 ἐλεύθερον
2704 2083 3027 2137 πεκούλιον
3055 2084 3165 2138 οὐκ
3198 2084 3341 2154 ἔχει.
3368 2086 3571 2157 Γυμνδς

1989 2161 2098 2236 γάρ
2145 2164 2317 2236 ἥχθης
2343 2170 2423 2231 είς
2465 2167 2621 2223 τοῦτο
2661 2170 2723 2222 τὸ
2774 2170 2921 2239 φῶς·
2971 2169 3158 2236 έλαδες
3193 2171 3229 2227 ά
3258 2172 3407 2244 ἔχεις
3436 2175 3571 2229 κατὰ

1989 2252 2154 2324 νόμον
2195 2255 2290 2309 τοῦ
2347 2257 2555 2330 Κυρίου
2599 2276 2714 2324 σου,
2763 2260 2797 2331 ἢ
2862 2261 3277 2335 κληρονομήσας
3337 2265 3566 2337 πατέρα,

1991 2342 2178 2416 ἐπειδὴ
2203 2343 2375 2410 οὕτως
2413 2348 2441 2399 ὁ
2466 2348 2597 2412 Θεὸς
2625 2348 2904 2416 διετάξατο
2924 2351 3151 2421 (Γοναῖς
3180 2352 3294 2424 γὰρ
3318 2354 3569 2423 τέκνοις,

1997 2705 2106 2859 ’ἑῶν
2132 2706 2307 2762 ἄλλων
2346 2713 2691 2782 προφάσεων,
2748 2714 2883 2769 Θεοῦ
2925 2715 3059 2788 πρὸς
3101 2682 3295 2774 ἐκεῖνα
3324 2725 3572 2797 συμπρά-

2034 2812 2208 2862 αντος.

329 2884 560 2952 denique
614 2899 680 2937 ex
749 2895 1075 2951 mercatura,
1126 2893 1221 2940 aut
1278 2884 1624 2959 agricultura,
1653 2885 1736 2941 vel
1777 2883 1897 2941 aliis
1936 2888 2250 2957 acquirendi
2282 2890 2486 2956 modis,
2527 2890 2754 2949 faciente
2805 2894 2916 2952 Deo
2966 2914 3031 2955 ac
3063 2901 3401 2973 adjuvaute,
3429 2906 3574 2963 dives

328 2974 500 3029 sactus
527 2990 606 3029 es.

397 3068 516 3122 lam
557 3070 737 3137 itaque
764 3066 1046 3136 probatum
1075 3074 1196 3132 est,
1246 3065 1519 3137 accepisse
1556 3074 1609 3122 te
1632 3081 1737 3122 non
1771 3078 1893 3135 tua3
1922 3070 1967 3128 c

328 3161 608 3213 videamus
664 3159 917 3228 deinceps
958 3159 1084 3228 quid
1129 3160 1498 3228 pncscriptutn
1547 3158 1642 3213 tibi
1682 3161 1790 3226 sit,
1834 3173 1898 3214 ae

329 3249 502 3320 qualis
533 3262 716 3303 eorum
770 3248 1170 3305 administratio
1217 3262 1335 3304 esse
1381 3249 1595 3304 debeat.
1640 3247 1716 3305 Da
1770 3263 1897 3304 esu-

330 3342 519 3407 rienti;
575 3345 695 3410 tege
720 3340 954 3406 nudttm;
987 3352 1118 3394 cura
1164 3340 1300 3394 male
1338 3338 1629 3408 affeetum3
1670 3354 1737 3396 ne
1776 3354 1899 3413 ege-

329 3448 477 3498 nnm,
503 3447 567 3487 ac
597 3432 649 3487 in
690 3430 864 3486 triviis
893 3431 1188 3501 projectum
1231 3431 1561 3502 neglexeris:
1589 3431 1693 3487 noli
1722 3429 1788 3487 de
1808 3440 1895 3487 te·

329 3527 444 3594 ipso
457 3525 715 3581 sollicitus
725 3537 865 3590 esse,
881 3523 1149 3594 quomodo
1167 3537 1296 3594 ages
1312 3524 1365 3577 in
1394 3525 1685 3578 crastinum
1701 3523 1747 3556 ¹⁸
1760 3523 1893 3596 (17).

329 3615 395 3671 Et
442 3616 512 3669 ita
561 3614 776 3684 quidem
807 3615 851 3670 si
888 3613 1102 3680 feceris,
1133 3615 1310 3684 inquit
1337 3652 1353 3676 ,
1417 3614 1836 3669 cohonestabcre
1867 3629 1896 3667 a

330 3707 635 3776 legislatore
666 3723 682 3775 ς
717 3707 798 3760 sin
832 3721 960 3763 vero
1004 3707 1317 3761 mandatum
1364 3713 1732 3778 transgressus
1779 3705 1896 3760 sue-

332 3801 442 3862 ris.
486 3801 722 3870 graviter
761 3801 1000 3870 puniere.
1049 3799 1175 3855 Haec
1219 3798 1460 3869 profecto
1496 3814 1599 3854 non
1651 3798 1778 3853 milti
1822 3800 1900 3852 vi-

329 3896 521 3946 dentur
552 3891 666 3959 ejus
697 3907 838 3957 esse,
870 3893 960 3960 qui
987 3907 1116 3947 suus
1161 3892 1261 3947 sibi
1292 3891 1541 3947 domiuus
1571 3892 1642 3947 sit
1663 3930 1678 3954 ,
1713 3905 1777 3947 ac
1811 3891 1896 3945 cui

332 3984 498 4037 libera
526 3991 774 4051 suppetat
814 3983 1030 4051 quidvis
1085 3982 1279 4052 agendi
1332 3992 1607 4052 potestas:
1640 3981 1734 4037 sed
1781 3995 1899 4036 om·

333 4073 459 4126 nino
501 4081 716 4137 contra,
764 4071 1053 4127 multitudo
1077 4079 1466 4143 praeceptorum
1510 4071 1780 4128 hominem
1807 4087 1897 4124 ar-

329 4161 445 4230 guit
469 4160 623 4217 valde
667 4160 892 4229 imperio
934 4161 1331 4230 mancipatum,
1384 4159 1694 4231 legibusque
1722 4158 1898 4214 Domi·

339 4252 475 4306 nit-is
523 4252 822 4317 subditum,
871 4268 900 4306 a
948 4265 1055 4321 quo
1084 4251 1406 4321 prmscriptae
1430 4250 1553 4305 vitae
1580 4250 1718 4304 ratio
1747 4250 1897 4321 quasi

331 4343 567 4396 debitum
603 4341 817 4412 aliquod
859 4341 1127 4411 exigatur.
1169 4338 1280 4397 Nos
1317 4355 1477 4405 vero,
1523 4341 1793 4412 quomodo
1821 4342 1900 4397 sic

2080 3061 2213 3116 Ἰδοὺ
2240 3063 2440 3127 τοίνυν,
2474 3065 2683 3140 ἐδείχθη
2732 3068 2816 3123 δτι
2860 3069 3051 3136 ἐλαόες
3082 3071 3155 3128 τὰ
3187 3074 3265 3148 μὴ
3301 3076 3387 3132 σά.
3426 3078 3571 3133 Ἵδω-

2001 3170 2100 3224 μεν
2131 3154 2309 3208 τοίνυν
2336 3155 2543 3223 λοιπὸν,
2572 3159 2624 3211 τί
2656 3176 2738 3213 σοι
2766 3160 3066 3234 ἐπετάχθη,
3093 3165 3190 3220 καὶ
3210 3167 3300 3223 οἶα
3319 3168 3404 3223 ἐπ’
3422 3172 3566 3225 ἐκεί-

1996 3261 2108 3308 νοις
2127 3243 2407 3316 διοίκησις.
2437 3248 2535 3313 Δὸς
2558 3248 2635 3321 τῷ
2669 3251 2943 3320 πεινῶντι,
2974 3253 3196 3313 ἔνδυσον
3223 3259 3311 3315 τὸν
3343 3262 3555 3332 γυμνὸν,

1993 3334 2332 3407 θεράπευσον
2368 3337 2460 3390 τὸν
2488 3342 2895 3413 κεκακωμένον,
2942 3345 3016 3417 μὴ
3043 3349 3290 3424 περιίδῃς
3308 3350 3394 3406 τὸν
3429 3349 3554 3406 ἄπο-

1999 3442 2112 3498 ρον,
2142 3425 2234 3478 τὸν
2263 3425 2595 3496 ἐρριμμένον
2639 3430 2698 3482 ἐν
2742 3431 2857 3493 τοίς
2908 3432 3159 3502 τριόδοις.
3209 3436 3285 3492 Σὺ
3316 3436 3409 3508 μὲν
3440 3454 3564 3492 σαυ-

1993 3517 2090 3571 τοῦ
2124 3517 2199 3590 μὴ
2222 3519 2582 3589 vertumni-22
2611 3519 2745 3590 μηδὲ
2776 3523 3230 3597 φροντίσῃς.«πῡς
3257 3529 3464 3598 διάξεις
3487 3533 3580 3586 επὶ

1994 3607 2096 3676 τῆς
2122 3606 2429 3678 ὑστεραίας.
2466 3606 2583 3662 Κᾶν
2610 3607 2801 3674 ταῦτα,
2825 3613 3008 3681 φησιν,
3034 3614 3261 3688 ἐργάσῃ,
3295 3619 3582 3694 τιμηθήσῃ

1999 3698 2150 3768 παρὰ
2169 3697 2260 3752 τοῦ
2292 3698 2579 3768 νομοθέτου
2602 3716 2617 3732 ·
2645 3699 2711 3754 ἂν
2742 3701 2797 3756 δέ
2832 3706 3186 3779 παρακούσῃς
3209 3709 3310 3780 τῆς
3337 3711 3581 3784 ἐντολῆς,

1999 3786 2303 3860 κολασθήσῃ
2332 3787 2564 3859 πικρῶς.
2614 3789 2798 3844 Ταῦτα
2832 3791 2942 3862 ἐγὼ
2968 3794 3029 3847 οὐ
3056 3793 3240 3865 βλέπω
3259 3797 3356 3852 τοῦ
3391 3799 3580 3868 αὐτεξ-

1998 3881 2202 3947 ουσίου,
2225 3880 2342 3934 οὐδὲ
2370 3879 2463 3934 τοῦ
2490 3879 2689 3948 ζῶντος
2734 3886 2851 3955 μετ’
2884 3886 3232 3954 αὐθεντείας·
3261 3888 3399 3944 ἀλλά
3427 3892 3574 3944 τούν·

1998 3972 2199 4033 αντίον,
2227 3969 2297 4025 τά
2349 3971 2517 4026 πολλά
2549 3973 2642 4026 καὶ
2693 3976 2890 4047 συνεχῆ
2938 3979 3322 4053 προστάγματα
3351 3979 3563 4033 ὑποδεί-

1998 4060 2155 4116 κνυσί
2187 4077 2274 4132 μοι
2299 4061 2585 4135 ἄνθρωπον
2612 4063 3026 4137 βασιλευόμενον
3077 4065 3324 4143 ἰσχυρῶς,
3350 4070 3446 4123 καὶ
3471 4069 3553 4121 νό·

2000 4174 2121 4231 μοις
2144 4156 2482 4224 δεσποτικοῖς
2510 4157 2828 4226 ὑπεύθυνον,
2858 4162 2952 4216 καὶ
2976 4162 3077 4235 τὴν
3112 4162 3567 4236 κεκανονισμένην

2000 4246 2271 4301 πολιτείαν
2330 4249 2723 4321 ἀπαιτούμενον
2772 4250 2847 4318 ὠς
2899 4254 3077 4325 χρέος.
3123 4254 3315 4327 Ἡμεῖς
3354 4253 3430 4321 δέ,
3456 4252 3570 4317 πῶς

2000 4338 2378 4408 άλογίστευτον
2412 4340 2625 4413 ἔχοντες
2661 4335 2753 4397 τὸν
2785 4345 2922 4415 βίον,
2947 4347 3074 4410 τοὺς
3104 4347 3207 4419 μὲν
3232 4345 3448 4413 ἀθλίους
3480 4348 3577 4400 καὶ

333 4433 498 4490 stulte
526 4444 877 4502 amentcrque
901 4433 1062 4488 vitam
1099 4432 1356 4488 habemus
1377 4473 1393 4497 ,
1422 4440 1478 4486 ut
1516 4433 1741 4488 miseros
1775 4432 1895 4487 ino·
1929 4412 1974 4466 ⁰
2004 4429 2329 4502 πενομένους
2360 4431 2705 4504 περιορῶμεν
2748 4434 3168 4501 ἐντελευτῶντας
3220 4439 3343 4501 ταῖς
3370 4453 3578 4507 συμφο·

331 4538 537 4594 pesque
561 4523 944 4592 despiciamus,
975 4538 1040 4578 ac
1065 4523 1298 4579 miseriis
1342 4523 1552 4579 immori
1592 4523 1892 4593 patiamttr;

333 4612 617 4683 largosque
667 4612 881 4667 interim
930 4624 1174 4682 sumptus
1234 4614 1286 4667 in
1339 4614 1498 4669 rebus
1545 4613 1696 4667 vanis
1726 4611 1894 4668 ambi·

336 4705 472 4760 tiosc
502 4718 800 4773 ponamus3
834 4702 1041 4760 alamus
1074 4704 1382 4759 ltelluonttm
1423 4703 1760 4758 adulatorum
1785 4711 1895 4757 tur-

336 4796 480 4860 ltatn,
520 4810 584 4850 ac
609 4795 966 4864 parasitorum
1017 4795 1309 4850 infelicium
1362 4796 1571 4868 agmina
1621 4794 1896 4849 individuo

335 4889 587 4942 comitatu
630 4886 946 4952 trahamus;
995 4901 1315 4958 rursumque
1364 4886 1417 4941 in
1467 4885 1789 4957 gladiatores
1831 4899 1897 4941 ac

2003 4522 2154 4593 ραίς·
2204 4524 2295 4576 καὶ
2317 4523 2680 4594 δαπανώμεθα
2726 4524 2783 4580 δέ
2805 4526 3101 4598 φιλοτίμως
3125 4528 3245 4592 ταῖς
3277 4527 3580 4600 ματαιότη-

2004 4629 2107 4677 σιν,
2137 4611 2378 4668 κολάκων
2397 4614 2596 4685 πλῆθος
2617 4615 2838 4670 ἀσώτων
2857 4618 3163 4689 τρέφοντες,
3184 4617 3280 4671 καὶ
3305 4619 3582 4691 φρατρίας

2001 4707 2401 4778 κακοδαιμόνων
2422 4710 2733 4780 παρασίτων
2760 4708 3138 4778 ἐπισυρόμενοι
3155 4724 3171 4739 ·
3202 4702 3360 4773 αὖθις
3387 4707 3578 4780 θηριο·

2004 4797 2195 4868 μάχαις
2236 4799 2328 4852 καὶ
2373 4798 2579 4870 θηρίοις
2615 4797 2997 4870 σκορπίζοντες
3041 4796 3130 4850 τὸν
3190 4795 3441 4859 πλοῦτον,
3476 4796 3577 4850 κάν

2002 4890 2122 4952 ταῖς
2171 4891 2554 4963 ἱπποτροφίαις
2594 4891 2807 4957 οὐδενὸς
2854 4889 2961 4946 τῶν
3015 4889 3182 4945 ὄντων
3231 4887 3577 4962 φειδόμενοι·

432 5067 479 5099 ¹¹
509 5065 610 5120 lsa.
637 5081 731 5133 ιιι,
759 5063 831 5118 28
855 5078 977 5134 sqq.
1082 5063 1129 5095 ¹⁸
1155 5062 1315 5120 Prov.
1355 5080 1445 5121 xtx
1467 5109 1483 5134 ,
1516 5066 1598 5121 Η.
1704 5064 1750 5095 ¹⁵
1789 5062 1976 5121 Mattlt.
2006 5081 2078 5130 vt,
2112 5065 2201 5120 54.

2004 5241 2251 5311 margini,
2292 5255 2397 5311 quo
2430 5243 2745 5310 prohibetur
2771 5257 2837 5297 ne
2864 5241 3034 5296 simus
3063 5241 3129 5293 de
3154 5238 3394 5293 crastino
3425 5237 3579 5291 solli-

2006 5312 2121 5374 citi,
2150 5319 2312 5376 utqtte
2344 5311 2395 5363 in
2424 5326 2491 5364 eo
2516 5313 2683 5366 simus
2710 5311 2920 5372 victuri,
2960 5325 3023 5363 ac
3053 5323 3140 5362 res
3168 5316 3381 5361 nostras
3420 5322 3581 5360 cotn-

340 5397 387 5442 ει
419 5387 807 5451 animantiam,-
866 5383 1033 5437 voluit
1069 5383 1204 5438 l'orte
1249 5382 1330 5436 sic
1378 5396 1482 5435 uno
1513 5380 1676 5435 verlto
1711 5395 1902 5436 auctor
2007 5381 2244 5452 paraturi
2276 5397 2289 5431 :
2323 5395 2426 5434 non
2451 5384 2592 5449 qttod
2620 5381 2791 5435 reddit
2821 5383 3103 5446 interpres,
3123 5375 3578 5455 quemadmodum

340 5457 549 5521 dicere3
605 5466 660 5508 et
723 5455 846 5523 quia
901 5455 1098 5524 passim
1150 5454 1202 5506 in
1268 5452 1541 5520 Scriptura
1592 5452 1793 5505 mentio
1845 5451 1903 5504 nt
2007 5451 2075 5504 ad
2099 5450 2235 5504 diem
2274 5450 2560 5503 crastinum
2599 5451 2879 5518 pervenies.
2917 5447 3006 5503 Sic
3037 5447 3236 5516 passim
3274 5445 3580 5525 Sertpturae

344 5524 624 5580 divisionis
667 5524 979 5594 spoliorum.
1016 5525 1158 5580 Beue
1191 5523 1414 5578 Ducaeus
1455 5521 1764 5591 interpretis
1814 5521 1905 5575 hie
2013 5519 2125 5574 loca
2160 5520 2336 5574 minus
2361 5519 2737 5572 animadvertit
2779 5535 2844 5575 ac
2888 5517 3160 5587 exprimit,
3199 5516 3343 5584 quod
3383 5528 3489 5581 ego
3520 5527 3577 5591 tn

344 5593 552 5664 lapsum
587 5604 914 5649 correxerat.
2013 5588 2234 5646 Petrum
2254 5589 2898 5657 Graecoruntinterprete,
2929 5586 3145 5642 maximi
3172 5599 3284 5640 rem
3310 5591 3579 5638 momenti

413 5664 526 5736 (Π)
568 5663 838 5730 Quomodo
864 5679 984 5733 oyes
1006 5665 1059 5718 in
1081 5663 1384 5726 crastinum,
1403 5660 1529 5728 ,πῶς
1558 5658 1786 5728 διάξεις
1809 5658 1908 5714 ἐπὶ
2013 5658 2291 5723 existim03
2319 5673 2439 5714 cum
2467 5657 2520 5711 in
2551 5656 2678 5722 illis,
2708 5659 2949 5730 scitoque
2970 5670 3156 5711 eorum
3179 5667 3301 5715 usu,
3335 5651 3576 5721 plurima

342 5733 454 5806 nir
476 5733 816 5803 ὑστεραίας.
838 5732 1003 5790 Plana
1028 5743 1109 5790 cst
1130 5731 1320 5790 allusio
1334 5734 1399 5790 ad
1413 5731 1588 5789 locutu
1617 5732 1908 5800 ascriptum
2017 5728 2097 5786 vis
2121 5743 2186 5784 ac
2206 5727 2369 5785 decor
2385 5725 2696 5786 corumdem
2720 5739 3026 5784 sermonum
3052 5731 3285 5781 constet.

412 5248 523 5317 (16)
565 5247 814 5302 Parentes
843 5245 969 5314 filiis
995 5241 1161 5312 spolia
1184 5242 1432 5297 divident.
1472 5241 1627 5296 Prov.
1657 5258 1772 5303 τις,
1805 5242 1892 5308 tt,

339 5331 446 5386 quo
471 5317 715 5373 Asterius
742 5315 975 5386 respicit,
999 5323 1100 5374 est,
1128 5307 1274 5366 οἷκον
1297 5313 1391 5367 καὶ
1408 5310 1658 5383 ὓπαρξιν,
1682 5311 1895 5365 dentiam
