3725 6125
159 314 234 372 5³
958 284 968 294 '
1090 304 1488 367 minume
1527 303 1593 360 tx
1632 299 1984 360 cauriensi
2022 293 2497 357 esttrtconmt.
3335 290 3407 343 st

159 436 353 501 πούς.
377 433 535 490 Μετά
560 430 667 503 γάρ
691 430 754 485 τδ
781 432 978 495 εἰπεῖν,
1005 447 1025 482 ι
1054 430 1310 500 Σιαγόνες
1327 445 1442 492 σου,
1474 447 1494 481 ι
1515 426 1731 495 ὲπάγει·
1765 428 1810 485 A
1837 423 2114 481 colicctoS.
2158 419 2449 489 Postquam
2482 414 2627 473 enim
2663 412 2909 475 dixisset,
2956 430 2975 464 ι
3017 406 3177 468 Genae
3216 418 3341 475 tute,
3379 426 3414 463 a

167 547 188 581 ι
223 524 508 598 Τράχηλός
547 541 640 578 σου
677 522 758 586 ὡς
783 523 1077 594 δρμίσκος·
1117 540 1137 574 ι
1185 521 1274 576 ἵνα
1299 519 1446 591 δείξῃ
1474 518 1569 573 καὶ
1610 518 1737 582 τοὺς

164 617 283 671 ἀπὸ
308 614 570 670 Ἰουδαίων
592 612 1045 675 πεπιστευκότας,
1063 612 1153 666 τὸν
1168 610 1432 682 ὁρμίσκον
1451 606 1541 662 τοῦ
1570 604 1738 661 Ἰούδα

168 706 266 760 τὸν
307 704 519 759 δοθέντα
543 705 612 775 τῇ
641 700 841 773 Θάμαρ
863 702 1201 773 ὑπομνήσας.
1250 717 1270 752 ι
1305 698 1579 771 Πρόδηλον
1603 695 1735 767 γὰρ,

175 798 258 851 δτι
303 795 362 859 ἐξ
405 793 577 847 Ἰούδα
614 790 978 847 ἀνατέταλκεν
1022 792 1052 843 δ
1091 790 1294 863 Κύριος
1325 792 1358 860 ὴ
1368 787 1484 860 μῶν
1533 786 1741 859 Ἰησοῦς

178 881 421 956 Χριστῦς,
468 900 488 935 ι
520 880 664 936 κατὰ
705 880 797 935 τὸν
850 878 1191 934 ’Δπόστολον.
1239 874 1373 933 Εἶτα
1410 876 1510 955 τὴν
1549 873 1740 945 γενεὰν

172 976 338 1045 αὐτῆς
361 971 766 1044 διηγησάμενος
795 970 931 1041 (22),
953 969 1160 1025 καὶτὸν
1183 968 1384 1040 κόσμον
1409 968 1578 1037 ὅνπερ
1603 966 1739 1037 αὐτῇ

162 1063 449 1139 χαρίζεται
481 1066 512 1119 ό
538 1063 798 1135 νυμφίος,
823 1063 1119 1132 ἐπάγουσιν
1143 1064 1193 1117 οἱ
1220 1060 1506 1116 ἀπόστολοι
1521 1074 1538 1089 ·

234 1243 363 1298 tw.
412 1242 504 1296 Στ.
554 1248 607 1296 ι’.
666 1238 1027 1310 Ὅμοιώματα
1077 1237 1339 1308 χρυσίου
1394 1229 1743 1302 ποιήσωμέν

158 1347 264 1389 σοι
283 1330 437 1403 μετὰ
462 1329 808 1402 στιγμάτων
837 1329 942 1383 τοῦ
970 1327 1275 1397 ἀργυρίου.
1715 1371 1721 1377 .

250 1423 603 1497 Ὀμοιώματα
625 1423 855 1496 χρυσίου
878 1422 979 1491 οὐχ
1004 1420 1168 1492 έτερα
1197 1413 1356 1489 οἶμαι
1378 1410 1538 1479 εἶναι,
1567 1411 1680 1467 ἀλλ’
1710 1411 1743 1482 ἢ

165 1514 298 1577 τοὺς
325 1514 514 1582 ἁγίους
547 1502 835 1584 μάρτυρας
852 1524 869 1541 ·
899 1508 1198 1579 ἐπειδήπερ
1222 1505 1313 1559 διά
1327 1502 1506 1575 πυρὸς
1528 1501 1747 1570 δοκιμα-

166 1601 417 1669 σθέντες,
442 1599 836 1672 λαμπροτέραν
865 1594 1208 1661 ἐπεδείξαντο
1235 1593 1334 1665 τὴν
1357 1590 1561 1645 πίστιν.
1596 1606 1616 1641 ι
1661 1587 1748 1651 Ὦς

173 1694 398 1764 χρυσίον
421 1710 453 1746 a
489 1692 621 1763 γάρ,
664 1691 855 1760 φησὶν,
886 1706 906 1741 ι
945 1690 1005 1742 ὲν
1044 1684 1395 1758 χωνευτηρίῳ
1424 1680 1747 1751 ἐδοκίμασεν

182 1783 384 1844 αὐτοὺς
400 1821 418 1845 ,
473 1782 571 1834 καὶ
609 1781 686 1843 ὼς
734 1779 1097 1850 δλοκάρπωμα
1142 1776 1328 1839 Θυσίας
1388 1767 1749 1846 προσεδέξατο

187 1868 410 1933 αὐτούς.
439 1887 459 1923 a
482 1870 604 1923 Ἵνα
633 1868 693 1922 δε
718 1870 783 1921 ὲκ
802 1869 902 1937 τῆς
933 1866 1248 1931 ἀκολουθίας
1267 1864 1478 1935 δειχθῇ,
1502 1862 1588 1917 ὅτι
1621 1859 1749 1931 περὶ

195 1960 489 2033 μαρτύρων
507 1959 677 2028 λέγει,
705 1956 867 2028 βλέπε
892 1957 946 2009 τί
968 1956 1161 2023 επάγει
1176 1972 1190 1987 ·
1215 1973 1234 2006 ι
1260 1953 1414 2009 Μετὰ
1434 1948 1749 2021 στιγμάτων

188 2048 284 2103 τοῦ
330 2047 622 2121 ἀργυρίου.
662 2064 683 2099 a
720 2043 998 2113 Στίγματα
1025 2042 1132 2113 γάρ
1177 2041 1355 2115 σαφῶς
1392 2042 1446 2095 αἰ
1489 2039 1749 2111 μάστιγες

192 2140 289 2194 καὶ
320 2140 379 2192 αί
416 2137 643 2208 βάσανοι
667 2133 779 2188 τῶν
801 2133 938 2205 ὑπὲρ
958 2122 1190 2203 Χριστοῦ
1212 2130 1542 2200 πασχόντων·
1568 2124 1750 2189 καθώς

191 2247 283 2301 μοι
317 2228 596 2301 μαρτυρεῖ
622 2225 720 2278 καὶ
743 2224 774 2277 ό
813 2221 1022 2285 Παῦλος
1051 2220 1254 2290 λέγων·
1299 2238 1319 2273 ι
1372 2218 1510 2288 Ἐγὼ
1545 2217 1650 2290 γάρ
1680 2215 1749 2271 τά

182 2320 459 2389 στίγματα
506 2313 607 2368 τοῦ
653 2311 859 2383 Κυρίου
903 2309 1065 2383 ἡμῶν
1111 2308 1281 2381 Ἰησοῦ
1325 2307 1556 2379 Χριστοῦ
1582 2310 1640 2362 ὲν
1670 2305 1750 2378 τῷ

181 2408 397 2482 σώματί
427 2423 535 2479 μου
567 2403 841 2476 βαστάζω.
876 2419 897 2454 ι
939 2400 1162 2469 Ἐπάγει
1181 2399 1239 2453 δὲ
1260 2401 1291 2487 ό
1313 2398 1501 2469 λόγος·

249 2586 373 2639 ΚΝ.
413 2583 507 2636 Στ.
552 2586 644 2634 ια’.
677 2579 836 2644 Ἕως
860 2571 931 2633 οὗ
963 2577 998 2631 ό
1019 2574 1318 2643 βασιλεὺς
1341 2575 1414 2629 έν
1433 2574 1750 2631 ἀνακλίσει

177 2673 384 2729 αὑτοῦ.

255 2766 374 2819 Ἵνα
405 2763 536 2834 εἴπῃ
555 2778 575 2795 ·
618 2762 767 2824 Ἕως
797 2760 896 2830 τῆς
934 2756 1353 2827 παλιγγενεσίας
1392 2754 1484 2810 διὰ
1512 2755 1612 2827 τῆς
1640 2756 1750 2810 τῶν

185 2858 383 2928 γάμων
428 2853 687 2924 εὐωχίας·
715 2852 820 2915 ἕως
841 2850 963 2904 τότε
995 2847 1064 2901 τὰ
1099 2845 1420 2919 ὁμοιώματα
1451 2846 1627 2901 ταῦτα
1653 2845 1748 2901 τοῦ

187 2946 452 3019 ἀργυρίου
478 2944 767 3013 συνάγεται
781 2959 796 2974 ·
814 2940 1117 2996 τουτέστιν·
1143 2939 1206 2992 Οἱ
1231 2938 1374 3008 ὑπὲρ
1393 2937 1495 3008 τῆς
1514 2938 1750 3001 πίστεως

185 3038 508 3109 πάσχοντες,
541 3034 603 3089 οὐ
630 3034 791 3106 μόνον
811 3033 869 3087 ὲν
896 3028 1073 3103 καιρῷ
1089 3026 1344 3100 διωγμῶν
1361 3026 1450 3083 διὰ
1480 3026 1746 3098 βασάνων,

182 3127 433 3183 ἀλλὰκαὶ
465 3129 524 3181 ὲν
563 3123 742 3196 καιρῷ
771 3122 996 3194 είρηνης
1023 3118 1112 3174 διὰ
1145 3118 1243 3173 τοῦ
1283 3117 1384 3190 τὴν
1426 3117 1617 3189 στενὴν
1657 3118 1753 3171 καὶ

180 3217 551 3290 τεθλιμμένην
581 3215 694 3287 (25)
723 3213 841 3268 όδὸν
861 3212 1101 3284 τρέχειν,
1122 3210 1217 3264 καὶ
1234 3211 1357 3274 ταίς
1383 3207 1496 3281 (Ξί)
1519 3208 1752 3282 πράξεσι

178 3306 306 3368 τοὺς
357 3304 642 3376 μάρτυρας
691 3299 992 3373 μιμεῖσθαι.
1028 3293 1163 3354 Εἶτα
1210 3297 1662 3370 ἀνταποκρίνεται
1716 3299 1751 3370 ὴ

181 3395 391 3467 νύμφη,
414 3396 509 3450 καὶ
536 3395 686 3463 λέγει
715 3394 851 3464 πρὸς
880 3393 973 3447 τὸν
1005 3391 1235 3464 νυμφίον
1259 3407 1273 3421 ·
1428 3442 1433 3447 ,
1492 3433 1497 3437 .
1550 3436 1559 3443 .

253 3486 382 3541 KE'.
422 3485 656 3553 Νάρδος
682 3501 801 3553 μου
829 3482 1054 3537 ἔδωκεν
1085 3481 1524 3551 euphrodius).

265 3576 354 3629 Ἐν
389 3575 468 3646 τῷ
504 3575 618 3644 γὰρ
652 3575 741 3628 τὸν
772 3571 1002 3645 νυμφίον
1046 3572 1210 3629 αὑτὸν
1261 3574 1434 3627 είπείν
1483 3574 1610 3647 περὶ
1645 3573 1753 3629 τῶν
1784 3556 1789 3561 ’

190 3663 507 3735 μαρτύρων,
544 3663 994 3733 ἀνταποκρίνεται
1026 3663 1423 3735 εύχαριστοῦσα
1448 3663 1617 3736 αὐτῷ,
1659 3667 1755 3720 καὶ
1828 3665 1836 3671 ’

189 3753 374 3820 λέγει·
414 3773 434 3803 ι
461 3751 673 3822 Νάρδος
723 3769 821 3823 μου
864 3753 1058 3810 ἔδωκεν
1085 3756 1261 3828 ὀσμὴν
1306 3755 1472 3809 αὑτοῦ
1492 3772 1505 3786 ·
1538 3774 1559 3810 ι
1593 3773 1750 3811 τουτ-

204 3840 322 3894 έστι
349 3839 459 3911 (25)
478 3855 492 3869 ·
517 3841 589 3896 Σὺ
612 3843 771 3897 ταῦτα
792 3845 857 3898 τά
880 3846 1061 3915 ἀγαθά
1102 3846 1354 3919 ἀπήρξω.
1380 3846 1480 3901 Διά
1518 3848 1627 3921 γάρ
1652 3849 1753 3918 τῆς

208 3927 410 4001 νάρδου,
431 3931 523 3985 τοῦ
543 3931 654 4004 (26)
672 3934 1008 4008 ἀλαδάστρου
1032 3937 1126 3990 τοῦ
1150 3937 1342 4010 μύρου,
1371 3939 1499 4010 περὶ
1517 3933 1578 3993 οὗ
1594 3941 1623 3993 ὁ
1641 3939 1754 3993 Κύ-

191 4037 306 4093 ριος
328 4020 504 4091 λέγει·
542 4042 560 4075 ι
576 4024 797 4095 Ἄφετε,
816 4027 911 4079 καὶ
935 4026 1011 4098 μὴ
1030 4027 1229 4091 κόπους
1259 4027 1526 4100 παρέχετε
1545 4031 1612 4099 τῇ
1647 4044 1748 4096 γυ-

189 4113 367 4167 ναικί·
397 4114 560 4168 καλὸν
590 4114 700 4186 γάρ
725 4115 885 4186 ἔργον
911 4118 1204 4189 εἰργάσατο
1231 4116 1311 4182 είς
1341 4118 1464 4189 ἐμὲ,
1506 4139 1524 4171 ι
1559 4120 1652 4174 καὶ
1679 4118 1750 4172 τὰ

192 4201 337 4271 ἑξῆς.
375 4203 586 4276 Ὥσπερ
625 4200 718 4260 οὗν
756 4207 1139 4276 ἀντιφωνοῦσα
1167 4211 1235 4280 τῇ
1261 4210 1580 4282 εὐχαριστίᾳ
1607 4210 1752 4279 λέγει

190 4296 225 4366 ἡ
255 4293 467 4367 νύμφη·
510 4297 679 4361 Δύτός
710 4316 803 4369 μοι
829 4298 927 4370 τὴν
958 4299 1183 4355 εὐωδίαν
1227 4299 1434 4365 ἔδωκας
1459 4302 1569 4356 τῶν
1608 4318 1752 4373 μαρ-
1782 4340 1827 4395 D

187 4382 387 4455 τύρων.
421 4404 441 4438 t
490 4386 557 4440 Ἡ
578 4386 772 4458 νάρδος
812 4407 832 4441 ι
862 4389 971 4462 γάρ
996 4408 1020 4442 ι
1053 4389 1251 4445 ἔδωκεν
1282 4390 1456 4464 ὀσμὴν
1493 4391 1658 4446 αὐτοῦ
1678 4410 1691 4424 ·
1727 4411 1747 4447 a

187 4477 324 4548 ὅπερ
366 4475 516 4530 ἐστί·
566 4476 640 4530 Τὸ
687 4479 779 4532 σδν
831 4479 1161 4553 μαρτύριον,
1210 4481 1305 4538 καὶ
1347 4484 1382 4554 ὴ
1435 4483 1503 4555 σὴ
1557 4482 1754 4539 εὐωδία

195 4562 568 4637 προετρέψαῗο
597 4568 724 4631 τοὺς
755 4570 1037 4642 μάρτυρας
1061 4572 1200 4644 ὑπὲρ
1223 4571 1321 4626 τοῦ
1341 4573 1536 4628 παθεῖν
1555 4590 1570 4605 ·
1605 4575 1755 4629 ἔπει·

187 4655 363 4727 δήπερ
390 4656 483 4710 καὶ
518 4657 584 4711 σὺ
615 4656 817 4723 ἔπαθες
843 4659 986 4733 ὑπὲρ
1023 4661 1203 4733 ἡμῶν.
1257 4663 1390 4717 ’aab
1410 4663 1468 4718 δὲ
1498 4663 1599 4736 τῆς
1625 4667 1755 4721 ἀκο·

190 4747 409 4814 λουθίας
448 4751 768 4818 γινωσκέτω
811 4755 918 4818 πᾶς
957 4770 1042 4819 τις
1077 4753 1186 4810 τῶν
1229 4755 1403 4826 λόγων
1443 4755 1542 4827 τὴν
1584 4757 1758 4828 ἀρμο-

187 4838 328 4893 νίαν.

261 4933 405 4998 ΚΦ.
446 4931 540 4986 Στ.
583 4931 671 4987 ιδ’.
725 4931 1082 5005 Ἀπόδεσμος
1111 4931 1224 5004 τῆς
1265 4935 1534 5003 στακτῆς
1575 4934 1750 4991 ἀδελ·

189 5020 361 5090 9166<-
377 5039 499 5092 μου
529 5022 685 5093 &1¹01-

260 5111 438 5177 Εὐθὺς
464 5112 870 5184 ὑπομιμνήσκει
896 5112 959 5168 τὸ
983 5108 1125 5186 αἷμα
1148 5116 1244 5169 καὶ
1268 5114 1329 5176 τὸ
1355 5115 1498 5188 ὕδωρ
1529 5115 1590 5170 τὸ
1621 5117 1751 5172 στά-

261 5224 307 5255 ⁸⁸
341 5223 479 5281 Gen.
503 5240 733 5290 xxxvttt,
757 5227 844 5283 18.

265 5334 377 5408 (22)
407 5334 782 5418 Nominativns
842 5338 1154 5408 absolutus3
1212 5354 1388 5410 neque
1429 5339 1628 5397 idcirco
1672 5341 1760 5396 bic

195 5406 341 5460 locus
363 5405 755 5461 sollicitandus.

267 5473 380 5542 (23)
413 5475 835 5545 stoaemaernr.
872 5475 1146 5533 salutatus
1189 5477 1381 5549 iegisse
1425 5477 1643 5534 videtur
1669 5493 1762 5533 τε·

195 5541 558 5615 τελειωμίνην
581 5561 595 5574 ·
627 5545 788 5600 vertit
815 5545 960 5600 euim
996 5564 1015 5598 t
1039 5547 1332 5617 perfectam
1357 5547 1523 5603 viam.
1555 5567 1576 5600 a

263 5612 382 5696 1²⁴)
415 5611 491 5666 Ex
523 5613 789 5683 vallicell.
828 5614 1039 5673 restitui
1076 5619 1215 5682 ταῖς.
1263 5617 1424 5674 Barb.
1472 5617 1634 5676 habet
1670 5618 1762 5673 καὶ

195 5697 362 5739 ταυτα
387 5681 638 5754 πράξεσι.

1839 512 2052 569 subdiu
2105 529 2124 563 t
2158 507 2366 565 Coiium
2408 514 2557 561 tuum
2605 504 2747 561 sicut
2790 501 3021 567 moniie;
3057 517 3077 553 ι
3117 509 3177 555 ιιι
3212 499 3418 555 indicet

1838 603 2001 659 etiam
2026 614 2120 655 eos
2153 597 2243 669 qui
2272 611 2338 652 ex
2368 594 2572 652 tudoeis
2594 592 2978 649 crediderunt:
3006 591 3059 647 in
3095 590 3417 646 memoriam

1840 706 2099 749 revocans
2126 688 2275 745 Judae
2307 686 2504 743 monile
2526 685 2570 719 ⁸⁸
2602 684 2748 755 quod
2786 682 3027 739 Thamar
3063 682 3254 737 datum
3287 679 3409 735 fuit.

1847 804 1867 838 ι
1904 780 2244 837 Manifestum
2299 778 2445 833 enim
2484 784 2591 842 est,
2639 773 2784 845 quod
2827 788 2897 828 ex
2948 771 3083 829 luda
3135 780 3288 827 ortus
3327 778 3415 824 eat

1842 872 2102 929 Dominus
2142 877 2328 924 noster
2355 864 2512 923 lesus
2540 864 2792 921 Christus
2814 902 2831 931 ,
2874 882 2894 917 ι
2930 863 3230 919 secundum
3261 862 3411 931 Apo-

1841 958 2039 1015 stolum
2058 957 2127 1013 ⁸⁹.
2168 956 2370 1012 Deinde
2402 955 2804 1027 generationem
2844 952 2961 1023 eius
2993 950 3248 1023 (sponsas)
3286 965 3420 1005 cnm

1841 1048 2199 1115 enarraverit,
2248 1056 2308 1103 et
2347 1052 2599 1101 ornatum
2644 1060 2805 1116 quem
2849 1044 2926 1100 iili
2960 1044 3127 1099 donat
3159 1056 3411 1113 sponsus,

1843 1138 2081 1196 subdunt
2106 1136 2366 1208 apostoii:

1913 1227 2102 1283 ΧΧΙΙΙ.
2135 1228 2299 1282 Vsus.
2332 1225 2421 1282 10.
2462 1223 2846 1282 Similitudines
2887 1222 3007 1277 artri
3037 1222 3289 1292 faciemus
3316 1220 3421 1276 eibi

1845 1334 1963 1374 cunt
1982 1316 2311 1389 stigmatibus
2337 1317 2559 1387 arqentt‘.
2909 1300 2922 1313 ⁸

1922 1408 2321 1465 Similitudines
2354 1406 2470 1462 auri
2510 1419 2618 1462 nou
2654 1404 2790 1461 alias
2824 1418 2946 1460 esse
2988 1401 3226 1458 arbitror
3255 1415 3416 1471 uttam

1852 1510 2071 1557 sanctos
2089 1507 2357 1569 martyres
2373 1513 2391 1563 ;
2415 1495 2848 1567 quandoquidem
2866 1494 2991 1565 igne
3011 1490 3221 1562 probati
3242 1489 3419 1561 spieu-

1846 1590 2109 1647 didiorem
2156 1588 2517 1644 exhibuerunt
2564 1586 2760 1654 iidem;
2796 1586 2874 1642 ait
2904 1586 3049 1641 enim
3091 1582 3419 1651 Scriptura:

1854 1699 1888 1753 t¹
1916 1680 2195 1750 Tanquam
2253 1693 2445 1736 aurum
2493 1676 2549 1733 in
2599 1676 2818 1733 fornace
2868 1674 3132 1732 conflatos
3176 1670 3419 1742 probavit

1779 1753 1821 1810 Β
1850 1785 1966 1837 eos,
2002 1779 2058 1825 ει
2081 1770 2221 1828 sicut
2249 1770 2619 1826 holocaustum
2658 1767 2910 1825 sacrificii
2939 1765 3177 1834 suscepit
3196 1762 3368 1819 eos”.
3394 1779 3416 1814 a

1849 1858 2127 1917 [lt-autem
2155 1875 2224 1917 ex
2255 1860 2322 1916 iis
2345 1875 2468 1931 ουκ.
2500 1867 2800 1930 sequuntur
2844 1858 3248 1914 demonstretur
3298 1868 3419 1909 ser-

1849 1967 2065 2008 monem
2087 1966 2210 2009 esse
2234 1955 2299 2008 de
2319 1950 2666 2023 martyribus,
2683 1951 2807 2007 vide
2830 1948 2971 2019 quod
2993 1946 3201 2003 subdit:
3231 1963 3251 1998 ι
3285 1945 3426 2000 Cum

1845 2045 2196 2118 stigmatibus
2245 2046 2476 2117 argenti.
2532 2063 2553 2098 ι
2614 2044 2878 2116 Stigmata
2939 2043 3083 2099 enim
3137 2039 3422 2097 manifesto

1848 2147 1974 2195 sunt
2020 2139 2247 2193 verbera
2304 2147 2360 2193 et
2400 2145 2667 2193 tormenta
2715 2149 2904 2191 eorum
2952 2134 3045 2204 qui
3078 2146 3176 2204 pro
3207 2130 3423 2186 Christo

1856 2230 2004 2300 passi
2032 2238 2192 2286 sunt:
2234 2226 2684 2299 quemadmodum
2715 2235 2947 2281 testatur
2975 2223 3177 2280 Paulus
3202 2223 3422 2279 dicens:

1854 2341 1875 2376 ι
1912 2322 2022 2391 Ego
2047 2322 2191 2377 enim
2222 2312 2473 2392 stigmata
2508 2317 2719 2373 Domini
2752 2315 2922 2372 nostri
2958 2315 3086 2371 Jesu
3124 2315 3325 2372 Christi
3367 2314 3424 2369 in

1847 2426 2084 2484 corpore
2133 2424 2257 2467 meo
2308 2419 2462 2481 porto
2485 2408 2553 2463 ⁷¹.
2612 2424 2633 2460 ι
2692 2405 2952 2476 Sequitur
3005 2414 3184 2460 autem
3240 2402 3422 2458 oratio

1848 2505 2074 2560 dicens:

1850 2592 2044 2651 xxiv.
2078 2590 2240 2649 Vens.
2275 2592 2363 2651 11.
2400 2588 2592 2657 Quoad
2624 2603 2790 2660 usque
2826 2601 2918 2643 rex
2953 2586 3007 2640 in
3038 2585 3272 2642 recubitu
3298 2600 3416 2640 auo.

1927 2772 1997 2830 Ut
2017 2772 2157 2827 dicat
2178 2789 2195 2828 ι
2220 2770 2401 2841 Usque
2429 2768 2497 2825 ad
2516 2766 2976 2840 regenerationem
3000 2778 3097 2836 per
3115 2762 3425 2821 convivium

1855 2862 2208 2935 (coeiestium)
2246 2862 2576 2935 nuptiarum.
2615 2859 2799 2930 Usque
2823 2868 2952 2916 tunc
2988 2859 3073 2915 hae
3102 2859 3312 2931 argenti
3342 2857 3424 2915 si-

1849 2953 2180 3011 miiitudines
2210 2963 2639 3025 congregantur:
2669 2954 2772 3010 boc
2799 2959 2903 3017 est,
2929 2949 3030 3018 Qui
3062 2965 3160 3019 pro
3189 2950 3295 3007 tide
3329 2966 3433 3022 pa-

1854 3047 2061 3103 tiuntur
2086 3058 2193 3102 non
2228 3044 2405 3102 sotum
2434 3044 2869 3116 persecutionum
2915 3050 3154 3112 tempore
3180 3055 3278 3114 per
3311 3050 3427 3098 tor-

1854 3148 2059 3204 menta,
2100 3138 2196 3195 sed
2234 3137 2398 3194 etiam
2446 3138 2599 3208 pacis
2643 3145 2888 3206 tempore
2918 3149 3018 3205 per
3059 3141 3342 3206 angustam
3368 3143 3427 3189 et

1853 3239 2064 3287 arctam
2091 3229 2234 3286 viam
2267 3229 2557 3294 currendo,
2588 3234 2643 3284 et
2672 3226 2979 3285 actionibus
3007 3225 3124 3282 suis
3158 3233 3423 3295 martyres

1855 3322 2142 3378 imitando.
2176 3320 2379 3376 Deinde
2408 3319 2649 3376 vicissim
2682 3333 2880 3391 sponsa
2909 3317 3218 3388 respondet,
3250 3323 3304 3371 et
3345 3315 3452 3370 di·-

1853 3415 1926 3468 cit
1957 3427 2188 3482 sponso:
2707 3424 2716 3431 ’

1924 3499 2093 3560 XXV.
2122 3498 2343 3556 Nardus
2374 3515 2489 3555 ntea
2517 3497 2659 3554 dedit
2686 3498 2901 3554 odorent
2930 3510 3105 3553 ειιιιιιι.

1925 3589 2064 3645 Dum
2089 3591 2205 3663 ipse
2232 3604 2463 3662 sponsus
2485 3588 2723 3658 loquitur
2749 3588 2816 3644 de
2836 3587 3185 3658 martyribus,
3213 3588 3422 3657 gratias

1853 3681 1930 3737 iiii
1977 3694 2142 3749 agens
2184 3695 2381 3750 sponsa
2414 3677 2722 3750 respondet,
2768 3686 2823 3732 et
2862 3677 2974 3732 ait:
3009 3695 3029 3729 t
3060 3677 3269 3733 Nardus
3306 3693 3427 3732 mea

1853 3771 1999 3827 dedit
2028 3768 2250 3824 odorem
2289 3783 2487 3825 suum:
2527 3786 2547 3820 ι
2580 3769 2684 3822 Ιιοε
2719 3775 2822 3832 est,
2856 3765 2981 3821 iiaec
3034 3769 3176 3824 bona
3202 3777 3257 3824 tu
3288 3768 3421 3824 deii-

1852 3861 2028 3926 basti;
2056 3872 2179 3923 nam
2206 3872 2306 3929 per
2358 3855 2585 3912 nardum
2623 3854 2952 3910 alabastrum
2979 3859 3236 3927 unguenti
3269 3873 3420 3916 com·

1854 3954 2141 4015 memorat,
2177 3949 2244 4003 de
2278 3961 2386 4017 quo
2417 3946 2673 4002 Dominus
2702 3944 2863 4000 dicit:
2900 3962 2920 3997 ι
2958 3945 3153 4013 Sinite,
3182 3962 3283 4004 nec
3305 3964 3422 4006 mo·

1801 4106 1804 4110 ⁴
1855 4041 1979 4098 iesti
2002 4041 2124 4096 sitis
2152 4038 2395 4105 mulieri3
2429 4028 2627 4094 bonum
2658 4037 2802 4094 enim
2833 4051 2968 4108 opus
2989 4046 3216 4107 operata
3253 4047 3339 4096 est
3366 4040 3427 4095 in

1854 4127 2037 4194 rne'⁸;
2077 4144 2098 4180 ι
2126 4134 2182 4182 ει
2205 4141 2328 4197 quae
2356 4125 2626 4194 deinceps.
2677 4125 2887 4194 Sponsa
2917 4125 3083 4195 igitur
3105 4127 3269 4183 veluti
3297 4144 3427 4186 cum

1856 4217 2157 4288 gratiarum
2181 4217 2394 4271 actione
2421 4214 2755 4284 respondens
2784 4216 2896 4272 ait:
2927 4215 3046 4287 lpse
3074 4217 3201 4272 mibi
3227 4218 3424 4275 dedisti

1854 4306 2073 4362 odorem
2102 4312 2423 4376 martyrum.
2462 4323 2481 4358 t
2513 4303 2723 4362 Nardus
2752 4324 2773 4359 ι
2804 4305 2949 4362 euim
2977 4325 2999 4361 t
3025 4307 3171 4364 dedit
3193 4307 3420 4365 odorem

1855 4413 2045 4464 suum;
2075 4415 2095 4451 ι
2128 4396 2233 4453 boc
2259 4403 2363 4462 est,
2391 4394 2566 4451 Tuum
2596 4397 2913 4468 martyrium
2935 4407 2991 4454 et
3011 4400 3145 4455 odor
3175 4410 3298 4456 tuus
3328 4414 3419 4456 co·

1857 4489 2107 4544 hortatus
2133 4496 2214 4543 eat
2247 4495 2539 4560 martyres,
2576 4496 2635 4543 ut
2661 4502 2761 4558 pro
2790 4497 2843 4544 te
2871 4497 3205 4559 paterentur,
3235 4506 3414 4560 quan-

1856 4579 2144 4651 doquidem
2172 4588 2229 4635 tu
2270 4594 2491 4650 quoque
2533 4594 2631 4650 pro
2676 4579 2832 4636 uobis
2879 4595 2940 4636 ea
2979 4594 3190 4650 passus.
3227 4581 3307 4637 Ex
3353 4582 3426 4637 iis

1858 4683 1989 4725 vero
2020 4683 2141 4740 quae
2168 4676 2485 4738 sequuntur,
2515 4669 2745 4739 quisque
2781 4667 3081 4741 intelligere
3108 4671 3307 4739 poterit
3335 4680 3419 4725 to·

1859 4761 1967 4816 tius
1990 4758 2253 4815 orationis
2272 4758 2678 4814 connexionem.

1928 4937 2114 4996 xxvi.
2139 4935 2302 4994 Vsus.
2349 4936 2437 4992 ta.
2466 4935 2775 4993 Fasciculus
2800 4948 2961 5009 yuttoe
2986 4935 3254 5008 fratruelis
3271 4885 3421 4990 meus

1854 5031 2003 5086 mihi.

1926 5119 2121 5176 Statim
2152 5123 2537 5174 commemorat
2583 5115 2901 5185 sanguinem
2951 5123 3009 5172 et
3046 5131 3265 5188 aquam,
3300 5131 3420 5186 ηοω
3540 5146 3545 5151 ·

920 5226 964 5261 ⁸⁰
989 5224 1271 5291 Hem-vu,
1302 5227 1388 5283 14.
1466 5227 1514 5261 '⁶
1538 5226 1662 5298 Sap.
1688 5243 1771 5296 ιιι,
1806 5227 1859 5285 6.
1932 5228 1979 5271 ¹¹
2001 5227 2176 5286 Galat.
2232 5241 2309 5292 vt,
2358 5223 2447 5280 17.
2518 5224 2565 5256 ”
2614 5223 2804 5280 Matth-
2838 5239 2992 5293 xxvi,
3033 5226 3120 5282 10.

1874 5350 1885 5361 ·
1932 5339 2046 5411 (25)
2080 5337 2378 5396 Τουτέστι.
2408 5334 2509 5392 liic
2542 5335 2595 5391 in
2630 5352 2773 5406 meo,
2803 5349 2860 5396 et
2900 5338 3063 5396 Barb.
3104 5339 3294 5410 incipit
3319 5341 3415 5396 bn·

1859 5409 1953 5478 ins.
1974 5425 2163 5466 versus
2183 5405 2509 5488 expianatio,
2532 5405 2747 5462 omissis
2774 5410 3142 5480 superioribus
3161 5423 3281 5479 qun
3302 5424 3427 5477 aup-

1860 5480 1997 5564 ptevi
2023 5494 2089 5534 ex
2142 5479 2326 5534 codice
2376 5472 2743 5542 Vaibceiiano,
2785 5493 2956 5550 eaque
2994 5477 3239 5549 agnoscit
3265 5486 3417 5532 vetus

1859 5559 2215 5702 ιωὲἕΐῖεςο
2252 5615 2343 5705 τὸν
2378 5613 2716 5684 ἀλάβαστρον
2740 5613 2888 5686 λέγει
2934 5614 3025 5671 τοῦ
3051 5612 3260 5686 μύρου·
3291 5610 3416 5684 περὶ

1858 5681 1921 5758 οὗ
1948 5688 1978 5741 ό
2056 5700 2223 5757 υριος·
2276 5686 2471 5756 Avus,
2499 5701 2553 5741 κ.
2586 5699 2637 5737 τ.
2672 5681 2721 5740 λ.
