3725 6125
253 312 389 371 {01¹

1354 301 1634 358 Parnes
1670 299 1972 362 AEGYPTn
2011 300 2290 359 sAEctJu
2327 299 2419 358 lv.

253 440 667 501 consequamur
697 421 1089 479 haereditatem.
1126 420 1336 476 Scitote
1376 419 1844 487 autem,dilectis·
1875 426 1922 483 Α
1950 419 2231 477 creatoris
2253 460 2272 489 ,
2329 416 2555 491 eiusque
2604 417 2979 476 visitationes
3045 416 3239 474 nostri
3295 434 3445 477 secur

256 520 381 578 siml
406 558 422 586 ,
466 516 694 572 virtutes
728 520 981 577 sanctas,
1013 524 1316 581 supernas,
1351 509 1744 589 intellectuales
1776 524 1842 566 ac

255 608 569 684 splendidas
594 644 613 673 ,
657 613 714 661 et
748 612 974 660 naturas
1005 602 1268 669 illustres,
1299 603 1368 658 ad
1398 617 1567 659 unum
1595 604 1843 659 conditas

254 718 379 760 esse
408 717 440 756 a
464 698 550 756 sul
576 697 867 770 principio,
899 697 1045 768 quod
1076 704 1161 753 est
1190 696 1285 752 Del
1315 696 1592 763 laudatio;
1628 705 1687 753 et
1716 706 1844 753 sunt

255 794 434 864 angeli
463 802 517 850 et
547 791 865 862 archangeli
891 798 949 846 et
979 790 1163 847 throni
1185 797 1241 847 et
1265 789 1687 856 dominationes,
1714 803 1845 861 pro-

254 890 434 961 phetae
457 897 517 944 et
542 884 811 956 apostoli,
850 891 906 941 et
937 882 1139 939 satana
1172 891 1230 940 et
1271 882 1472 939 diaboii
1493 923 1507 948 ,
1535 891 1591 936 et
1621 882 1844 953 spiritus

255 979 405 1045 mall,
445 987 504 1036 et
548 977 829 1050 principes
868 976 1031 1032 aeris.
1084 973 1151 1031 Bi
1201 975 1422 1046 quidem
1471 990 1664 1032 ornnes
1710 984 1844 1031 sunt

253 1088 390 1147 opus
415 1071 703 1129 Trinitatis
741 1069 1105 1128 sanctissimae
1135 1068 1338 1137 Patris,
1369 1078 1423 1126 et
1452 1068 1600 1137 Filii,
1629 1077 1685 1125 et
1712 1068 1843 1141 Spi-

254 1165 394 1223 ritus
423 1163 622 1222 sancti.
664 1161 910 1232 Quorum
948 1162 1210 1235 quosdam
1244 1162 1315 1218 ob
1357 1176 1550 1218 eorum
1605 1162 1841 1233 optimos

252 1266 434 1314 motus
482 1255 816 1327 nuncupavit
863 1253 1006 1310 Deus
1058 1253 1358 1310 secundum
1398 1267 1567 1325 opera
1609 1268 1836 1321 eorum;

250 1349 347 1421 qul
377 1363 510 1405 vero
536 1346 657 1420 plus
681 1355 992 1412 creverunt,
1033 1346 1156 1417 plus
1182 1346 1469 1419 glorificati
1494 1354 1617 1402 sunt
1650 1361 1677 1405 a
1709 1346 1839 1413 Deo,

251 1438 342 1495 cui
371 1438 628 1509 maiestas
651 1445 706 1491 et
730 1436 905 1493 honor
939 1435 993 1491 in
1031 1436 1228 1493 saecula
1267 1438 1615 1496 saeculorum.
1643 1438 1837 1496 Amen.

812 1550 1156 1611 EPtsTOLA
1197 1549 1282 1610 Vl.

253 1668 410 1727 Fufiis
435 1671 548 1726 ruis
575 1670 850 1726 monachis
869 1710 886 1731 ,
914 1676 1040 1723 noea
1072 1668 1149 1723 eis
1169 1667 1372 1738 [aciens
1401 1668 1693 1723 certamina
1723 1672 1838 1723 dce-

321 1757 572 1809 monum,
607 1749 656 1795 et
705 1740 914 1795 auxilia
953 1747 1264 1793 sanctarum
1299 1740 1548 1792 sirmium
1591 1754 1612 1794 .·
1653 1739 1839 1793 incitat
1871 1774 1916 1829 B

323 1828 414 1867 eos
443 1822 701 1880 proeterea
731 1811 801 1864 ad
825 1808 1162 1879 patientiam,
1194 1816 1240 1863 et
1272 1807 1659 1863 absolutionem
1689 1809 1839 1864 illius

320 1881 392 1937 ad
423 1882 562 1953 qnod
588 1880 787 1951 eqrerri
804 1887 948 1936 runt.
980 1877 1051 1933 Iu
1086 1894 1213 1950 pace
1239 1876 1468 1933 Dounion.
1507 1877 1654 1933 Dixit
1675 1894 1696 1934 .·

318 1993 590 2053 Antonius
632 1991 757 2051 aliis
793 1991 908 2050 suis
953 1991 1324 2049 dilectissimis
1369 1993 1425 2048 in
1475 1992 1748 2063 Domino,
1781 2004 1839 2053 et

251 2087 505 2145 omnibus
538 2087 631 2159 qui
668 2087 736 2143 ad
773 2086 942 2143 Deum
979 2085 1245 2142 accedunt
1273 2086 1341 2142 de
1373 2094 1488 2143 toto
1512 2088 1676 2144 corde
1712 2102 1835 2158 suo,

251 2180 479 2237 salutem
514 2180 647 2236 dicit
674 2178 929 2236 omnibus
957 2178 1137 2245 vobis,
1171 2179 1424 2236 maximis
1455 2179 1833 2251 minimisque,

251 2272 342 2343 qui
379 2288 503 2329 rere
540 2270 797 2329 Israelitae
825 2271 982 2328 estis.
1011 2270 1308 2329 Consecuti
1350 2270 1500 2329 enim
1540 2273 1676 2328 estis
1713 2272 1836 2328 seli-

248 2381 367 2422 ccm
395 2363 712 2425 beatitatem
743 2364 918 2438 gratia
945 2375 1209 2437 operante
1229 2406 1246 2433 ,
1285 2380 1407 2436 quae
1435 2374 1520 2422 est
1561 2365 1617 2421 in
1653 2365 1831 2423 vobiS.

251 2454 638 2515 Verumtamen
688 2464 942 2529 oportet,
989 2464 1046 2511 ut
1093 2455 1310 2528 impigri
1351 2456 1576 2513 certetis
1614 2466 1838 2529 propter

248 2562 370 2604 cum
392 2548 484 2618 qui
508 2546 740 2606 micavit
757 2563 847 2603 uos
873 2547 1048 2603 oriem
1073 2562 1140 2602 ex
1167 2546 1279 2603 alto
1296 2545 1365 2616 ⁸⁸,
1388 2559 1448 2602 ut
1466 2544 1767 2603 efficiamur
1784 2549 1836 2603 ei

249 2640 426 2698 hostia
463 2649 650 2695 sancta
670 2678 689 2706 ,
719 2638 1090 2697 immaculata.
1138 2636 1355 2694 Scimus
1382 2638 1532 2693 enim
1558 2637 1836 2708 quomodo

249 2730 452 2788 cecidit
497 2738 689 2785 natura
732 2731 849 2786 liaec
879 2730 1261 2788 substantialis
1294 2746 1364 2786 ex
1399 2746 1496 2786 sua
1544 2729 1836 2787 altitudine

254 2827 308 2879 in
351 2822 685 2895 profundum
729 2821 1040 2893 ignominiae
1082 2832 1140 2879 et
1180 2822 1451 2887 miseriae,
1476 2832 1533 2879 et
1558 2823 1835 2895 quomodo

250 2915 492 2972 visitavit
528 2929 649 2972 eam
683 2912 828 2970 Deus
855 2914 1167 2972 misericors
1202 2913 1319 2971 suis
1347 2914 1558 2987 legibus
1586 2932 1686 2987 per
1717 2933 1834 2972 ma·-

249 3026 354 3071 ttus
400 3010 638 3087 Moysis,
693 3006 1136 3079 reliquorumque
1182 3006 1590 3079 prophetarunt.
1641 3005 1834 3066 Novis-

1951 514 2224 570 liorninem
2252 521 2538 569 externum
2565 522 2621 568 et
2666 511 2972 570 internum
2996 552 3015 579 ‚
3059 524 3137 567 eo
3167 511 3326 583 qnod
3352 526 3445 568 cnr

1950 604 2180 660 tionales
2208 602 2408 670 simus,
2439 602 2564 659 lacti
2587 618 2782 660 snmus
2813 601 3219 659 irrationales
3248 603 3326 658 ob
3362 618 3445 661 not

1949 696 2359 753 inclinationem
2396 709 2519 751 cum
2548 694 2833 752 voluntate
2864 695 3067 751 hostis
3113 693 3282 750 mala
3307 710 3445 767 opera

1946 790 2119 861 patris
2144 788 2433 845 mendacii.
2466 788 2637 861 Cupio
2664 798 2859 846 antem
2891 804 3004 845 voa
3048 790 3249 853 seire,
3278 799 3445 863 quotr

1950 892 2125 953 mque
2160 882 2469 939 daemonum
2503 882 2702 938 artium
2738 883 3077 955 myriades,
3115 890 3187 939 et
3215 897 3388 955 qnam
3411 898 3445 939 e

1946 977 2159 1048 species
2209 975 2511 1032 innumerae
2561 974 2670 1031 sint
2718 994 2732 1031 :
2788 977 2895 1045 quii
2951 990 3101 1031 cum
3154 976 3445 1045 vidissent,

1939 1066 2053 1138 jam
2094 1066 2347 1138 proprias
2374 1065 2659 1137 passiones
2684 1066 3220 1137 ignominiamque
3244 1067 3445 1138 cog-ori

1946 1172 2011 1212 ac
2054 1166 2316 1227 practerea
2365 1171 2553 1214 eorum
2600 1157 2775 1212 malas
2826 1157 3240 1227 operationes
3276 1172 3445 1230 quun

1946 1260 2279 1322 suggerunt,
2329 1249 2516 1323 lugere
2556 1260 2793 1306 conatos
2841 1264 2982 1305 esse
3008 1266 3034 1316 ς
3076 1264 3284 1320 neque
3320 1250 3445 1305 bart

1948 1351 2117 1411 taxat,
2146 1357 2333 1399 verum
2359 1344 2526 1400 etiam
2552 1342 2712 1399 malis
2737 1357 2948 1399 eorum
2984 1342 3273 1399 consiliis
3294 1357 3445 1415 quau

1947 1435 2198 1509 injiciunt
2251 1450 2415 1492 aures
2459 1452 2564 1492 non
2605 1436 2737 1492 dare
2787 1453 2807 1492 t
2855 1450 3018 1507 opus
3074 1450 3253 1491 suurn
3304 1451 3410 1493 cu·
3438 1435 3445 1504 Ξ

1945 1529 2186 1601 aggressi
2235 1537 2383 1585 sunt.
2433 1527 2646 1584 Norunt
2682 1527 2844 1584 enirn
2898 1528 3001 1584 sui
3062 1526 3362 1585 creatoris
3385 1528 3445 1583 da

1945 1622 2149 1678 facturn
2178 1635 2299 1679 esse
2329 1620 2433 1678 sibi
2461 1622 2551 1678 bic
2584 1622 2636 1676 in
2668 1628 2953 1687 mortem,
2988 1629 3056 1677 et
3087 1620 3210 1692 jam
3241 1622 3310 1677 dc
3331 1633 3445 1677 seat

1943 1729 2065 1771 esse
2092 1714 2411 1786 pratparari,
2443 1724 2499 1769 et
2527 1728 2649 1770 esse
2674 1715 2946 1769 liaeredes
2988 1712 3318 1771 inferorum
3343 1713 3444 1771 obs

1944 1807 2283 1864 aversionem
2314 1821 2378 1863 ac
2410 1807 2637 1862 nimiam
2659 1806 2987 1862 malitiam.
3025 1805 3445 1879 Quapropter,l

1943 1896 2053 1954 mei
2083 1895 2459 1966 dilectissimi,
2488 1910 2776 1966 nunquam
2823 1910 3017 1953 cesso
3053 1908 3234 1954 noctu
3262 1898 3439 1969 diuque

1942 1990 2097 2047 vobis
2120 1990 2435 2060 deprecari,
2466 1998 2527 2045 ut
2553 1988 2808 2044 cordium
2836 1998 3205 2046 vestrorum
3238 1990 3430 2060 aperiat

1941 2085 2123 2140 minus
2141 2084 2352 2150 oculos,
2374 2092 2432 2138 ut
2462 2082 2645 2139 videre
2670 2084 2911 2154 queatis
2935 2084 3445 2156 magnitudine-in·

1944 2176 2144 2233 tudinis
2161 2176 2409 2233 fraudum
2425 2175 2732 2232 daernonum
2754 2190 3108 2249 eorumque
3131 2177 3383 2235 malitia·
3402 2192 3445 2248 qt

1942 2269 2099 2326 nobis
2125 2269 2382 2340 ingerunt
2409 2267 2674 2339 qnotidie,
2707 2282 2777 2324 ac
2808 2276 2883 2325 ut
2922 2270 3104 2327 vobis
3156 2270 3419 2342 elargiatur

1942 2361 2171 2435 vigilans
2232 2369 2288 2416 et
2332 2360 2582 2432 spiritum
2613 2359 3041 2432 discretionis,
3099 2371 3169 2418 ut
3219 2364 3445 2432 rosta*

1940 2456 2136 2512 oll'erre
2159 2454 2377 2525 possitis
2401 2453 2510 2511 Deo
2531 2453 2768 2510 hostiam
2801 2453 3045 2522 vivam,
3082 2455 3436 2518 immaeahau.

1940 2562 2135 2604 cavere
2166 2546 2425 2602 invidiam
2458 2546 2773 2601 daemonuin
2815 2548 2994 2605 omni
3023 2558 3290 2622 tempore
3307 2558 3445 2605 unt·

1941 2638 2082 2693 mala
2110 2637 2364 2703 consilia,
2392 2635 2719 2707 illorumque
2745 2637 3019 2697 latentes
3050 2640 3445 2700 machina-2⁸²

1938 2732 2275 2789 subvelatam
2316 2733 2600 2801 malitiam,
2631 2741 2690 2788 et
2721 2735 2987 2803 spiritus
3033 2754 3241 2798 eornm
3273 2739 3445 2798 satha

1940 2835 2060 2894 tes,
2099 2837 2156 2884 et
2201 2827 2564 2901 cogitationes
2603 2828 3001 2900 blasphemas
3029 2877 3051 2903 ,
3093 2847 3155 2894 et
3205 2833 3445 2892 infidelitate

1939 2935 2102 2991 quam
2141 2920 2346 2992 ingiter
2394 2930 2731 2992 suggerunt,
2784 2934 2852 2980 et
2908 2928 3123 2985 cordis
3160 2927 3445 2998 stupiditate

1939 3012 2274 3084 subtilesque
2331 3029 2520 3072 eorum
2573 3016 3078 3085 perturbationes
3117 3035 3242 3094 quas
3303 3017 3444 3091 quoti

251 3107 450 3159 simum
481 3111 664 3159 autem
695 3100 749 3156 id
787 3098 992 3155 facturn
1021 3109 1106 3154 est
1133 3113 1233 3170 per
1274 3099 1466 3155 Filium
1495 3097 1618 3169 ejus
1645 3101 1830 3172 unige·
1858 3134 1905 3193 e
1940 3105 2181 3163 inserunt
2218 3125 2343 3165 cum
2390 3110 2651 3165 moestitia
2696 3112 2947 3183 cordiS,
3003 3125 3073 3175 et
3117 3130 3290 3174 eorum
3323 3116 3441 3169 ira-

249 3195 444 3259 nitunt,
468 3192 563 3267 qni
590 3202 907 3250 nostrorum
924 3191 1243 3265 pontificum
1264 3190 1529 3263 Princeps
1552 3198 1634 3261 est
1658 3193 1834 3247 maxi-

247 3299 403 3352 mus,
429 3292 486 3341 et
528 3281 773 3341 Rediens
812 3291 1003 3340 noster
1023 3294 1220 3350 verus,
1256 3282 1351 3354 qni
1383 3291 1603 3339 nostros
1631 3268 1834 3340 sanare

247 3377 392 3434 valet
429 3376 678 3444 dolores;
734 3383 828 3449 qui
881 3376 1179 3447 assumpsit
1224 3393 1423 3447 corpus
1452 3386 1734 3443 nostrum,
1777 3385 1834 3433 et

249 3471 472 3528 tradidit
523 3481 696 3528 semet
741 3472 917 3543 ipsum
971 3486 1069 3543 pro
1122 3470 1281 3528 nobis
1333 3485 1396 3526 ac
1447 3486 1544 3541 pro
1591 3470 1833 3541 peccatis

245 3563 451 3621 nostris
475 3606 492 3632 ,
520 3565 799 3636 accipiens
826 3573 1052 3634 propter
1082 3573 1326 3618 nostram
1369 3563 1656 3618 stultitiam
1691 3563 1828 3636 figu-

247 3670 360 3711 ram
382 3656 649 3724 stultitiae,
673 3665 727 3711 et
757 3666 980 3726 propter
1001 3665 1244 3710 nostram
1276 3652 1650 3709 infirmitatem
1685 3654 1834 3710 simi·

245 3748 528 3804 litudinem
560 3747 900 3803 infirmitatis
920 3787 936 3812 ,
969 3756 1026 3802 et
1057 3755 1278 3817 propter
1319 3756 1564 3802 nostram
1601 3761 1829 3817 pauper-

245 3847 409 3894 tatem
432 3838 660 3908 liguram
690 3839 1025 3910 paupertatis
1041 3882 1056 3907 ,
1080 3849 1137 3894 ct
1160 3848 1386 3909 propter
1410 3850 1654 3894 nostram
1683 3853 1832 3894 mor-

245 3929 514 3987 talitatem
555 3931 792 4000 gustavit
832 3941 1084 3987 mortem.
1132 3931 1263 4000 Quae
1305 3931 1489 3986 omnia
1517 3946 1713 4003 passus
1745 3942 1828 3987 est

243 4035 343 4093 pro
365 4021 542 4086 nobis,
565 4038 630 4078 ac
651 4038 748 4093 per
769 4022 889 4094 eins
916 4034 1145 4079 mortem
1170 4024 1382 4078 liberati
1405 4039 1618 4079 sumus.
1647 4023 1828 4094 Quare

245 4129 346 4171 nos
371 4123 586 4186 oportet
621 4117 747 4172 totis
775 4115 1061 4173 decertare
1090 4115 1297 4172 viribus
1335 4124 1501 4186 atque
1537 4118 1740 4182 nervis,
1771 4124 1828 4172 ut

241 4209 489 4263 laetentur
519 4224 619 4279 pro
651 4208 806 4265 nobis
832 4211 1005 4265 sancti
1033 4221 1246 4274 omnes,
1283 4207 1373 4276 qui
1415 4223 1512 4278 pro
1540 4209 1699 4264 nobis
1732 4211 1826 4265 de-

239 4307 536 4366 precantur
586 4307 832 4370 tempore
882 4306 1086 4353 nostra)
1129 4297 1400 4367 pigritiae,
1445 4296 1825 4367 laetabiturque

237 4402 428 4446 serens
460 4398 624 4460 atque
651 4399 863 4447 metens
887 4388 1047 4445 simul
1077 4388 1147 4443 ⁸⁰.
1179 4387 1413 4457 Oportet
1432 4400 1701 4461 praeterea
1727 4406 1826 4448 ros

1937 3201 2368 3259 susurrationem
2400 3217 2566 3271 quam
2603 3201 2880 3273 iniiclunt
2913 3208 3129 3276 nobis,
3154 3216 3213 3265 ut
3240 3205 3445 3264 deiurio

1935 3308 2323 3363 susurremus,
2354 3303 2570 3351 nosmet
2608 3296 2765 3366 ipsos
2840 3299 3147 3361 duntaxat
3182 3303 3445 3375 justificante

1930 3384 2240 3455 judicantes
2273 3387 2411 3445 aiios
2433 3427 2451 3456 ,
2503 3387 2743 3446 invicem
2781 3393 3254 3466 maledicentes,
3290 3391 3445 3453 narii

1935 3488 2167 3551 quentes
2217 3479 2435 3553 lingua,
2490 3480 2691 3538 nostris
2748 3484 2807 3539 in
2866 3489 3170 3548 cordibus
3219 3483 3445 3547 anau-fl

1938 3574 2258 3642 recondita;
2289 3575 2526 3646 proximi
2577 3576 2995 3638 extrinsecum
3039 3584 3356 3655 judicantes.
3382 3579 3444 3633 ’Β

1936 3678 2036 3720 nos
2072 3666 2335 3722 habentes
2366 3665 2678 3734 latronem;
2706 3668 3113 3732 decertantes
3142 3684 3204 3734 et
3225 3677 3441 3731 aaran*

1935 3758 2093 3814 nobis
2131 3758 2361 3814 invicem
2387 3798 2403 3826 ,
2451 3758 2521 3814 ad
2573 3767 2770 3814 nostra
2818 3768 3194 3825 stabilienda
3229 3763 3417 3824 reru!

1932 3847 2365 3904 honorabiliores
2394 3848 2698 3903 videamur.
2732 3848 3058 3913 Praeterea
3085 3874 3199 3915 nos
3224 3853 3396 3914 adit*

1932 3944 2100 3998 citant
2127 3956 2295 4011 opera
2338 3957 2457 4013 quae
2493 3952 2825 4013 perpetrare
2879 3946 3054 4005 hand
3086 3945 3415 4013 nimi*

1932 4040 2110 4091 tentes
2129 4049 2251 4105 quae
2269 4043 2468 4089 nostrae
2491 4042 2616 4089 sunt
2643 4035 2960 4095 utilitatis.
2993 4040 3191 4109 Quare
3213 4036 3429 4098 nasim*

1929 4122 2149 4194 lugendi
2181 4122 2250 4179 ad
2270 4122 2435 4179 risum
2455 4124 2710 4188 incitant,
2742 4135 2802 4180 et
2827 4126 3054 4202 lugere
3083 4149 3191 4190 ηας
3212 4130 3437 4189 waiu-

1929 4227 2060 4284 pore
2092 4213 2399 4282 gaudendi,
2445 4222 2711 4283 perpetuo
2761 4215 3166 4283 intendentes
3198 4229 3365 4280 οων*
3386 4207 3440 4262 ἕ·

1926 4305 2273 4363 clinationem
2307 4321 2339 4360 a
2383 4306 2468 4361 via
2514 4313 2663 4361 recta
2709 4316 2777 4362 ut
2823 4327 2951 4371 nos
2983 4318 3102 4375 sibi
3146 4303 3442 4376 suislrafflss

1927 4397 2240 4469 subjiciant.
2287 4397 2443 4454 llaud
2469 4397 2822 4458 enucleanda
2878 4406 2947 4463 in
2986 4425 3226 4479 pm
3247 4401 3340 4460 ai
3360 4400 3440 4450 αἱ

238 4481 413 4543 scire,
441 4479 592 4535 filioli
629 4481 730 4536 inei
750 4520 775 4546 ,
798 4495 962 4549 quam
993 4480 1047 4534 in
1097 4479 1437 4551 gravissimis
1467 4497 1657 4539 versor
1696 4499 1822 4555 pas·
1857 4481 1902 4536 D
1929 4489 2141 4562 singula
2170 4505 2360 4547 eorum
2391 4490 2533 4546 maia
2570 4501 2817 4563 excepto
2859 4504 3035 4570 quod
3082 4505 3133 4560 31
3168 4498 3289 4558 „aa
3314 4493 3432 4545 nrm

237 4567 483 4623 sionibus
511 4582 673 4622 causa
707 4577 911 4624 vestra.
949 4567 1084 4623 Nam
1115 4569 1318 4640 aspicio
1344 4571 1562 4628 labores
1595 4584 1822 4630 sancto·

239 4673 356 4712 rum
386 4675 486 4730 pro
524 4659 678 4714 vobis
701 4699 718 4726 ,
753 4674 1055 4732 eorumque
1083 4663 1320 4732 gemitus
1355 4678 1420 4718 ac
1459 4679 1652 4734 preces
1679 4682 1824 4738 quas

234 4748 384 4804 omni
441 4761 687 4819 tempore
736 4764 924 4806 coram
982 4750 1095 4805 Deo
1150 4767 1259 4823 pro
1302 4753 1457 4811 vobis
1513 4755 1822 4815 effundunt.

235 4842 415 4910 Quare
455 4841 657 4898 imitari
693 4856 792 4898 eos
828 4841 1064 4914 satagite
1093 4861 1109 4898 ε
1156 4844 1359 4915 quippe
1389 4846 1485 4916 qui
1523 4864 1822 4922 prospexe-

237 4944 362 4988 rnnt
387 4936 470 4990 sui
504 4934 789 4990 creatoris
810 4934 864 4990 in
893 4951 994 4992 sua
1027 4937 1264 4993 mirabili
1292 4935 1676 4999 incarnatione
1709 4946 1824 4998 dis-

234 5026 606 5090 pensationes.
663 5024 893 5098 eiusque
938 5027 1154 5085 labores
1210 5044 1317 5100 pro
1366 5043 1550 5087 nostra
1605 5037 1821 5102 salute,

234 5115 516 5190 bustisque
561 5115 721 5173 dolos
751 5122 1052 5189 quaerentis
1089 5135 1311 5193 semper
1349 5134 1594 5180 nostram
1637 5129 1820 5198 perdi·

233 5209 438 5265 tionem
474 5210 531 5266 in
561 5209 777 5267 interno
805 5211 985 5286 (quod
1026 5225 1113 5274 est
1149 5215 1272 5288 ejus
1307 5229 1640 5290 suorumque
1664 5236 1821 5281 coin-

233 5298 537 5357 militonum
582 5303 835 5379 portio);
884 5321 1102 5381 semper
1150 5321 1390 5380 namque
1443 5312 1672 5380 perdere
1719 5329 1821 5371 nos

231 5394 466 5452 intendit
496 5394 600 5452 hac
627 5412 821 5470 magna
849 5403 1179 5473 perditione.

301 5482 457 5556 Rogo
487 5485 669 5560 itaque
695 5505 820 5558 vos,
852 5493 1007 5549 lilioli
1038 5493 1145 5550 mei
1199 5493 1543 5551 dilectissimi
1569 5534 1588 5562 ,
1624 5505 1685 5551 ut
1714 5495 1820 5552 lioe

225 5577 582 5651 percipiatis,
632 5591 689 5638 et
737 5585 1089 5656 perpendatis
1143 5586 1588 5658 dispensationes
1644 5588 1816 5644 nostri

267 5764 317 5797 ⁸⁶
355 5763 495 5829 Luc.
526 5783 570 5844 r,
607 5770 703 5833 78.
789 5771 836 5806 ⁸⁸
874 5766 1042 5830 loan.
1072 5785 1154 5842 tr,
1182 5768 1284 5826 55.

1931 4579 2264 4651 ejuscemodi
2297 4581 2461 4636 rebus
2494 4580 2878 4658 impleantur,
2929 4577 3429 4667 tanqu-minti

1933 4683 2046 4730 tum
2086 4688 2218 4729 vero
2256 4673 2705 4747 multiplicabitur
2740 4677 2806 4733 in
2849 4687 3048 4746 nobis
3080 4666 3445 4745 ahaim

1927 4765 2214 4834 emittens,
2243 4765 2456 4837 eritque
2496 4765 2651 4822 nobis
2685 4768 3084 4838 horrendum
3116 4769 3387 4848 „finnt-

1995 4857 2341 4928 Quapropter
2372 4873 2473 4913 nos
2500 4867 2722 4929 oportet
2754 4865 3063 4927 assiduas
3097 4871 3168 4927 ad
3195 4850 3445 4922 Patrisbffl'

1928 4958 2093 5004 tatem
2130 4947 2409 5006 effundere
2433 4964 2646 5020 preceS,
2678 4959 2742 5005 ut
2772 4961 2995 5017 veniat
3028 4963 3161 5033 ejus
3188 4955 3444 5017 milium*

1924 5039 1981 5096 in
2000 5042 2213 5098 cunctis
2232 5041 2540 5103 actionibus
2558 5043 2772 5102 nostris
2797 5051 3147 5119 opituletur
3167 5051 3326 5110 nobis.
3342 5041 3445 5112 Quin

1930 5144 2227 5204 apparatus
2261 5135 2352 5192 liic
2379 5136 2448 5192 ad
2485 5143 2735 5193 nostram
2788 5146 3198 5212 perditionem
3226 5131 3444 5207 aba&

1931 5241 2051 5281 inus
2073 5225 2395 5283 confusione
2430 5226 2605 5298 plena.
2641 5227 2787 5287 Dico
2805 5246 3014 5295 autem
3052 5230 3445 5306 robis.fllioli·‘

1920 5317 2066 5388 quod
2089 5319 2269 5375 omnis
2296 5320 2458 5376 liomo
2479 5318 2717 5390 quisuis
2740 5325 3093 5389 delectatur
3118 5320 3444 5404 cogitationi*

1920 5418 2115 5480 sponte
2140 5409 2328 5478 cadit,
2368 5425 2494 5469 cum
2524 5411 2594 5468 iis
2627 5428 2761 5484 qua
2799 5419 2930 5479 sibi
2947 5422 3293 5491 ,inferuntur
3317 5417 3444 5472 Μ

1918 5512 2091 5570 eaque
2118 5516 2416 5575 permagna
2445 5517 2567 5560 esse
2599 5511 2888 5579 mysteria
2913 5516 3234 5583 existimet.
3268 5527 3326 5569 ac
3361 5515 3445 5564 set¹

1918 5591 2096 5664 ipsum
2122 5594 2383 5666 justificet
2422 5598 2477 5655 in
2507 5597 2577 5655 iis
2608 5599 2900 5664 duntaxat
2926 5624 3066 5682 qnae
3098 5617 3368 5685 operatur?
3393 5606 3445 5651 ω
