3725 6125
228 300 366 358 '1¹21

1308 290 1364 346 S.
1411 289 1618 346 tSAlAE
1661 287 1954 347 annuis
1993 291 2413 350 ottaTtONEs.
2510 290 2517 296 ’

3375 301 3517 358 tias

227 437 325 490 per
360 415 534 485 §quem
572 408 875 473 transieris,
910 422 1015 461 uon
1039 406 1357 462 coiiebureris
1394 423 1412 461 .-
1439 408 1656 477 flamme
1689 408 1821 462 enim
1854 414 1902 470 Α
1930 417 2014 465 ιει·
2044 418 2136 464 aut
2172 408 2339 466 facias
2366 419 2459 464 aut
2492 411 2667 478 dicas,
2694 420 2752 466 ut
2793 426 2858 467 ex
2888 414 3151 471 modestia
3181 417 3517 475 taciturnita-

231 525 338 565 που
366 513 550 561 exuret
576 511 628 555 te
660 516 680 554 .-
712 499 839 570 quia
863 513 959 568 eqo
984 497 1243 553 Dominus
1281 497 1424 553 Deus
1455 510 1574 553 tuus
1597 497 1824 554 Sanctus

231 597 423 661 Israel,
447 594 667 650 salvam
694 601 745 646 te
768 590 837 645 ⁸¹.
872 590 1023 645 Hane
1053 604 1238 645 vocem
1264 590 1478 646 animus
1507 589 1555 645 si
1579 592 1831 660 audierit,

232 688 399 744 audet
425 685 691 740 adversus
724 678 992 736 inimicos.
1055 678 1185 746 Quis
1218 688 1316 745 est,
1364 679 1640 750 inquienS,
1670 698 1833 752 oppu-

236 789 428 850 gnator
453 776 641 830 meus?
691 772 1078 843 appropinquet
1114 771 1266 828 milti.
1314 769 1448 826 Ecce
1484 772 1622 828 Deus
1674 775 1835 843 adju·

242 885 327 927 tor
355 887 497 928 mette
521 868 681 939 :quia
718 866 850 921 mihi
894 866 1142 920 nocebit?
1190 862 1326 919 Ecce
1371 881 1457 920 vos
1489 881 1667 920 omnes
1694 869 1831 922 sicut

244 964 599 1019 vestimentum
646 956 1069 1022 inveterascecis,
1120 964 1170 1011 et
1202 964 1452 1024 tauquam
1485 956 1671 1011 vellera
1702 975 1733 1012 a
1764 960 1832 1012 n·-

243 1070 337 1109 nea
359 1048 802 1107 corrodemini⁸⁸.
842 1046 1064 1102 Utinam
1097 1046 1339 1102 inveniat
1388 1062 1489 1102 nos
1532 1046 1674 1102 Deus
1707 1064 1828 1103 cum

235 1146 360 1214 illis,
395 1145 491 1215 qui
545 1141 857 1198 bumilitate
886 1147 1018 1194 sunt
1067 1138 1304 1207 praediti,
1340 1146 1394 1192 ct
1423 1140 1491 1194 ab
1517 1153 1580 1194 ea
1610 1153 1831 1194 servan-

234 1250 325 1296 tur
353 1237 659 1293 incolumes
690 1233 757 1288 ab
791 1232 1043 1294 omnibus
1086 1230 1282 1301 jaculis
1315 1230 1541 1296 inimici,
1568 1247 1663 1299 per
1698 1247 1827 1302 gra-

234 1333 371 1386 tiam
414 1327 534 1392 Dei,
571 1325 725 1396 cujus
751 1333 837 1380 est
859 1322 1122 1395 potentia,
1155 1331 1210 1377 et
1241 1320 1433 1392 gloria,
1460 1328 1516 1375 et
1541 1321 1826 1391 imperinm

241 1423 296 1477 ’m
320 1419 517 1477 saecula
546 1417 893 1473 saeculorum!
920 1415 1121 1471 Amen.

860 1528 1122 1588 ons'no
1162 1526 1226 1585 V.

236 1625 378 1692 Qua·
409 1624 728 1681 observande
777 1631 898 1677 suut
950 1622 1132 1745 iis-qai
1177 1619 1335 1675 sinin!
1366 1622 1421 1674 in
1438 1635 1567 1689 pace
1593 1618 1830 1674 [cubitare

910 1709 1066 1760 eupw
1134 1729 1150 1745 .

1910 528 1913 533 ·
1942 511 2101 571 teque
2137 509 2228 556 tua
2263 500 2453 557 incolae
2500 500 2734 557 fructum
2768 505 3091 575 percipiant.
3140 505 3344 562 infirmi
3374 510 3515 564 enim

1933 599 2157 662 propter
2210 591 2391 648 cordis
2442 591 2866 656 imbecillitatem
2923 593 3081 651 facile
3149 594 3518 664 offenduntur,

1934 683 2061 754 quia
2098 698 2204 737 nou
2235 682 2569 752 perspiciunt
2605 694 2828 754 peccata
2857 699 2975 741 sua.

2003 772 2069 829 ll.
2087 772 2335 828 Divinum
2361 773 2620 828 auxilium
2647 784 2700 830 et
2728 789 2877 845 spes,
2901 780 3262 835 mansuetudo
3293 790 3350 836 et
3380 783 3520 835 bona

1933 866 2288 933 conscientia,
2325 876 2379 922 et
2420 866 2654 937 propriae
2677 867 2974 924 voluntatis
3003 871 3257 926 omnibus
3282 871 3335 926 in
3358 872 3520 926 rebus

1932 956 2241 1027 abnegatio,
2269 966 2394 1012 sunt
2422 957 2739 1011 humilitatis
2762 957 2981 1012 indicia.
3007 959 3332 1031 Arrogantia
3365 975 3515 1027 vero,

1930 1056 1987 1103 et
2014 1048 2320 1114 contentio,
2374 1057 2430 1103 et
2485 1049 2568 1105 sui
2605 1048 2775 1118 ipsius
2821 1050 3175 1118 existimatio,
3225 1052 3518 1122 fratrisque

1932 1138 2223 1208 despectio,
2245 1148 2303 1195 et
2331 1153 2452 1194 cum
2489 1140 2615 1211 quis
2646 1154 2710 1195 eo
2733 1151 2953 1220 propter
2981 1156 3039 1197 se
3064 1142 3263 1199 amicto
3295 1159 3362 1199 ae
3389 1159 3517 1214 per-

1930 1233 2164 1298 turbato,
2195 1229 2327 1286 dicit
2362 1247 2376 1284 ε
2420 1229 2563 1297 Quid
2598 1230 2667 1286 ad
2691 1231 2818 1287 me?
2848 1221 2985 1299 Quid
3011 1233 3140 1288 mibi
3170 1237 3365 1306 negotii
3394 1249 3515 1291 cum

1931 1321 2024 1376 illo
2061 1321 2181 1376 esti
2214 1322 2329 1377 baec
2356 1322 2538 1377 onmia
2568 1323 2744 1378 cordis
2776 1323 3029 1379 duritiam
3055 1325 3350 1402 declarant.
3379 1326 3434 1382 Si
3464 1335 3518 1384 te

1935 1428 2078 1482 opus
2141 1412 2395 1477 faciente,
2446 1411 2616 1470 frater
2672 1414 2725 1467 in
2755 1413 2944 1468 cellam
2973 1424 3117 1471 tuam
3163 1417 3513 1488 ingrediatur,

1931 1517 2065 1556 cave
2093 1517 2160 1558 ne
2189 1503 2432 1557 animum
2472 1513 2621 1558 tuum
2673 1517 2736 1559 ea
2795 1515 3022 1576 occupet
3055 1508 3333 1579 cogitatio,
3364 1519 3440 1566 ut·
3461 1519 3516 1566 te

1930 1593 2050 1663 plus
2076 1609 2236 1663 quam
2265 1594 2414 1649 illum
2439 1595 2718 1649 laborasse
2752 1606 2929 1665 putes.
2964 1596 3020 1651 Si
3050 1587 3172 1653 cum
3203 1599 3375 1656 fratre
3404 1599 3513 1656 lm·

1923 1683 2206 1740 becilliore
2227 1700 2362 1755 opus
2387 1684 2541 1751 facis,
2567 1699 2636 1739 ne
2658 1688 2977 1755 contendaS,
3010 1698 3069 1744 ut
3091 1689 3210 1760 plus
3233 1706 3394 1761 quam
3423 1691 3515 1749 ille

294 1786 357 1843 -Ι,
384 1786 442 1843 Si
486 1784 652 1843 simul
702 1784 808 1841 iter
838 1783 1096 1852 feceritis,
1140 1781 1426 1848 attendite,
1471 1781 1515 1837 si
1539 1781 1663 1851 quis
1687 1780 1831 1836 inter
1858 1775 1903 1829 B
1935 1777 2128 1835 fecisse
2160 1779 2402 1835 videare.
2459 1775 2516 1834 Si
2548 1794 2835 1835 commuue
2872 1780 3085 1851 aliquod
3119 1798 3254 1853 opus
3280 1782 3511 1852 ellit-itis,

244 1894 342 1935 vos
386 1878 459 1935 sit
508 1877 849 1943 imbecillior,
909 1883 963 1932 et
1021 1874 1142 1944 ejus
1197 1875 1462 1930 rationem
1512 1871 1728 1937 habete,
1749 1869 1760 1885 ¹
1782 1872 1828 1926 si

248 1968 335 2031 vel
360 1966 581 2039 paulum
639 1967 834 2022 sedere
881 1965 1033 2031 velit,
1069 1974 1165 2028 aut
1193 1962 1398 2033 aliquid
1428 1971 1555 2016 ante
1579 1960 1831 2030 praescri-

244 2069 389 2131 ptam
418 2060 603 2116 boram
626 2064 866 2130 gustare.
892 2054 952 2111 Si
973 2054 1043 2113 ad
1058 2062 1194 2125 opus
1214 2052 1520 2110 faciendum
1538 2052 1832 2123 proticisci-

247 2150 403 2219 mini,
432 2150 536 2207 sibi
564 2150 795 2220 quisque
843 2147 1112 2214 attendat,
1147 2161 1255 2201 non
1300 2154 1480 2200 autem
1525 2144 1680 2199 fratri
1704 2159 1826 2229 suo.

246 2242 325 2299 Ne
354 2243 479 2313 quis
526 2241 754 2298 alterum
785 2240 983 2296 docere
1027 2240 1248 2304 audeat,
1307 2248 1402 2292 aut
1432 2238 1482 2292 ei
1529 2237 1827 2307 quidquam

246 2333 558 2405 praecipere.
580 2331 641 2388 Si
666 2332 807 2386 intra
835 2328 1028 2386 cellam
1070 2342 1207 2397 opus
1227 2327 1448 2396 aliquod
1478 2327 1683 2392 facitis,
1707 2341 1830 2397 per-

244 2426 463 2493 mittite,
496 2432 557 2480 nt
589 2423 821 2496 quisque
843 2421 1010 2477 faciat
1041 2421 1304 2476 arbitratu
1334 2434 1454 2474 suo.
1504 2419 1601 2474 Sin
1636 2418 1829 2489 ailquis

240 2517 436 2574 dixerit
463 2535 479 2571 ε
539 2516 783 2573 Obsecro
814 2530 934 2583 vos,
964 2528 1052 2570 me
1097 2522 1156 2568 ut
1185 2512 1450 2579 doceatis,
1483 2525 1660 2582 neque
1682 2511 1826 2568 enim

232 2612 382 2677 scio;
414 2609 508 2682 qui
534 2609 683 2665 inter
709 2622 805 2663 vos
834 2608 1042 2679 peritus
1093 2613 1199 2672 est,
1239 2620 1309 2661 ne
1368 2605 1681 2673 reluctetur,
1733 2612 1829 2660 aut

234 2706 377 2761 scire
404 2717 473 2759 ne
498 2712 680 2778 neget.
738 2699 865 2757 llaec
894 2699 1040 2756 enim
1062 2713 1182 2753 -non
1225 2708 1310 2753 est
1336 2697 1614 2751 humilitas
1641 2709 1830 2751 secun·

238 2797 369 2853 dum
392 2794 587 2851 Deum.
642 2792 704 2849 Si
758 2790 1208 2848 videris-fratrem
1245 2800 1395 2845 tunm
1425 2804 1562 2861 opus
1606 2788 1828 2861 aliquod

242 2888 560 2954 facientem,
610 2900 679 2941 ne
712 2884 912 2940 dixeris
931 2899 1056 2940 eum
1082 2897 1292 2950 errare,
1346 2893 1444 2938 aut
1474 2882 1610 2938 nihil
1634 2896 1817 2953 agere.

246 2977 403 3046 Quod
431 2978 478 3033 si
505 2979 623 3048 ipse
680 2985 731 3032 te
761 2977 1052 3048 regaverit,
1092 2983 1150 3030 ut
1176 2989 1240 3030 se
1271 2974 1485 3037 doceas,
1525 2982 1587 3028 tu
1616 2987 1746 3030 vero
1773 2973 1826 3028 id

243 3089 355 3130 non
384 3072 597 3138 feceris,
654 3071 751 3128 sed
786 3071 1043 3137 tacueris,
1096 3068 1344 3126 ostendis
1373 3069 1425 3123 in
1453 3079 1520 3123 -ιε
1570 3083 1678 3124 non
1707 3082 1827 3124 esse

1933 1869 2018 1925 sie
2051 1870 2104 1925 in
2143 1870 2278 1925 illud
2307 1870 2434 1925 totis
2460 1869 2667 1925 viribus
2714 1871 2989 1938 incumbe,
3034 1874 3242 1943 utquid
3275 1884 3354 1943 tu,
3383 1877 3512 1947 quid

1935 1960 2106 2017 frater
2149 1971 2275 2019 tuus
2327 1963 2380 2018 in
2438 1962 2779 2019 hebdomada
2830 1962 3176 2032 laboraverit,
3220 1966 3362 2022 scire
3406 1981 3512 2021 non

1935 2070 2095 2111 cures
2120 2070 2138 2121 ς
2169 2055 2408 2125 ineptum
2440 2066 2525 2111 est
2548 2057 2694 2112 enim
2720 2057 2773 2110 id
2803 2071 3069 2126 quaerere.
3096 2056 3154 2112 Si
3180 2059 3248 2113 ad
3274 2074 3411 2129 opus
3441 2058 3515 2113 fa·

1936 2144 2186 2199 ciendum
2213 2158 2334 2199 cum
2387 2144 2643 2202 fratribus
2675 2146 3061 2213 proficisceris,
3115 2162 3185 2204 ne
3209 2150 3428 2219 cupias,
3456 2158 3516 2204 ut

1934 2236 2110 2291 sciant
2141 2246 2194 2293 te
2220 2237 2460 2292 omnium
2515 2238 2748 2292 maxime
2807 2237 3089 2295 laborasse
3141 2256 3159 2294 ε
3191 2255 3331 2309 opus
3367 2242 3511 2295 enim

1936 2327 2082 2398 quod
2107 2328 2277 2384 homo
2329 2328 2459 2385 facit
2513 2329 2565 2384 in
2594 2330 2827 2396 occulto,
2876 2330 3136 2401 perspicit
3176 2331 3318 2389 Deus
3338 2331 3405 2387 ⁸⁸.
3453 2332 3511 2388 st

1935 2419 2065 2490 quid
2098 2419 2193 2474 tibi
2230 2418 2399 2475 frater
2427 2420 2766 2490 responderit
2817 2421 3091 2488 acerbius,
3118 2421 3173 2477 id
3205 2436 3332 2478 cnm
3371 2420 3514 2478 latti-

1939 2511 2010 2564 tia
2038 2510 2273 2581 suscipe.
2305 2508 2365 2566 Si
2395 2511 2542 2566 enim
2588 2521 2737 2567 recto
2767 2512 2859 2568 Dei
2914 2511 3119 2582 judicio
3158 2514 3513 2584 cogitationes

1929 2612 2061 2659 tuas
2095 2603 2453 2670 examinaris,
2486 2611 2539 2658 te
2575 2619 2828 2675 peccasse
2855 2606 3273 2662 animadvertes.
3301 2605 3361 2663 Sl
3385 2619 3514 2662 cnm

1935 2694 2208 2753 fratribus
2240 2696 2474 2763 liabitas,
2535 2706 2590 2752 et
2632 2698 2848 2754 animus
2874 2708 2929 2759 ιε
2952 2699 3215 2766 stimulat,
3244 2710 3305 2754 ut
3324 2702 3513 2756 restri-

1935 2790 2082 2844 ctius
2115 2788 2308 2854 vivas;
2348 2788 2434 2842 dic
2462 2788 2643 2843 animo
2673 2797 2800 2843 tuo:
2829 2788 3021 2844 Frater
3045 2789 3133 2844 hic
3159 2788 3409 2848 infirmus
3431 2799 3515 2845 est

1936 2880 2189 2937 dontinus
2217 2895 2395 2937 meus.
2419 2878 2572 2947 Quod
2595 2880 2638 2935 si
2666 2882 3065 2949 temperantius
3090 2883 3311 2938 omnino
3335 2883 3514 2940 vivere

1936 2973 2248 3042 decrevisti,
2289 2972 2533 3028 cellulam
2574 2971 2669 3027 tibi
2726 2972 2892 3042 selige
2940 2973 3254 3041 separatim,
3293 2984 3358 3029 ει
3404 2975 3512 3046 noli

1934 3063 2161 3123 fratrem
2218 3074 2367 3121 tuum
2409 3066 2681 3122 infirmum
2714 3061 2975 3135 affligere.
3011 3063 3070 3120 Si
3119 3061 3292 3121 frater
3319 3051 3512 3135 aliquis

242 3163 342 3220 Dei
364 3163 710 3229 charitatem,
733 3160 1181 3230 sed-nequitiam.
1204 3158 1264 3215 Si
1296 3157 1474 3212 frater
1501 3166 1624 3214 tuus
1646 3156 1820 3213 edulia
1853 3137 1899 3193 C
1930 3156 2249 3228 peregrinus
2289 3170 2450 3224 quem
2505 3156 2639 3211 vitio
2670 3154 2851 3226 aliquo
2902 3152 3149 3210 laborare
3171 3152 3509 3224 acceperitis,
3581 3210 3586 3215 ,

236 3255 381 3311 baud
405 3255 479 3309 ita
508 3255 648 3309 bene
672 3251 903 3315 coxerit,
936 3262 1009 3305 ne
1033 3249 1236 3305 dixeris
1259 3261 1383 3303 eum
1416 3247 1559 3305 male
1577 3248 1819 3315 οοιιιεεες

230 3347 289 3405 id
308 3348 455 3405 enim
479 3359 631 3401 mors
672 3350 757 3399 est
788 3342 988 3396 animae
1018 3350 1169 3397 tuam
1200 3340 1297 3397 sed
1320 3339 1624 3406 considera,
1659 3353 1823 3409 quam

228 3439 530 3497 molestum
547 3444 606 3487 et
626 3444 792 3501 grave
819 3431 923 3486 tibi
946 3428 1157 3497 fuisset,
1180 3431 1225 3486 sl
1252 3431 1372 3501 quis
1404 3432 1458 3485 in
1486 3438 1538 3486 te
1566 3445 1632 3486 ea
1658 3431 1823 3485 verba

233 3525 678 3598 pronuntiasset,
709 3528 766 3576 et
795 3518 1064 3590 quiesces.
1102 3518 1243 3579 luter
1266 3521 1599 3593 psallendum
1630 3521 1676 3576 si
1700 3520 1823 3592 quis

245 3619 306 3668 in
352 3614 536 3683 aliquo
569 3612 728 3667 verbo
763 3610 1046 3679 erraverit,
1098 3626 1165 3668 ne
1201 3614 1386 3669 statim
1417 3629 1539 3671 eum
1579 3614 1822 3682 corrigas

250 3717 416 3777 atque
438 3706 740 3774 perturbes.
794 3704 902 3763 snt
923 3706 969 3764 si
1020 3708 1242 3763 verbum
1287 3707 1633 3776 praeterierit,
1662 3722 1731 3762 ne
1753 3707 1823 3761 sit

249 3797 348 3852 tibi
374 3813 543 3856 curae.
575 3796 669 3854 Sin
702 3799 989 3872 rogaverit,
1017 3808 1076 3855 nt
1096 3800 1360 3870 corrigas,
1385 3808 1632 3855 amanter
1664 3799 1716 3853 id
1740 3797 1822 3852 fa-

248 3889 382 3944 cito.
411 3888 469 3944 Si
496 3888 621 3959 quid
647 3891 909 3947 inmensa
941 3890 1127 3957 fuerit,
1166 3905 1198 3945 a
1227 3905 1336 3961 quo
1369 3889 1597 3945 fratrum
1624 3888 1821 3960 aliquis

247 3980 563 4048 abhorreat,
610 3996 678 4038 ne
702 3982 844 4039 dieat
862 3995 945 4038 -eo
974 3996 1036 4039 se
1063 3983 1209 4038 vesci
1240 3997 1375 4039 nou·
1395 3997 1573 4052 posse,
1626 3983 1719 4037 sed
1753 3982 1821 4035 ad

247 4081 479 4129 mortem
531 4089 701 4146 usqne
726 4075 830 4133 sibi
861 4075 977 4146 lpse
1003 4077 1115 4132 vim
1161 4074 1372 4141 afferat,
1403 4085 1457 4130 et
1494 4075 1635 4129 Deus
1671 4068 1818 4127 illum

242 4163 632 4222 consolabitur.
684 4165 744 4223 Si
794 4180 930 4238 opus
958 4167 1178 4237 aliquod
1211 4167 1373 4223 simul
1409 4167 1610 4230 facitis,
1638 4175 1693 4220 et
1724 4166 1820 4220 ali·

239 4257 369 4328 quis
384 4266 631 4313 vestrum
658 4258 843 4314 animo
873 4258 1066 4328 pusillo
1093 4259 1462 4315 desistendum
1488 4258 1670 4314 abillo
1691 4273 1818 4311 sua·

240 4349 401 4413 serit,
447 4363 569 4405 eum
627 4364 695 4406 ne
723 4351 1149 4421 reprehendatis,
1191 4352 1287 4406 sed
1333 4353 1534 4422 pariter
1568 4349 1813 4421 gaudete.

240 4438 305 4496 Si
362 4438 558 4497 fratres
592 4432 756 4512 aliqui
786 4442 853 4496 ad
893 4456 994 4513 vos
1033 4442 1372 4508 diverterint,
1427 4459 1520 4498 eos
1554 4444 1621 4498 de
1657 4443 1814 4497 rebus

237 4530 526 4589 inutilibus
551 4546 619 4588 ne
651 4533 1019 4602 interrogetis,
1074 4532 1312 4603 alioquin
1347 4533 1486 4604 apud
1522 4548 1615 4588 vos
1649 4533 1816 4588 relin-

229 4631 413 4698 quent
459 4624 795 4681 servitutem.
825 4623 978 4691 Quod
1031 4625 1077 4678 si
1130 4625 1396 4695 quispiam
1457 4639 1524 4680 ex
1570 4625 1678 4680 illis
1713 4625 1817 4679 sibi

207 4729 546 4797 ’temperare
566 4718 892 4788 nequiverit,
929 4731 1038 4787 quo
1067 4717 1244 4772 minus
1283 4717 1442 4773 alicui
1475 4724 1713 4773 vestrum
1740 4718 1822 4771 di·-

236 4818 337 4866 αι
354 4808 559 4880 aliquid
573 4809 776 4866 inutile
797 4819 863 4864 et
893 4809 1290 4879 perniciosum;
1315 4811 1360 4865 is
1378 4810 1480 4881 qui
1505 4809 1638 4864 illud
1667 4810 1822 4864 audi·

236 4898 406 4971 verit,
436 4902 661 4974 reliquis
678 4902 947 4958 fratribus
968 4917 1035 4957 ne
1061 4903 1269 4971 aperiat
1288 4918 1424 4967 rem,
1446 4917 1525 4957 πε
1559 4916 1821 4957 venenum

238 4989 589 5051 monitorum
617 4995 828 5050 animos
856 5010 1042 5051 eorum
1073 4994 1370 5048 interimat.
1404 4993 1463 5048 Si
1495 5001 1547 5049 te
1595 5007 1820 5063 peregre

221 5081 515 5155 francisci
564 5087 862 5144 necessitas
889 5087 1147 5158 coegerit,
1175 5101 1242 5141 ne
1290 5086 1623 5156 perconteris
1655 5087 1816 5156 quid-

232 5193 429 5253 quam,
485 5182 628 5251 qnod
669 5181 763 5235 tibi
794 5183 1050 5251 prodesse
1088 5190 1338 5249 nequeat,
1367 5191 1427 5232 ut
1469 5179 1534 5232 ad
1561 5178 1812 5234 cellulam

232 5278 391 5324 tuam
421 5267 708 5326 incolumis
758 5279 1052 5326 revertare.
1107 5269 1261 5336 Quod
1296 5269 1341 5324 si
1366 5267 1815 5324 velinvitns‘ali-

226 5358 371 5431 qnid
422 5358 682 5429 eiusmodi
747 5361 1039 5428 audiveris,
1093 5362 1146 5418 in
1202 5361 1419 5416 domum
1462 5374 1716 5417 reversus
1749 5375 1816 5416 ne

228 5450 504 5508 fratribus
532 5454 818 5511 nuntiaris.
847 5454 906 5510 Si
939 5454 1134 5524 hospes
1167 5454 1220 5508 in
1253 5455 1425 5509 aliena
1448 5452 1668 5523 regione
1690 5467 1818 5509 ver-

228 5543 408 5612 saris,
437 5559 815 5618 quemcunque
834 5547 890 5603 iu
926 5547 1107 5606 locum
1127 5548 1369 5618 veneris,
1398 5547 1532 5604 nihil
1559 5562 1817 5619 arrogan-

1925 3248 2070 3318 apud
2095 3263 2189 3303 vos
2241 3246 2545 3312 diverterit,
2580 3261 2649 3301 ne
2687 3246 2980 3315 exploretis
3006 3260 3130 3302 eum
3165 3243 3370 3309 verbis,
3403 3246 3511 3299 nisi

1928 3337 2118 3392 vitium
2174 3336 2293 3409 ejus
2339 3352 2462 3394 sese
2504 3340 2834 3409 apparuerit,
2866 3338 2964 3392 sed
3017 3345 3229 3403 cavete,
3271 3352 3338 3393 nc
3385 3338 3511 3408 quid

1924 3428 2139 3485 faciatis
2184 3431 2327 3501 quod
2372 3429 2417 3485 si
2465 3429 2639 3483 frater
2687 3428 2954 3491 rescierit,
2985 3425 3271 3495 affligatur.
3324 3428 3509 3498 Siqua

1926 3537 1984 3577 re
2023 3522 2117 3577 tibi
2143 3536 2279 3592 opus
2300 3530 2405 3588 est,
2434 3536 2501 3575 ne
2521 3518 2843 3575 succenseas
2873 3518 3031 3572 fratri
3065 3527 3178 3584 tuo,
3203 3519 3348 3588 quod
3378 3534 3503 3574 eam

1923 3615 2021 3672 tibi
2066 3625 2257 3686 sponte
2309 3629 2416 3670 non
2446 3612 2841 3677 commodarit3
2902 3611 2996 3666 sed
3051 3625 3180 3665 cum
3233 3610 3508 3695 fiducia'et

1926 3709 2275 3779 simplicitate
2304 3723 2431 3779 roga
2468 3707 2641 3772 illum,
2670 3714 2730 3760 ut
2759 3721 2873 3761 rem
2900 3705 2993 3760 tibi
3019 3705 3385 3761 necessariam
3416 3707 3509 3763 tri·

1923 3801 2076 3856 buat.
2114 3800 2240 3855 Haec
2287 3799 2431 3854 enim
2467 3799 2519 3853 in
2550 3799 2715 3854 corde
2745 3806 2828 3853 est
2869 3797 3091 3852 castitas
3135 3806 3351 3866 saucta3
3386 3812 3509 3855 nam

1922 3892 1968 3949 si
2003 3891 2069 3947 id'
2088 3893 2162 3947 illi
2189 3907 2295 3946 uon
2323 3889 2669 3960 patefeceris,
2700 3891 2794 3945 sed
2825 3891 2878 3945 in
2907 3891 3066 3945 corde
3095 3899 3183 3945 tuo
3218 3905 3338 3945 cum
3367 3906 3509 3946 mur·

1924 3998 2078 4039 mure
2134 3981 2532 4045 succensueris,
2586 3981 2847 4051 judicium
2905 3980 3001 4035 tibi
3051 3982 3164 4050 ipse
3206 3980 3507 4039 constituis.

1921 4077 1980 4134 Si
2009 4077 2154 4132 inter
2196 4089 2291 4130 vos
2330 4073 2582 4130 inciderit
2630 4086 2813 4127 sermo
2857 4075 2922 4128 de
2977 4072 3160 4143 aliquo
3214 4071 3510 4144 Scripturas

1921 4171 2040 4226 loco
2060 4211 2076 4238 ,
2109 4171 2196 4225 cui
2250 4170 2399 4224 locus
2429 4166 2517 4222 ille
2553 4176 2711 4222 notus
2735 4174 2840 4229 est,
2872 4166 2918 4221 is
2940 4180 3061 4220 eum
3096 4165 3252 4220 fratri
3277 4180 3377 4220 suo
3403 4180 3516 4221 mo-

1920 4264 2071 4317 deste
2106 4262 2447 4332 benigneque
2486 4258 2745 4314 declaret.
2798 4258 2872 4312 Ea
2924 4272 3160 4327 namque
3213 4257 3510 4326 Scriptum

1923 4353 2157 4408 maxima
2185 4354 2421 4423 cognitio
2452 4359 2559 4415 est,
2602 4360 2663 4404 ut
2687 4359 2739 4405 te
2774 4349 3035 4404 humilem
3067 4350 3313 4418 praebeas
3351 4347 3508 4402 fratri

1924 4457 2039 4501 tuo.
2062 4445 2360 4501 Considera
2385 4443 2650 4513 judicium
2679 4443 2833 4508 illud,
2872 4442 2940 4496 ad
2965 4441 3106 4511 quod
3130 4439 3403 4496 sistendas
3425 4453 3505 4503 es,

1926 4546 1982 4593 et
2004 4551 2223 4610 operam
2264 4539 2353 4616 ⁸¹3¹,
2386 4552 2453 4591 ne
2511 4547 2690 4591 mutus
2720 4536 2791 4590 ibl
2823 4534 3265 4605 deprehendaris,
3297 4548 3401 4591 nec
3428 4534 3508 4587 ul·

1927 4631 2035 4686 lam
2093 4632 2148 4686 in
2197 4631 2285 4684 illa
2348 4633 2479 4685 liora
2525 4630 2863 4686 formidanda
2922 4627 3291 4684 defensionem
3353 4626 3507 4682 inve·

1930 4722 2066 4776 nias.

2002 4812 2087 4871 lll.
2121 4812 2250 4881 Quae
2297 4813 2480 4867 mundi
2507 4821 2654 4877 sunt,
2686 4826 2754 4866 ne
2783 4809 3048 4867 curiosius
3077 4806 3364 4878 inquiratis
3390 4825 3406 4875 ;
3438 4822 3506 4861 ne

1932 4906 2145 4962 latrinis
2174 4905 2377 4963 similes
2409 4908 2550 4975 sitis,
2578 4907 2643 4961 ad
2683 4921 2820 4977 quas
2864 4905 3111 4960 homines
3136 4903 3421 4968 accedunt,
3446 4912 3509 4959 ut

1928 5001 2136 5055 ventris
2188 5015 2354 5056 onera
2385 5001 2677 5072 deponant,
2708 5005 2871 5066 atque
2923 4998 2993 5051 ita
3038 4996 3212 5052 fetore
3240 5005 3365 5051 sunt
3394 4995 3505 5065 ple·

1928 5106 2027 5146 nae.
2059 5090 2165 5146 Sed
2194 5099 2367 5146 estote
2392 5091 2573 5162 potius
2629 5087 2827 5158 templa
2872 5096 2927 5142 et
2955 5085 3146 5142 altaria
3170 5085 3264 5142 Dei
3294 5086 3349 5140 in
3378 5099 3505 5141 san·

1925 5183 2132 5248 ctitate,
2160 5184 2250 5239 ubi
2300 5197 2457 5238 mane
2504 5191 2558 5236 et
2602 5180 2811 5252 vesperi
2870 5179 3163 5251 tliymtama
3202 5175 3500 5232 adoleatur.

1924 5270 2210 5344 Nunquam
2250 5273 2420 5328 altare
2453 5273 2557 5327 ltoc
2582 5271 2653 5326 sit
2704 5270 2823 5325 sine
2866 5270 3241 5341 thymiamate.
3275 5267 3506 5337 Semper

1924 5373 2099 5421 estote
2128 5367 2181 5420 in
2216 5372 2507 5435 conspectu
2537 5362 2629 5420 Dei
2666 5361 3016 5419 obsecrantes
3034 5376 3181 5428 eum,
3215 5371 3271 5417 et
3301 5361 3504 5433 gratias

1927 5465 2148 5528 agentes
2174 5472 2295 5513 cum
2344 5455 2693 5527 simplicitate
2734 5464 2790 5512 et
2842 5455 3173 5521 sinceritate,
3214 5462 3322 5510 uta
3350 5450 3504 5506 vobis

1928 5549 2160 5621 accipiat
2193 5550 2333 5609 Deus
2363 5562 2424 5606 ea
2449 5560 2568 5620 quae
2598 5545 2879 5603 calliditati
2911 5555 2967 5603 et
2995 5544 3274 5617 sapientiae
3304 5543 3505 5599 dame·

307 5703 355 5734 ⁸¹
389 5702 493 5758 isa.
523 5718 681 5772 x·t.tu,
711 5701 813 5758 1-5.
890 5704 939 5737 ⁸⁹
964 5702 1067 5760 lsa.
1103 5720 1156 5768 t..
1185 5703 1243 5773 8,
1270 5703 1327 5762 9.
1401 5705 1445 5738 ⁸⁸
1479 5703 1666 5762 Mattlt.
1700 5719 1771 5773 vt,
1796 5705 1830 5760 t
1881 5709 1933 5776 6,
1972 5710 2053 5763 18.
