3725 6125
315 283 420 339 ¹85

1579 283 1640 346 S.
1679 284 1955 340 Astetttt
1996 285 2293 341 mast-:Ni

3459 293 3566 350 tas

316 398 409 456 nia
436 397 620 453 statim
649 398 861 467 excepit
891 415 906 463 ;
940 406 1200 461 stratum,
1223 397 1432 466 iguem,
1458 413 1731 453 ramorum
1761 414 1879 453 um·
1912 412 1951 465 Α
1982 400 2197 471 δένδρον
2232 400 2323 453 ἐπὶ
2354 402 2484 470 μιᾶς
2522 398 2733 471 ἡμέρας
2779 398 2996 469 ἐγένετο
3040 402 3181 471 τάχα
3216 403 3347 459 δέκα
3373 390 3569 475 ’ξένων

317 488 514 555 brem,
569 505 633 543 ac
685 505 879 559 aquam
930 485 1416 556 praeterfluentem:
1475 490 1744 559 coepitque
1795 488 1884 544 ille

319 580 625 646 recubare3
683 590 770 645 tu,
822 589 969 631 tuum
1005 578 1258 647 prosequi
1295 578 1414 633 iter.
1459 578 1766 634 Delectatus
1802 590 1887 635 est

317 682 373 725 ot
406 671 524 733 ilie.
588 680 803 738 tumque
851 671 1071 737 reliquit
1118 679 1362 727 tectum:
1416 672 1713 741 eademqne
1765 671 1881 738 ipsa

318 763 482 815 arbor
529 775 629 815 una
683 762 804 824 die,
853 760 1037 816 decem
1081 758 1218 815 sorte
1264 761 1535 831 hospitum
1589 762 1655 816 ad
1717 761 1883 816 breve

327 862 534 919 tempus
578 850 933 905 diversorium
988 847 1131 916 suit3
1188 865 1252 906 ac
1303 865 1425 921 quae
1477 850 1727 906 omnibus
1781 865 1880 905 usu

317 942 524 1012 patuit,
560 942 720 996 unius
749 954 870 997 erat
905 945 1014 997 veri
1063 943 1291 997 domini.
1341 943 1495 999 Haud
1536 943 1716 1008 aliter.
1759 944 1883 997 vitae

315 1036 473 1103 bujus
518 1033 803 1092 facultates
850 1048 914 1088 ac
956 1034 1158 1104 copiae,
1204 1050 1328 1092 cum
1375 1033 1573 1090 multos
1612 1034 1881 1089 delectent

313 1142 376 1179 ac
433 1136 693 1195 pascant,
749 1126 993 1180 dominio
1058 1135 1235 1179 tamen
1291 1125 1357 1179 ad
1417 1124 1592 1181 solum
1653 1124 1887 1178 attinent

317 1217 522 1281 iteum,
557 1216 648 1285 qui
680 1215 1039 1272 immortalem
1086 1232 1150 1271 ac
1197 1215 1558 1286 corruptionis
1605 1221 1883 1283 expertem

312 1305 551 1373 possidet
596 1305 784 1359 vitam.
821 1302 1009 1365 Vidisti
1055 1318 1269 1374 quoque
1315 1319 1603 1359 commune
1643 1304 1885 1357 diverso-

315 1392 490 1461 rium,
527 1409 635 1464 quo
681 1394 838 1464 plane
892 1393 1116 1463 contigit
1161 1401 1408 1463 agentem
1460 1392 1562 1447 iter
1590 1392 1883 1446 divertere.

313 1479 479 1538 Multa
513 1485 637 1541 inde
667 1483 926 1555 accepisti
947 1526 962 1547 .
996 1498 1118 1538 cum
1151 1482 1283 1546 nibil
1315 1482 1618 1545 intulisses,
1652 1480 1881 1543 lectum,

1983 489 2344 561 ὀλιγοχρόνιον
2390 488 2735 559 καταγώγιον
2758 507 2773 521 ·
2815 492 2912 545 καὶ
2960 492 3021 546 τὸ
3067 494 3285 549 πάντων
3331 500 3569 571 γενόμα-

1985 598 2097 646 νον,
2131 581 2249 643 ἑνὸς
2275 575 2344 651 ἦν
2372 580 2466 634 τοῦ
2493 580 2646 643 ὄντος
2674 580 2886 652 κυρίου.
2912 581 3126 637 Οὐτωσὶ
3159 585 3219 639 δὲ
3246 586 3341 641 καὶ
3370 590 3430 643 αἰ
3463 608 3571 645 πε-

1990 671 2218 742 ριουσίαι
2251 673 2350 743 τῆς
2374 671 2608 725 ἐνταῦθα
2645 671 2920 743 διαγωγῆς
2945 714 2959 738 ,
2996 674 3261 746 τέρπουσι
3303 678 3406 749 μὶν
3438 682 3571 735 πολ·

1984 756 2109 819 λους
2156 756 2250 809 καὶ
2289 758 2580 828 τρέφουσι·
2626 758 2726 828 τῆς
2774 759 3093 826 δεσποτείας
3128 764 3275 835 μόνῳ
3320 766 3403 837 τῷ
3444 769 3573 843 Θεῷ

1986 847 2388 918 προσηκούσης,
2411 848 2488 918 τῷ
2509 848 2785 919 ἄφθαρτον
2811 852 2907 903 καὶ
2930 849 3233 925 ἀνώλεθρον
3259 854 3443 925 ἔχοντι
3466 860 3568 931 τὴν

1985 936 2152 1009 ζωήν.
2194 936 2432 991 Ἐθεάσω
2447 938 2541 991 καὶ
2567 938 2900 1009 πανδοχεῖον,
2929 942 3014 1010 ἐφ’
3038 937 3098 997 οὗ
3118 943 3340 1009 πάντως
3358 948 3563 1003 ὁδεύων

1985 1028 2315 1093 κατέλυσας·
2344 1027 2533 1092 aasz<
2566 1028 2625 1083 ὁε
2654 1030 2866 1084 ἐκεῖθεν
2894 1032 3066 1096 πολλὰ
3085 1072 3101 1097 ,
3134 1034 3419 1103 βαστάζων
3447 1056 3553 1109 μη-

1980 1118 2091 1182 δὲν,
2139 1117 2363 1189 κλινην,
2401 1117 2715 1189 τράπεζαν,
2758 1120 3058 1192 ὲκπώματα
3080 1162 3095 1187 ,
3144 1124 3384 1189 πίνακα,
3421 1126 3553 1182 ἄλλα

1982 1208 2149 1279 σκεύη
2202 1208 2536 1267 παντοδαπά.
2573 1210 2800 1265 Οὐδέπω
2826 1211 2883 1265 δέ
2912 1229 3016 1266 που
3049 1215 3188 1284 πρὸς
3224 1217 3560 1287 αὐτάρκειαν

1982 1299 2325 1370 χρησαμένου
2347 1338 2363 1363 ,
2410 1293 2543 1370 ἧκεν
2574 1301 2732 1365 ἀλλος
2779 1303 3084 1359 πνευστιῶν
3106 1346 3121 1368 ,
3169 1309 3567 1379 κεκονιαμένος

1981 1387 2323 1457 κατεπείγων
2358 1406 2418 1443 σε
2457 1391 2551 1445 καὶ
2583 1390 2808 1463 ὲξείρων
2839 1393 2934 1449 τοῦ
2963 1396 3305 1468 πανδοκείου,
3337 1401 3438 1454 καὶ
3467 1402 3569 1473 (r)-

1980 1477 2088 1531 τῶν
2117 1477 2186 1533 τὰ
2207 1478 2464 1552 ἀλλότρια
2486 1482 2563 1545 ὡς
2586 1482 2862 1554 ἐξαίρετα.

312 1590 588 1641 mensam,
635 1575 861 1644 pocula,
909 1575 1116 1639 discos,
1166 1573 1383 1642 aliaque
1425 1572 1602 1627 omnis
1650 1570 1867 1641 generis
1903 1584 2051 1626 vasa.
2098 1569 2197 1625 Ubi
2230 1579 2408 1627 autem
2438 1573 2667 1628 necdum
2706 1574 2775 1630 iis
2820 1586 3079 1645 quantum
3134 1581 3272 1635 satis
3337 1584 3556 1640 videbe·

311 1684 421 1735 tur.
465 1683 595 1725 usus
631 1684 815 1737 esses,¹
845 1667 1160 1737 supervenit
1224 1666 1362 1724 alius
1419 1662 1826 1720 anhelabundus
1860 1675 1925 1716 ac
1964 1661 2408 1731 pulverulentus,
2469 1679 2670 1737 urgens
2701 1678 2790 1733 te,
2834 1678 2998 1740 atque
3043 1672 3192 1727 exire
3226 1677 3554 1744 cornpeltens

310 1782 343 1821 e
368 1763 706 1825 diversorio,
741 1760 1022 1831 alienaque
1049 1774 1146 1814 ceu
1184 1758 1400 1829 propria
1438 1764 1710 1827 repetens.

381 1858 553 1935 ‘l'alis³
586 1855 811 1911 omnino
859 1854 966 1908 vita
999 1863 1203 1919 nostra,
1255 1850 1472 1912 fratres.
1516 1860 1611 1905 ²¹¹²
1633 1850 1697 1903 *Si
1741 1845 1869 1917 ΨΜ
1903 1848 1947 1907 Β
2044 1843 2477 1934 T0¹⁰¹3²⁰G‚⁴li¹3’v
2510 1848 2539 1901 ⁶
2577 1846 2711 1918 βίος·
2758 1849 2997 1920 ἀδελφοῖν
3050 1852 3142 1906 '‘¹²'‘
3164 1854 3217 1906 εἴ
3239 1871 3291 1908 τ’·
3312 1854 3424 1908 τῶν
3446 1855 3565 1927 λὲκ·

309 1949 470 2006 dictis
497 1945 868 2002 transitorium
912 1944 1080 2013 magis
1115 1958 1178 1998 ac
1235 1942 1502 2000 caducum
1557 1948 1662 1995 est.
1701 1937 1882 2005 Quare

310 2054 433 2093 cum
473 2036 681 2106 aliquos
717 2035 881 2090 audio
917 2034 1192 2089 dicentes:
1229 2031 1496 2086 Praedium
1548 2044 1760 2092 meum;
1801 2035 1878 2087 et.

313 2130 515 2184 Domus
563 2142 717 2194 mea,
759 2126 902 2182 baud
930 2127 1062 2181 satis
1103 2124 1286 2179 mirari
1320 2138 1535 2193 possum
1558 2162 1574 2188 ,
1611 2121 1884 2192 quomodo

317 2236 438 2289 quae
472 2235 576 2274 non
609 2229 737 2274 sunt
763 2233 981 2281 eorum,
1017 2215 1163 2270 inani
1202 2214 1304 2270 sibi
1341 2213 1542 2287 syllaba
1584 2214 1881 2277 vindicent,

312 2312 593 2380 tribusque
615 2309 898 2364 fallacibus
916 2308 1174 2363 litterulis
1200 2308 1376 2362 aliena
1407 2307 1528 2362 sinu
1552 2306 1878 2375 astringant.

311 2403 627 2459 sicutenim
652 2400 976 2457 histrionum
1002 2414 1263 2469 personas
1287 2413 1447 2453 nemo
1471 2397 1688 2466 quidem
1719 2410 1885 2464 pecu·

309 2495 516 2552 liariter
539 2510 605 2549 ac
634 2495 882 2562 proprias
919 2490 1104 2552 babet,
1138 2491 1232 2543 sed
1260 2504 1360 2557 pro
1383 2502 1441 2542 re
1469 2502 1533 2542 ac
1564 2496 1896 2557 argumento*

308 2586 534 2655 quisque
563 2584 664 2639 sibi
698 2593 850 2637 actor
879 2580 1111 2643 imponit
1138 2597 1154 2645 ς
1186 2580 1257 2632 ita
1290 2588 1492 2633 terram
1535 2589 1887 2645 terrenasque

309 2676 615 2737 metinates,
645 2674 800 2742 quasi
827 2682 1009 2726 vestes
1043 2670 1133 2723 alii
1170 2685 1238 2725 ex
1269 2669 1391 2723 aliis
1422 2669 1653 2726 induunt
1679 2685 1741 2722 ac
1764 2685 1885 2723 mu·-

311 2778 446 2820 tant.
474 2765 809 2832 Dic,quaeso‚
841 2778 967 2816 num
995 2761 1268 2829 potentius
1310 2760 1510 2829 aliquid
1556 2761 1758 2832 regno?
1787 2762 1883 2814 At·

315 2857 402 2925 qni
450 2864 694 2911 scrutare
734 2854 951 2926 regias;
997 2854 1255 2922 conquire
1301 2852 1508 2923 regales
1533 2853 1883 2924 clilamydes;

314 2942 569 3012 plurimas
618 2956 750 2997 saue
801 2956 921 3010 qiiae
973 2940 1265 2995 multorum
1321 2956 1505 3011 regum
1546 2942 1887 2997 contexerint

314 3047 560 3104 corpora,
588 3032 830 3088 offendes
870 3049 884 3086 ι
921 3031 1084 3086 simili
1114 3046 1328 3104 quoque
1358 3032 1588 3097 ratione,
1635 3046 1884 3095 coronas,

314 3126 532 3189 fibulas,
579 3139 744 3179 zoras
789 3122 943 3194 (ἰῆς
996 3125 1177 3178 omnia
1216 3123 1468 3178 nimirum
1514 3124 1885 3178 ltaereditatem

1983 1935 2181 1989 θέντων
2206 1935 2623 2008 προδικώτερον.
2690 1939 2832 2008 Ἐγὼ
2873 1941 2930 1994 δὲ
2992 1941 3257 2012 θαυμάζω
3317 1947 3446 2009 τοὺς
3477 1946 3566 1999 λέ·-

1982 2046 2209 2097 γοντας·
2244 2030 2319 2083 Τὸ
2337 2031 2535 2102 χωρίον
2595 2048 2696 2101 μου
2724 2049 2737 2063 ·
2771 2032 2887 2097 καὶ,
2928 2033 2993 2085 Ἦ
3026 2033 3173 2087 οἰκία
3215 2052 3323 2105 μου
3344 2053 3358 2065 ·
3417 2038 3570 2101 ὅπως

1985 2120 2200 2191 ματαίῳ
2234 2121 2472 2193 συλλαδῇ
2535 2122 2922 2187 ὲξοικειοῦνται
2976 2123 3043 2178 τά
3076 2126 3150 2196 μὴ
3192 2129 3570 2199 προσήκοντα,

1983 2219 2076 2270 καὶ
2094 2218 2240 2289 τρισὶ
2264 2218 2553 2287 στοιχείοις
2582 2219 2879 2289 ἀπατηλοῖς
2906 2220 3356 2288 ἐναγκαλίζονται
3375 2224 3444 2278 τὰ
3476 2225 3570 2278 ἀλ·

1982 2308 2187 2383 λότρια.
2228 2310 2316 2372 Ὦς
2357 2309 2469 2380 γὰρ
2519 2312 2589 2365 τὰ
2618 2310 2726 2363 τῶν
2760 2310 3176 2379 θαυματοποιῶν
3225 2319 3566 2384 προσωπεῖα,

1984 2401 2096 2471 ἔχει
2122 2403 2220 2472 μὲν
2257 2401 2433 2465 οὐδεὶς
2492 2404 2611 2455 κατ’
2649 2401 2945 2475 ἐξαίρετον,
2977 2405 3177 2483 πάντες
3196 2405 3255 2458 δὲ
3292 2408 3568 2461 ἐπιτίθεν-

1982 2508 2072 2552 ται
2090 2492 2141 2544 οἱ
2181 2491 2291 2546 τῶν
2332 2492 2626 2564 δραμάτων
2655 2493 2973 2565 ὑποκριταί·
3015 2494 3156 2547 οὕτω
3182 2496 3283 2565 τὴν
3321 2497 3427 2566 γῆν
3473 2500 3574 2551 καὶ

1984 2582 2083 2645 τάς
2103 2583 2199 2636 ἀπ’
2223 2581 2439 2653 ἐκείνης
2460 2582 2611 2646 ὕλας.
2660 2582 2810 2637 ἄλλοι
2834 2581 2894 2647 ἐξ
2918 2582 3092 2638 ἄλλων
3118 2583 3195 2647 ὡς
3216 2584 3412 2655 ἱμάτια
3443 2603 3572 2659 μετ-

1985 2671 2278 2726 ενδυονται.
2313 2674 2403 2745 Μή
2433 2691 2484 2726 τι
2514 2674 2807 2744 βασιλείας,
2851 2673 2973 2726 εἰπέ
3020 2690 3131 2744 μοι,
3160 2674 3572 2749 δυνατώτερονς

1985 2765 2099 2819 ἀλλ’
2124 2765 2274 2836 ὅμως
2308 2764 2599 2837 ὲρεύνησον
2666 2765 2735 2818 τὰ
2768 2765 3041 2835 βασίλεια·
3097 2765 3335 2838 ζήτησον
3364 2769 3572 2839 χλαμύ-

1985 2855 2080 2919 δας
2110 2854 2422 2924 βασιλικάς·
2454 2857 2707 2928 εὑρήσεις
2738 2856 2795 2909 δὲ
2849 2856 3050 2919 ταύτας
3102 2858 3316 2922 ἱκανὰς,
3343 2859 3404 2912 αἳ
3441 2859 3569 2914 πολ·

1985 2944 2093 2999 λῶν
2128 2944 2390 3015 βασιλέων
2423 2945 2679 3000 ἐνέδυσαν
2703 2944 2946 3017 σώματα.
2993 2946 3225 3016 Ὁμοίως
3245 2947 3303 3001 δὲ
3326 2948 3426 3002 καὶ
3446 2951 3573 3012 τοὺς

1989 3037 2305 3107 στεφάνους,
2334 3037 2429 3092 καὶ
2481 3037 2579 3102 τὰς
2609 3038 2846 3111 πόρπας,
2895 3038 2990 3093 καὶ
3027 3038 3127 3103 τὰς
3160 3038 3361 3106 ζώνας,
3398 3043 3568 3099 πάντα

1990 3126 2351 3198 κληρονομίαν
2389 3127 2640 3193 ἄστατον,
2670 3130 2864 3201 χρῆσιν
2892 3129 3074 3200 κοινὴν
3102 3129 3215 3182 ἀπὸ
3233 3130 3343 3183 τῶν
3360 3131 3565 3184 ὁδευόν-

313 3215 658 3277 instabilem:
716 3229 1058 3270 eommunem
1108 3231 1303 3281 usum,
1353 3217 1422 3270 ab
1475 3215 1583 3281 iis,
1640 3215 1729 3282 qui
1788 3201 1959 3268 iterC
1989 3233 2097 3270 των
2147 3218 2226 3281 εἰς
2290 3219 2416 3281 τοὺς
2472 3218 2733 3288 μένοντας
2783 3218 3205 3273 ἀποδαίνουσαν.
3255 3219 3406 3274 Τίδὲ
3454 3219 3560 3272 τῶν

305 3316 516 3379 agunt,
549 3308 621 3363 ad
658 3307 797 3363 alios
825 3317 1235 3374 transeuntem,
1274 3308 1363 3376 qui
1399 3315 1702 3362 remanent.
1744 3305 1886 3372 Quid

318 3410 501 3455 autem
537 3414 602 3455 ac
627 3398 815 3469 quanti
845 3408 955 3454 tota
983 3397 1072 3452 illa
1090 3440 1106 3466 ,
1142 3413 1304 3468 quam
1333 3397 1593 3468 praesides
1621 3397 1886 3463 obtinent,

316 3491 522 3549 scena?
557 3500 874 3561 argenteum
897 3532 911 3556 ‚
961 3492 1213 3559 inquam,
1254 3490 1580 3555 vehiculum,
1625 3505 1686 3544 ac
1724 3504 1889 3544 aurea

312 3580 506 3651 virga?
533 3579 720 3635 Nonne
741 3595 956 3650 semper
992 3581 1109 3634 baec
1142 3594 1349 3649 praeses
1380 3579 1544 3634 habet
1567 3577 1711 3652 (13);
1753 3594 1888 3632 ιιιιιι·

313 3687 474 3741 quam
505 3681 685 3726 tamen
737 3670 876 3726 idem
900 3712 915 3732 .
953 3672 1045 3726 sed
1078 3671 1305 3741 quisque
1354 3670 1527 3726 solum
1561 3672 1628 3725 ad
1665 3685 1881 3726 usuram

313 3763 492 3833 exigui
533 3764 831 3833 temporis?
875 3763 1028 3819 Sicut
1063 3765 1206 3819 enim
1248 3764 1506 3818 feretrum
1554 3772 1647 3816 aut
1684 3763 1884 3816 sanda-

314 3855 456 3923 pila,
491 3854 593 3909 alia
638 3855 865 3913 subinde
892 3856 1155 3910 cadavera
1181 3855 1448 3923 suscipit:
1479 3853 1562 3909 sic
1598 3854 1885 3923 magistra·

318 3956 464 3999 tuum
484 3945 737 4015 iusignia,
778 3954 992 4000 utentes
1021 3945 1310 4000 identidem
1343 3955 1700 4001 commutant.
1730 3942 1885 4001 Unde

314 4046 371 4090 et
398 4035 705 4104 frequentes
722 4036 1007 4105 Apostolus
1032 4036 1084 4090 in
1113 4038 1250 4091 banc
1271 4035 1384 4090 l'ere
1429 4027 1756 4092 sententiar‘n
1792 4049 1889 4088 no-

316 4127 400 4179 bis
426 4125 738 4179 erudiendis
763 4125 1018 4179 inclamat
1042 4140 1240 4182 voees:
1275 4125 1522 4179 Pra’terit
1546 4125 1684 4178 enim
1713 4125 1889 4194 fiqnm

313 4216 470 4286 lmJ‘us
503 4216 686 4269 inundi
705 4216 786 4282 ¹⁸3
812 4226 864 4269 et
893 4215 1057 4270 illud:
1089 4214 1360 4284 Tanquam
1391 4214 1524 4269 nihil
1545 4214 1810 4273 habentes,
1837 4222 1890 4268 et

313 4304 489 4357 omnia
522 4306 840 4370 possidentes
870 4305 914 4338 ¹⁸
943 4323 958 4372 ;
994 4305 1122 4359 illud
1164 4307 1288 4360 item
1319 4322 1333 4358 :
1368 4304 1472 4370 Qun·
1501 4313 1741 4367 utuntur,
1770 4314 1891 4358 tan-

1993 3307 2346 3380 ὑπαρχόντων
2376 3309 2419 3340 ¹⁸
2444 3309 2601 3375 ἀξίας
2631 3313 2665 3380 ὴ
2692 3310 2886 3380 σκηνὴ,
2914 3309 2975 3364 τὸ
3002 3310 3283 3383 ἀργυροῦν
3301 3310 3490 3382 δχημα,
3520 3313 3552 3379 ἠ

1994 3400 2285 3471 καλαμὶςὴ
2320 3402 2532 3473 χρυσῆς
2560 3403 2654 3455 καὶ
2704 3403 2803 3455 οὐκ
2827 3403 2914 3460 ἀεὶ
2942 3402 3112 3458 ταῦτα
3137 3402 3253 3473 ἔχει
3278 3402 3364 3456 τὸν
3386 3400 3557 3473 ῦπαρ·-

1991 3514 2105 3566 χον,
2138 3497 2232 3548 καὶ
2255 3493 2509 3547 οὐδέποτε
2533 3493 2625 3546 τὸν
2655 3493 2840 3557 αὑτὸν,
2869 3496 2920 3547 ei
2959 3494 3034 3565 μὴ
3084 3494 3221 3565 πρὸς
3242 3493 3423 3562 ὀλίγον
3443 3493 3572 3548 ἐκα-

1996 3602 2151 3652 στον;
2188 3584 2278 3647 Ὠς
2304 3581 2412 3656 γάρ
2446 3584 2479 3654 ἡ
2518 3583 2671 3655 κλίνη
2705 3583 2805 3654 τῆς
2828 3585 3068 3655 ἐκφορᾶς
3095 3582 3284 3638 ἄλλοτε
3321 3583 3467 3641 ἄλλα
3494 3585 3579 3640 δέ·

1991 3692 2146 3745 χεται
2183 3674 2409 3745 σώματα
2430 3691 2443 3705 ·
2492 3674 2635 3730 οὕτω
2668 3676 2762 3732 καὶ
2821 3677 2928 3732 τῶν
2985 3676 3169 3748 ἀρχῶν
3197 3674 3268 3730 τὰ
3323 3677 3576 3749 σύμδολα

1991 3766 2117 3829 τοὺς
2145 3766 2458 3838 χρωμένους
2485 3767 2722 3836 ἀμείΰει.
2761 3766 3039 3820 Ἐντεῦθεν
3086 3769 3183 3822 καὶ
3234 3769 3266 3822 ὁ
3305 3770 3572 3823 'Amato-

1990 3855 2079 3918 λος
2105 3856 2236 3926 ἡμῖν
2268 3854 2395 3915 ὲδόα
2417 3854 2673 3919 πλείστας
2704 3855 2908 3933 φωνὰς,
2955 3855 3159 3928 ταύτης
3201 3857 3300 3927 τῆς
3328 3857 3572 3917 διανοίας

1993 3945 2369 4009 παιδευτικάς·
2402 3946 2656 4016 Παράγει
2704 3945 2817 4015 γὰρ
2849 3946 2914 4000 τὸ
2944 3945 3154 4016 σχῆμα
3193 3945 3295 3999 τοῦ
3321 3945 3564 4010 κόσμου

1990 4036 2238 4092 τούτου·
2274 4038 2366 4090 καὶ
2402 4037 2482 4102 τὸ,
2518 4038 2611 4103 Ὠς
2655 4037 2854 4107 μηδὲν
2904 4037 3173 4108 ἔχοντες,
3212 4035 3306 4090 καὶ
3356 4032 3550 4087 πάντα

1992 4128 2378 4198 κατέχοντες·
2417 4130 2531 4194 καὶ,
2565 4133 2631 4184 Ol
2670 4129 2976 4200 χρώμενοι,
3015 4131 3098 4196 ὡς
3122 4129 3212 4199 μὴ
3259 4123 3554 4195 παραχρώ-

1986 4236 2178 4290 μενοι.
2215 4220 2401 4274 Πάντα
2454 4220 2563 4293 γὰρ
2590 4221 2761 4274 ταῦτα
2820 4223 2956 4293 πρὸς
2990 4222 3089 4274 ἕνα
3130 4220 3301 4274 τείνει
3346 4218 3564 4280 σκοπὸν,

1993 4312 2076 4364 ὅτι
2101 4312 2377 4382 προσῆκεν
2408 4313 2485 4376 ὡς
2517 4312 2824 4382 ἐφημέρους
2858 4313 3004 4383 ἡμᾶς
3031 4310 3239 4383 διαζῇν,
3276 4309 3568 4380 ἀναμένον-

312 4410 470 4462 quam
518 4410 619 4447 uon
653 4395 936 4448 abutantur
957 4395 1023 4449 ¹⁸.
1063 4394 1190 4450 Haec
1217 4396 1362 4449 enim
1398 4394 1578 4448 omnia
1617 4395 1682 4448 ad
1727 4410 1889 4449 uuum
1926 4394 1968 4447 D
1996 4416 2095 4463 τας
2122 4402 2222 4469 τῆς
2251 4401 2429 4466 ἐξόδου
2458 4403 2519 4455 τὸ
2543 4401 2809 4473 σύνθημα.

313 4497 534 4552 scopum
582 4486 839 4550 tendunt,
886 4485 1028 4555 quod
1083 4486 1228 4540 velut
1275 4485 1328 4540 in
1367 4485 1508 4544 diem
1572 4484 1661 4541 bic
1699 4486 1880 4546 vivere
1933 4491 2268 4563 debeamus,¹
2316 4507 2635 4562 semperque
2690 4495 2867 4549 exitus
2930 4493 3143 4562 signum
3192 4508 3255 4547 ac
3316 4504 3575 4550 tesseram

315 4593 346 4629 e
358 4594 378 4630 s
387 4586 654 4644 spectare.

468 4722 482 4775 Ι
512 4721 635 4779 Cor.
667 4735 763 4785 vu,
786 4719 876 4781 31.
955 4721 998 4753 ¹⁸
1020 4720 1060 4776 ll
1097 4719 1222 4786 Cor.
1255 4734 1334 4786 vr,
1363 4718 1449 4772 ¹0.
1527 4716 1573 4750 ¹⁸
1596 4714 1617 4771 1
1644 4717 1770 4774 Cor.
1808 4734 1902 4785 vu,
1931 4719 2022 4773 3¹.
2101 4715 2148 4747 ¹¹
2180 4712 2342 4769 Sirm.
2374 4715 2496 4769 cod.
2531 4711 2810 4786 ὑπάρχων,
2842 4727 2904 4766 ac
2940 4710 3148 4766 melius.

385 4859 497 4927 (Ιῖ)
539 4855 786 4921 fibulas,
847 4872 1028 4910 zonas.
1079 4854 1230 4922 Quod
1272 4854 1360 4908 bic
1411 4853 1596 4927 πόρπη
1656 4854 1891 4917 Asterio.

315 4929 534 4998 somnior
567 4927 775 4983 Graecia
806 4925 1002 4996 φίδλαν
1044 4924 1294 4996 appellat,
1341 4940 1460 4993 quae
1490 4939 1654 4977 uuum
1690 4932 1774 4977 est
1825 4939 1893 4978 ex

313 5000 650 5053 ‹wnmneutis
704 4996 1100 5066 imperialibus.
1166 5004 1223 5047 ut
1280 5003 1334 5048 et
1384 4994 1486 5047 alia
1552 4993 1640 5047 bic
1695 4993 1890 5048 relata.

319 5069 582 5125 Existimo
599 5081 724 5123 esse
748 5071 889 5134 qnod
913 5067 1086 5120 instar
1111 5062 1408 5119 bumeralis
1437 5071 1604 5118 totum
1625 5063 1891 5120 intextum

315 5138 513 5208 lapillis
581 5146 718 5203 togae
775 5135 1192 5203 superinduunt.
1239 5133 1438 5191 Verum
1501 5133 1655 5200 plura
1710 5141 1893 5187 noster

314 5211 457 5266 Goar
479 5222 599 5260 cum
629 5208 685 5262 in
715 5204 1054 5274 Eucholoyio,
1083 5213 1194 5257 tum
1220 5203 1272 5256 in
1304 5203 1446 5256 notis
1475 5204 1545 5256 ad
1577 5199 1891 5266 cedrenum,

315 5293 381 5332 ac
404 5277 676 5348 praecipue
709 5277 767 5331 in
793 5275 860 5328 iis
885 5289 1004 5341 quae
1035 5275 1332 5330 meditatur
1375 5273 1429 5325 in
1465 5270 1750 5336 Gradiuum,
1804 5269 1898 5326 ubi

314 5349 479 5404 etiam
532 5347 598 5400 de
638 5347 806 5413 virga,
843 5358 907 5399 ac
958 5357 1052 5398 seu
1101 5342 1367 5401 arundine
1408 5341 1785 5409 prael'ectorum
1833 5357 1904 5397 ac

320 5417 647 5485 reliquorum
674 5414 1113 5482 magistratuum,
1138 5413 1242 5466 alia
1273 5427 1337 5466 ac
1358 5410 1482 5471 alia.
1509 5427 1606 5481 pro
1631 5409 1900 5480 cujusque

320 5487 667 5556 riiapistratus
700 5486 925 5536 ratione.
953 5481 1066 5537 Non
1100 5482 1241 5537 male
1270 5483 1434 5536 etiam
1466 5482 1710 5536 Ducaeus.
1753 5479 1900 5536 Bene

316 5560 444 5611 item
477 5553 720 5609 correxit
751 5554 1110 5622 interpretem
1144 5553 1194 5606 in
1233 5550 1414 5606 verbis
1443 5549 1615 5614 Pauli,
1647 5551 1894 5620 παράγει

314 5624 376 5680 τδ
430 5625 615 5695 σχῆμα
653 5622 748 5677 τοῦ
804 5623 1010 5694 κόσμου
1059 5622 1288 5677 τούτου·
1319 5637 1440 5674 cunt
1493 5621 1570 5676 sic
1620 5619 1708 5674 ille
1761 5619 1901 5674 male

317 5697 658 5761 reddidisset,
683 5692 1035 5751 Revroesemat
1063 5694 1197 5751 enim
1220 5692 1432 5762 faciem.
1456 5699 1586 5755 etc..
1614 5704 1730 5762 pro,
1762 5705 1901 5759 pra·-

2003 4853 2125 4908 terit
2174 4851 2367 4921 figura,
2426 4858 2557 4913 etc„
2594 4863 2714 4918 quae
2766 4855 2847 4902 est
2901 4844 3206 4902 communis
3259 4855 3578 4899 sanctorum

2001 4921 2263 4992 expositio
2292 4919 2407 4984 ejus
2430 4919 2553 4976 loci.
2587 4917 2642 4972 lu
2677 4917 2845 4973 altero
2875 4917 3011 4980 loco,
3037 4915 3112 4979 ὡς
3154 4913 3230 4986 μὴ
3278 4915 3578 4988 παραχρώ-

2002 5009 2177 5064 μενοι,
2212 4993 2293 5044 sic
2316 4989 2512 5044 Paulus
2552 4989 2765 5045 videtur
2796 5000 3016 5052 monere
3046 4986 3302 5045 utendum
3355 4985 3577 5049 mundo,

2001 5074 2059 5116 ut
2092 5061 2164 5116 sit
2195 5071 2322 5114 usus
2353 5061 2557 5128 absque
2588 5059 2780 5121 abusu,
2830 5071 2895 5109 ac
2932 5056 3248 5124 castigatus,
3298 5069 3365 5107 ac
3401 5052 3577 5122 qualis

2001 5141 2254 5199 acceptus
2277 5130 2368 5182 sit.
2403 5127 2493 5182 Sic
2530 5126 2760 5182 Tertull.
2804 5124 2899 5185 lib.
2932 5124 3008 5178 De
3048 5123 3193 5184 cultu
3234 5123 3578 5189 seminarum,

2000 5218 2051 5258 c.
2083 5202 2138 5266 9,
2164 5197 2456 5267 Sequemur
2477 5197 2805 5260 Apostolum.
2833 5195 2923 5264 qui
2954 5210 3045 5250 nos
3080 5193 3346 5253 utimonet
3380 5192 3578 5247 mundo

2002 5273 2124 5336 iste,
2154 5271 2305 5340 quasi
2330 5284 2432 5320 non
2454 5268 2754 5321 abutamur.

2066 5341 2180 5408 (¹3)
2222 5336 2410 5392 Nonne
2437 5351 2636 5402 semper
2670 5334 2781 5388 ltoec
2818 5349 3010 5400 prwses
3062 5332 3263 5386 habet?
3318 5332 3436 5385 οὐκ
3484 5330 3577 5384 ἀεὶ

2000 5410 2209 5467 ταῦτα.
2286 5403 2378 5461 Sic
2434 5406 2593 5476 plane
2646 5404 2925 5474 legendum
2980 5401 3297 5455 affirmative
3349 5415 3413 5454 ac
3454 5415 3579 5453 cnm

2000 5492 2129 5535 nota
2161 5483 2442 5547 interrog„
2476 5489 2579 5536 non
2614 5481 2967 5542 neganter.ut
2992 5470 3167 5525 reddit
3193 5470 3422 5540 interpr.
3456 5467 3580 5530 Vult

2001 5550 2147 5605 enim
2175 5548 2346 5616 ipsam
2380 5544 2594 5615 quidem
2641 5542 3011 5612 praefecturam
3041 5553 3160 5595 esse
3203 5538 3349 5594 velut
3380 5554 3575 5610 perpe·

2003 5627 2172 5682 tuam,
2204 5632 2268 5671 ac
2291 5617 2407 5684 eius
2431 5611 2685 5684 insignia,
2708 5625 2892 5665 verum
2916 5610 3051 5666 alios
3078 5623 3141 5663 ex
3170 5608 3292 5664 aliis
3315 5609 3580 5675 contiuua

2004 5687 2302 5751 mutatione
2328 5682 2603 5755 suscipere
2632 5697 2695 5737 ac
2721 5693 3027 5760 capessere.
