3725 6125
251 289 315 346 81
1187 284 1592 344 ENARRATto
1629 285 1699 342 ΙΝ
1736 284 2094 343 CANthUM
2133 287 2608 351 climicoiimt.

3449 255 3539 343 'se

251 403 504 463 δυνατῶν
553 398 792 476 Ἰσραὴλ,
838 402 968 468 τοὺς
1023 402 1374 467 ἀποστόλους,
1421 402 1549 467 τοὺς
1581 402 1691 458 ἀπὸ
1735 400 1847 457 τῶν
1874 406 1923 467 Α
1952 418 2100 473 cere,
2149 421 2214 461 ex
2262 407 2575 477 potentibus
2617 404 2808 473 lsrael,
2845 404 3117 479 apostolos
3145 423 3161 463 ε
3190 405 3373 478 quiex
3412 422 3535 476 pro-

258 495 562 573 προφητῶν
598 494 978 567 ὁρμωμένους,
1019 493 1114 547 κα)Ι
1142 494 1245 557 τὰς
1271 494 1403 567 περὶ
1429 489 1670 566 Χριστοῦ
1696 508 1840 565 μαρ-

257 589 456 664 τυρίας
482 588 543 642 ἐκ
564 587 674 643 τῶν
704 585 1004 659 προφητῶν
1052 584 1427 650 συνιστῶντας
1462 585 1607 658 (45)·
1647 586 1710 640 τὸ
1759 585 1840 652 δὲ,

269 701 291 735 ι
327 683 605 752 ἐξήκοντα,
632 699 655 733 a
688 679 763 752 μὴ
784 679 877 734 τὸν
899 677 1139 751 ἀριθμὸν
1161 679 1378 745 σκόπει,
1405 677 1544 733 ἀλλὰ
1562 677 1628 733 τὸ
1656 676 1845 748 ἐξελη-

265 773 478 829 λυθέναι
529 770 732 836 αὐτοὺς
779 772 846 825 ἐκ
900 770 1004 840 τῆς
1042 769 1382 844 περιτομῆς,
1437 769 1532 824 καὶ
1575 767 1669 823 τοῦ
1699 767 1843 822 κατὰ

267 868 494 939 γράμμα
512 865 700 937 νόμου.
733 882 753 914 ι
772 863 990 928 Πάντας
1011 862 1068 916 δὲ
1086 863 1288 927 αὐτοὺς
1324 882 1342 915 ι
1364 862 1512 932 λέγει
1541 882 1560 916 ι
1586 860 1844 933 κατέχον-

255 975 354 1023 τας
385 957 694 1031 ῥομφαίαν·
739 975 760 1009 ι
799 955 991 1028 ἐπειδὴ
1032 954 1236 1020 πάντες
1284 954 1378 1010 τὸν
1416 954 1513 1009 τοῦ
1543 953 1681 1009 Θεοῦ
1705 968 1844 1007 κατ-

250 1050 438 1122 έχουσι
464 1049 633 1120 νόμον
654 1046 753 1101 καὶ
773 1046 950 1116 λόγον.
986 1065 1007 1099 ι
1035 1044 1151 1100 Ζῶν
1180 1043 1291 1117 γὰρ
1320 1046 1349 1099 ό
1380 1044 1539 1114 λόγος
1562 1042 1655 1098 τοῦ
1682 1041 1843 1109 Θεοῦ,

248 1143 349 1198 καὶ
395 1140 652 1214 ἐνεργής,
704 1141 804 1195 καὶ
831 1136 1145 1211 τομώτερος
1183 1135 1328 1209 ὑπὲρ
1352 1137 1534 1190 πᾶσαν
1566 1134 1844 1208 μάχαιραν

247 1236 559 1307 δίστομον.»
586 1264 662 1276 -
695 1247 716 1284 ι
741 1230 1126 1303 Δεδιδαγμένοι
1172 1229 1253 1293 είς
1300 1228 1564 1300 πόλεμον,
1585 1247 1605 1281 i
1652 1228 1714 1282 ού
1751 1227 1845 1282 τὸν

253 1327 392 1400 πρὸς
424 1324 769 1399 ἀνθρώπους,
803 1322 940 1378 ἀλλὰ
969 1342 990 1376 ι
1014 1322 1151 1395 πρὸς
1189 1320 1258 1376 τὰ
1287 1307 1587 1395 πνεύματα
1608 1320 1721 1394 (46)
1745 1317 1846 1393 τῆς

253 1418 543 1491 πονηρίας,
570 1437 590 1471 i
618 1416 765 1472 κατὰ
791 1416 883 1470 τὸν
906 1414 1133 1486 λέγοντα
1164 1416 1483 1487 προφήτην·
1520 1433 1539 1467 ι
1575 1414 1636 1468 ‘0
1663 1412 1847 1486 πραῢς

254 1511 400 1565 ἔστω
425 1510 696 1583 μαχητής.
723 1527 746 1562 ι

326 1605 454 1662 IIB'.
497 1603 680 1674 Ἀνὴρ
698 1604 969 1675 ῥομφαία
1018 1602 1206 1659 αὑτοῦ
1237 1601 1338 1658 ἐπὶ
1372 1599 1480 1657 τὸν
1513 1598 1718 1672 μηρὸν
1740 1599 1848 1654 αὐ·

259 1716 386 1753 του.

279 1878 633 1950 σωφροσύνης
653 1878 933 1950 λογισμὸν,
963 1880 1058 1933 τὸν
1087 1879 1355 1952 τέμνοντα
1394 1877 1465 1933 τὰ
1495 1877 1596 1950 τῆς
1649 1873 1853 1949 σαρκὸς

283 1970 450 2043 πάθη,
480 1971 578 2025 καὶ
606 1970 705 2036 τὰς
739 1970 931 2042 γηίνας
976 1971 1286 2043 ἐπιθυμίας.

348 2061 474 2117 nr'.
531 2060 670 2117 Ἀπὸ
698 2060 961 2131 θάμὸους
991 2061 1064 2116 ἐν
1090 2061 1289 2127 rit-Str.

360 2153 820 2227 Ἐκθαμὸουμένη
853 2151 964 2225 γὰρ
991 2154 1026 2224 ή
1058 2151 1169 2206 τῶν
1190 2150 1422 2206 εύσεόῶν
1452 2152 1677 2217 διάνοια,
1732 2149 1852 2216 πῶς

275 2243 360 2314 οἷς
381 2247 457 2320 μή
486 2246 604 2317 (47)
638 2245 886 2317 βούλεται
913 2244 1281 2316 παραπίπτει,
1311 2244 1451 2300 κατὰ
1481 2244 1572 2300 τὸν
1593 2244 1850 2315 λέγοντα·

274 2360 294 2392 r
334 2341 398 2393 ’0
424 2337 487 2391 ού
511 2336 678 2402 θέλω,
714 2335 870 2390 τοῦτο
897 2334 1058 2390 ποιῶ.
1082 2354 1104 2388 r
1152 2335 1239 2391 Ἐν
1273 2334 1389 2402 νυξὶ
1427 2335 1612 2408 τέμνει
1646 2333 1854 2408 (48)τά

265 2432 551 2503 θελήματα
589 2430 694 2503 τῆς
752 2427 985 2502 σαρκὸς,
1042 2427 1129 2483 ίνα
1205 2427 1558 2503 σωφροσύνην
1611 2428 1853 2502 θωρακι-

262 2525 449 2581 σθεῖσα
471 2523 612 2594 (49),
647 2524 752 2596 τὴν
775 2522 1205 2594 ἀκαταίσχυντον
1247 2520 1358 2595 (50)
1385 2522 1522 2595 πρὸς
1545 2520 1680 2576 Θεὸν
1715 2520 1853 2595 εῦρῃ

262 2614 599 2689 παρρησίαν.
642 2613 747 2667 -Ἐν
778 2612 958 2684 ταυτῷ
989 2612 1104 2685 (51)
1139 2612 1199 2668 δὲ
1235 2612 1333 2668 καὶ
1382 2611 1580 2688 ἐτέραν
1619 2614 1649 2667 ό
1695 2613 1854 2683 λόγος

263 2706 561 2761 αἰνίττεται
603 2702 1012 2777 πραγματείαν.
1046 2702 1297 2773 Λέγουσα
1331 2700 1443 2777 γὰρ
1487 2701 1629 2775 αῦτη
1665 2704 1700 2775 ή
1731 2701 1853 2756 θεία

271 2798 496 2872 Γραφή·
537 2813 559 2849 ι
589 2796 689 2862 Τίς
714 2795 902 2869 αῦτηή
927 2793 1294 2851 ἀναὸαίνουσα
1319 2794 1431 2850 ἀπὸ
1468 2795 1573 2867 τῆς
1607 2796 1851 2870 ἐρήμου,

275 2891 352 2954 ὡς
384 2887 608 2960 στελέχη
646 2886 856 2943 καπνοῦ
884 2886 1296 2960 τεθυμιαμένη;
1338 2906 1358 2940 i
1382 2885 1483 2959 τὴν
1525 2885 1854 2959 Ἐκκλησίαν

273 2981 569 3037 αἰνίττεται
595 2980 988 3036 ἀναόαίνουσαν
1006 2978 1115 3035 ἀπὸ
1129 2979 1227 3052 τῆς
1256 2979 1639 3054 ἐρημωθείσης
1659 2980 1856 3053 Ἰερου-

272 3073 474 3146 σαλήμ.
503 3073 569 3127 m
596 3070 705 3146 γὰρ
739 3071 815 3144 μὴ
861 3072 1046 3143 ἐκείνη
1080 3070 1179 3136 τὰς
1225 3073 1418 3144 χεῖρας
1452 3069 1724 3127 ἐπέὸαλεν
1760 3070 1855 3125 ἐπὶ

268 3165 361 3220 τὸν
406 3163 666 3237 Σωτῆρα,
704 3164 807 3218 ούκ
848 3163 916 3219 ἂν
951 3163 1090 3235 αὐτὴ
1137 3161 1388 3217 ἐπλούτει
1426 3161 1525 3236 τὴν
1568 3165 1650 3229 είς
1693 3163 1855 3219 αὐτὸν
1884 3129 1927 3188 C

269 3256 452 3310 πίστιν
471 3296 487 3320 ,
530 3254 607 3321 ῶς
638 3271 804 3326 φησιν
844 3253 1165 3319 ’Δπόστολος
1191 3271 1206 3286 ·
1248 3272 1270 3308 ι
1317 3253 1384 3308 Et
1414 3257 1449 3327 ή
1477 3255 1724 3328 ἁμαρτία
1755 3256 1857 3310 αύ-

266 3347 376 3401 τῶν
398 3345 533 3419 (52),
569 3346 802 3412 πλοῦτος
825 3344 921 3400 τοῦ
950 3344 1118 3417 νόμου
1141 3386 1156 3413 ,
1191 3345 1287 3400 καὶ
1317 3347 1352 3418 ή
1376 3345 1618 3419 ἀποδολὴ
1649 3346 1853 3414 αὐτῶν,

267 3439 502 3505 πλοῦτος
524 3438 722 3495 ἐθνῶν·
755 3439 840 3504 τίς
867 3439 901 3510 ὴ
931 3436 1266 3510 πρόσληψις,
1302 3438 1353 3492 εί
1390 3434 1466 3510 μὴ
1510 3435 1624 3510 ζωὴ
1660 3440 1725 3494 ἐκ
1767 3451 1858 3494 νε-

269 3533 457 3606 κρῶν;
503 3551 524 3586 ι
557 3531 764 3587 Ὅτιδὲ
801 3518 1031 3604 ἔρημος
1056 3526 1275 3602 ἔμεινεν
1327 3529 1534 3601 ἐκείνη,
1594 3533 1864 3605 μαρτυρεῖ

277 3643 375 3700 μοι
422 3627 457 3680 ό
490 3622 886 3694 ·εῦσπλαγχνος
930 3624 1166 3698 Χριστὸς
1210 3621 1386 3691 λέγων
1432 3623 1569 3694 πρὸς
1619 3622 1819 3686 αύτούς
1844 3640 1858 3656 ·

286 3734 310 3768 ι
361 3715 501 3769 ’1δοῦ
529 3713 751 3783 ἀφίεται
772 3714 803 3766 ό
828 3707 971 3778 οἶκος
995 3712 1150 3786 ὑμῶν
1195 3711 1422 3785 ἔρημος.
1465 3731 1483 3764 ι
1530 3713 1626 3767 Ἐκ
1656 3710 1863 3785 ταύτης

295 3800 393 3858 οῦν
427 3805 527 3874 τῆς
564 3805 763 3876 ἐρήμου
808 3803 916 3878 (53)
956 3805 1334 3860 ἀναδείκνυται
1371 3805 1406 3875 ή
1442 3801 1740 3875 Ἐκκλησία
1775 3802 1864 3858 διὰ

303 3896 395 3951 τοῦ
432 3896 680 3968 σταυροῦ.
722 3899 812 3953 Διὸ
848 3899 1001 3970 λέγει
1043 3897 1182 3970 πρὸς
1221 3896 1422 3969 αὐτήν·
1459 3915 1478 3948 ι
1515 3896 1613 3960 Τίς
1644 3895 1784 3969 αῦτη
1825 3899 1860 3969 ή

293 3987 651 4044 ἀναδαίνουσα
679 3989 786 4045 ἀπὸ
826 3990 928 4063 τῆς
970 3991 1204 4067 ἐρήμου,
1255 3989 1332 4053 ῶς
1386 3986 1616 4059 στελέχη
1647 3986 1859 4046 καπνοῦ

284 4079 728 4153 τεθυμιαμένη;ι
772 4078 962 4152 ἐπειδὴ
999 4080 1088 4135 διὰ
1119 4078 1216 4133 τοῦ
1245 4077 1450 4142 πάθους
1497 4077 1596 4150 τὴν
1636 4077 1866 4132 εὐωδίαν

288 4172 566 4238 ῐπνευσεν,
593 4173 694 4245 τὴν
714 4171 1048 4246 είςΧριστδν
1075 4171 1258 4226 πίστιν
1283 4169 1505 4242 δηλαδή.
1530 4169 1726 4223 Καίτοι
1749 4169 1864 4242 (54)

1952 497 2131 569 pliciis
2179 498 2531 568 prodierunt,
2579 510 2636 555 et
2681 498 2886 555 Cliristi
2932 498 3239 556 testimonia
3291 513 3358 553 ex
3409 513 3535 569 pro-

1948 592 2131 664 phetis
2180 592 2543 665 collegerunt.
2599 593 2754 661 Quod
2808 606 2939 648 vcro
2993 592 3229 667 pertinet
3274 592 3342 647 ad
3403 590 3535 648 illud

1952 687 2331 759 «sexaginta,»
2384 703 2453 744 ne
2481 689 2743 762 respicias
2775 688 2842 744 ad
2880 703 3206 757 niinieruni;
3244 688 3340 746 sed
3377 689 3537 747 intel*-

1948 778 2054 849 lige
2104 792 2201 834 eos
2252 778 2525 850 prodiisse
2586 795 2652 836 ex
2708 778 3132 837 circumcisione
3186 790 3242 837 et
3293 794 3363 837 ex
3417 780 3537 852 lege

1949 872 2250 927 secundum
2298 870 2556 929 litteram.
2591 892 2612 926 i
2641 872 2842 931 Omnes
2861 913 2877 940 ,
2908 891 2928 927 i
2958 872 3067 941 ait,
3090 891 3110 926 ι
3136 883 3386 930 tenentes
3416 871 3536 946 gla-
3570 893 3579 916 ι

1946 962 2131 1032 dium;
2164 985 2184 1019 i
2227 976 2420 1021 omnes
2476 963 2621 1020 enim
2680 964 2772 1021 Dei
2827 965 3000 1037 legem
3065 973 3258 1026 tenent
3305 973 3362 1020 ει
3416 977 3535 1021 serr

1937 1069 2185 1136 monem.
2224 1074 2244 1109 ι
2277 1054 2445 1112 Vivus
2503 1053 2647 1112 enim
2690 1064 2777 1112 est
2827 1070 3006 1113 serino
3060 1056 3175 1122 Dei,
3232 1065 3288 1112 et
3319 1052 3534 1121 efficax,

1946 1157 2002 1203 et
2031 1146 2421 1217 penetrabilior
2449 1146 2598 1202 omni
2629 1144 2808 1217 gladio
2837 1145 3061 1217 ancipiti
3088 1146 3187 1202 ³⁸.»
3222 1174 3289 1188 -
3328 1163 3349 1197 i
3378 1144 3533 1202 Docti

1950 1237 2173 1308 bellum,
2212 1258 2232 1293 i
2269 1253 2377 1295 non
2437 1239 2700 1296 adversus
2755 1238 3026 1306 homines,
3082 1239 3177 1295 sed
3209 1257 3230 1291 i
3274 1237 3534 1294 adversus

1949 1331 2175 1403 spiritus
2240 1332 2498 1403 nequiiiae
2572 1331 2658 1400 ⁸⁸,
2692 1351 2713 1386 ι
2744 1332 2899 1403 juxta
2967 1332 3288 1404 proplietam
3356 1330 3537 1388 dicen·

1952 1434 2103 1482 tem:
2140 1445 2161 1479 ι
2193 1424 2507 1482 Mansuetus
2555 1423 2630 1482 sit
2676 1432 2946 1497 pugnator
2996 1423 3062 1479 ⁸⁸.
3104 1442 3126 1477 ι

2023 1603 2282 1661 Lxxxu.
2331 1602 2430 1658 Vir
2462 1602 2671 1676 ylarius
2709 1599 2823 1671 ejiir
2855 1617 3014 1671 super
3051 1601 3224 1672 femur
3256 1617 3393 1673 ejus.

345 1787 646 1857 ’Βομφαιαν
675 1787 768 1840 ἐπὶ
784 1786 874 1842 τὸν
901 1787 1076 1860 μηρὸν
1114 1786 1206 1841 τὸν
1229 1787 1392 1859 νόμον
1418 1784 1597 1854 λέγει,
1627 1752 1724 1837 τὸν
1747 1780 1850 1854 τῆς
1882 1753 1926 1813 Β
2014 1747 2276 1839 Δίὶίειιιίιιιιι
2329 1796 2492 1852 supi-a
2547 1780 2724 1838 femur
2772 1779 2946 1852 legem
2989 1778 3271 1851 intelligit,
3325 1789 3382 1836 et
3433 1795 3535 1850 pu·

1956 1873 2108 1932 dicas
2169 1874 2525 1945 cognationes
2592 1889 2713 1945 quae
2767 1873 3017 1931 carnales
3082 1870 3310 1928 affectus
3364 1881 3537 1929 terre·

1957 1981 2162 2037 nasque
2207 1966 2537 2037 cupiditates
2589 1966 2938 2023 abscindunt.

2028 2057 2316 2117 Lxxxlll.
2354 2059 2398 2113 A
2435 2076 2627 2130 pauore
2677 2060 2731 2115 in
2787 2058 3053 2116 noctibus.

2026 2149 2175 2208 Mens
2201 2150 2347 2208 enim
2373 2151 2589 2224 piorum
2617 2150 2814 2222 pavida
2840 2159 2960 2219 est,
2997 2164 3064 2206 ne
3100 2148 3155 2205 in
3180 2162 3243 2205 ea
3270 2161 3392 2218 quoe
3427 2161 3547 2204 noa

1956 2243 2103 2311 vult,
2152 2241 2390 2309 incidat,
2426 2241 2584 2314 juxta
2628 2241 2948 2313 Apostolum
2972 2281 2989 2309 ‚
3035 2241 3128 2312 qui
3178 2241 3254 2297 ait
3286 2259 3301 2297 ι
3337 2259 3356 2293 ι
3389 2238 3579 2316 Quod·

1955 2338 2118 2405 nolo,
2145 2335 2275 2392 illud
2310 2335 2449 2393 l'acio
2479 2334 2547 2391 ⁸⁸.
2578 2352 2598 2388 ι
2626 2335 2685 2390 ln
2715 2334 2969 2391 noctibus
2996 2334 3267 2390 abscindit
3296 2331 3540 2388 volunta-

1959 2441 2040 2490 tcs
2086 2432 2304 2495 carnis,
2351 2438 2411 2485 ut
2449 2428 2711 2500 pudicitia
2757 2436 3017 2497 tanquam
3072 2427 3295 2482 thorace
3331 2424 3542 2481 munita

1958 2521 2209 2580 fiduciam
2232 2520 2448 2577 ruboris
2474 2529 2755 2590 expertem
2782 2520 2923 2590 apud
2950 2518 3120 2574 Deum
3144 2523 3540 2589 consequatur.

1957 2615 2073 2673 Hoc
2099 2615 2217 2687 ipso
2245 2612 2414 2671 etiam
2438 2610 2582 2668 aliud
2608 2611 2885 2683 quidpiam
2912 2609 3204 2680 signifieat.
3232 2608 3367 2665 Cum
3392 2607 3540 2664 euim

1958 2709 2076 2764 liaec
2125 2706 2307 2762 divina
2355 2704 2637 2775 Scriptura
2678 2703 2856 2759 dicit:
2890 2721 2910 2756 ι
2942 2701 3075 2771 Quae
3115 2710 3203 2758 est
3241 2701 3382 2769 ista,
3424 2715 3545 2772 quas

1958 2796 2253 2854 ascendite
2274 2796 2487 2854 deserto
2514 2802 2772 2867 tanquam
2794 2800 3022 2878 tr'uncus
3049 2791 3181 2849 funii
3208 2796 3462 2866 incensus
3480 2789 3539 2846 b

1958 2890 2257 2948 Ecclesiam
2298 2888 2573 2961 significat
2610 2888 2995 2945 ascendentem
3027 2900 3060 2943 e
3088 2885 3308 2943 deserto
3351 2883 3546 2942 {liei-u-

1959 2984 2151 3041 salem.
2182 2981 2239 3038 Si
2273 2982 2415 3037 enini
2447 2980 2565 3038 liaec
2598 2995 2708 3037 non
2754 2978 3032 3052 iniecisset
3064 2992 3257 3035 manus
3320 2976 3376 3033 in
3425 2975 3550 3034 Sal«

1960 3085 2240 3144 vatorem,
2290 3074 2380 3131 illa
2429 3074 2486 3131 iii
2532 3074 2649 3146 ejus
2700 3072 2807 3131 lide
2858 3072 3013 3130 dives
3049 3087 3158 3129 non
3207 3069 3431 3135 luisset,
3486 3079 3549 3124 ut

1961 3170 2041 3227 ait
2069 3167 2360 3241 Apostolus
2390 3187 2404 3224 z
2435 3187 2457 3223 ι
2495 3167 2556 3224 Si
2590 3177 2774 3225 autem
2804 3174 3087 3238 peccatum
3118 3178 3307 3221 eorum
3340 3160 3551 3218 divitiae.

1964 3262 2191 3331 mundi,
2238 3269 2294 3319 et
2326 3260 2571 3331 ⁸abjectio
2608 3275 2799 3319 eorum
2843 3259 3049 3316 divitiae
3092 3255 3376 3330 gentiuin;
3426 3269 3550 3326 quai

1964 3355 2292 3426 assumptio,
2334 3353 2444 3411 nisi
2485 3353 2597 3410 vita
2625 3366 2694 3408 ex
2738 3352 2969 3409 mortuis
3002 3350 3090 3404 ⁸⁸?
3121 3370 3141 3402 i
3165 3347 3320 3417 Quod
3362 3357 3544 3401 autem

1965 3448 2058 3503 illa
2093 3448 2313 3504 deserta
2344 3446 2707 3510 remanserit,
2739 3443 2898 3501 testis
2929 3450 3016 3501 εει
3045 3440 3182 3496 milii
3229 3438 3545 3495 misericors

1965 3539 2217 3597 Cliristus
2249 3541 2435 3598 dicens
2465 3540 2611 3597 illis:
2641 3554 2661 3590 ι
2689 3538 2829 3594 Εεεε
2851 3536 3194 3605 relinquetur
3219 3532 3413 3589 domus
3442 3543 3542 3584 ve-

1965 3642 2079 3690 stra
2127 3634 2345 3690 deserta
2373 3632 2441 3690 ⁸⁸.
2476 3651 2496 3686 ι
2528 3632 2605 3687 Ex
2655 3631 2760 3687 boc
2800 3629 2966 3701 igitur
3009 3627 3226 3683 deserto
3264 3622 3409 3680 edita
3462 3633 3550 3678 est

1964 3723 2210 3782 Ecclesia
2257 3739 2357 3796 per
2406 3739 2648 3781 crucem.
2697 3721 2995 3791 Propterea
3043 3718 3178 3773 dicit
3210 3715 3277 3772 ad
3325 3717 3497 3784 ipsam
3528 3731 3553 3768 ·.

1973 3836 1993 3869 ι
2022 3816 2154 3884 Quae
2181 3821 2265 3871 est
2311 3814 2415 3870 ista
2437 3851 2456 3879 ,
2486 3825 2608 3883 quie
2636 3810 2884 3866 ascendit
2913 3822 2945 3863 e
2972 3808 3192 3863 deserto
3218 3806 3362 3861 sicut
3391 3814 3549 3858 trim-

1968 3924 2066 3966 cus
2105 3906 2239 3963 l'umi
2290 3903 2592 3962 incensus?
2619 3921 2641 3958 ι
2666 3901 2792 3974 quia
2833 3915 2932 3971 pei·
2971 3897 3298 3982 passionem·
3321 3894 3554 3967 spiravit

1968 4001 2224 4065 odorem,
2269 3997 2434 4054 fldem
2480 3995 2690 4054 scilicet
2720 3994 2774 4049 in
2803 3991 3103 4048 Cliristum.
3136 3985 3324 4058 Neque
3357 3984 3549 4039 incen-

1970 4106 2088 4148 sum
2118 4090 2341 4146 tacitum
2385 4086 2678 4155 relinquit:
2714 4107 2734 4137 i
2763 4083 3036 4156 Myrrham
3058 4121 3074 4145 ,
3108 4100 3126 4133 ι
3158 4079 3266 4144 ait,
3298 4094 3318 4130 ι
3343 4084 3399 4133 ει
3429 4074 3560 4147 tlius⁴

1971 4197 2040 4238 ex
2103 4181 2356 4238 omnibus
2408 4176 2723 4249 pulveribus
2783 4169 3174 4244 unguentarii:
3214 4185 3234 4221 i
3274 4164 3552 4237 myrrham

288 4266 349 4322 τὸ
368 4265 620 4337 θυμίαμα
638 4267 699 4319 0'3’
723 4266 927 4338 σιωπᾷ·
953 4263 1289 4336 (Σμύρναννῑ
1317 4262 1472 4333 φησὶ,
1498 4278 1518 4313 ⁸
1537 4261 1630 4315 καὶ
1648 4259 1868 4317 &maweu
1972 4284 2193 4345 propter
2218 4271 2528 4342 passionem
2553 4309 2569 4335 ‚
2596 4268 2723 4324 thus
2743 4273 2963 4337 propter
2982 4259 3345 4316 divinitatem.
3370 4272 3391 4307 ο
3415 4254 3554 4313 Ecce

289 4358 398 4414 ἀπὸ
426 4357 648 4412 πάντων
678 4357 973 4431 ’ωνῑῡίηῶν
1018 4355 1294 4430 μυρεψοῦ·
1332 4373 1352 4407 ⁸
1400 4353 1649 4426 σμύρναν
1678 4353 1768 4409 διὰ
1800 4355 1867 4409 τὸ
1974 4362 2150 4418 lectus
2170 4350 2769 4417 SalomonisaLectum
2797 4351 3040 4423 intellige
3065 4347 3375 4419 sepulcrum
3396 4342 3555 4407 J'esu.

286 4451 480 4516 πάθος.
511 4452 607 4506 καὶ
632 4451 850 4509 λίδανον
885 4451 980 4507 διὰ
1001 4452 1099 4524 τὴν
1122 4450 1375 4522 θεότητα.
1409 4468 1429 4503 ι
1480 4449 1611 4504 Ἰδοὺ
1648 4453 1683 4523 ἡ
1713 4449 1871 4525 κλίνη
1904 4469 1949 4525 1)
1978 4452 2072 4525 qul
2103 4451 2284 4507 omnia
2315 4450 2530 4522 pacavit
2556 4464 2653 4521 per
2678 4463 2830 4506 suain
2867 4444 3174 4516 passionem
3210 4449 3267 4496 et
3309 4448 3555 4495 resurre-

288 4545 570 4618 :alapiam
599 4564 620 4598 ²
651 4545 860 4619 Κλίνην
891 4563 983 4618 μοι
1025 4544 1157 4609 νόει,
1201 4544 1262 4599 τὸ
1292 4542 1482 4615 μνῆμα
1526 4539 1623 4595 τοῦ
1672 4541 1872 4615 Ἰησοῦ,
1981 4546 2239 4601 ctionem.
2279 4545 2357 4600 De
2382 4559 2491 4615 quo
2532 4542 2674 4599 lecto
2704 4540 2881 4614 angeli
2908 4538 3138 4596 dicunt:
3176 4552 3195 4587 i
3224 4532 3365 4589 Ecce
3405 4529 3554 4585 locus

286 4635 384 4691 τοῦ
416 4637 832 4711 ὃῑρηνῑῦσαντος
862 4638 932 4694 τὰ
965 4638 1149 4693 πάντα
1190 4634 1281 4690 διὰ
1323 4634 1420 4690 τθῦ
1469 4633 1599 4687 ἰδίου
1657 4632 1871 4700 πάθους
1981 4638 2072 4694 ulii
2094 4636 2319 4710 jacebat
2341 4635 2602 4694 Dominus
2627 4633 2728 4690 ⁸¹.»
2748 4662 2819 4674 -
2845 4650 2865 4686 ι
2892 4628 3186 4700 Sexaginta
3219 4628 3469 4696 potentes
3500 4618 3554 4673 in

369 4775 415 4809 ⁸⁸
455 4774 621 4834 Hebr.
652 4793 728 4843 iv.
765 4778 854 4833 ¹2.
962 4777 1009 4811 ⁸⁸
1052 4776 1095 4832 E
1135 4776 1252 4831 lies.
1311 4790 1403 4843 νι,
1439 4775 1527 4831 12.
1633 4775 1681 4808 ⁸'
1719 4773 1835 4836 Joel
1884 4794 1977 4848 iii,
2038 4779 2125 4836 11.
2230 4779 2275 4814 ⁸⁸
2314 4777 2473 4834 Boin.
2524 4791 2638 4843 vii,
2689 4775 2780 4831 17.
2892 4775 2937 4809 ⁸⁸
2975 4771 3133 4829 Rom.
3171 4784 3260 4835 xi,
3303 4761 3408 4829 12,
3463 4759 3554 4815 {5-

294 4847 340 4881 ⁸⁸
380 4844 573 4904 naith.
605 4862 780 4916 xxiii,
812 4848 905 4905 58.
978 4847 1024 4881 ⁸¹
1119 4846 1257 4902 atili.
1292 4861 1463 4902 xxviii
1490 4886 1507 4912 ,
1541 4845 1595 4901 6.

369 4987 487 5060 (45)
521 4985 604 5043 Ex
641 4986 832 5044 flutio.
862 4996 912 5045 et
941 4986 1132 5055 vallic.
1158 4999 1344 5040 veram
1378 4984 1664 5042 lectionem
1696 4982 1877 5038 elicui.
2054 4976 2167 5048 (52)
2208 4974 2470 5031 Paulinus
2518 4974 2672 5030 locus
2718 4980 2801 5028 est
2832 4990 2845 5027 :
2877 4968 2943 5024 Ei
2996 4969 3053 5023 δὲ
3089 4967 3155 5055 τὸ
3194 4967 3556 5051 παράπτωμα

296 5057 472 5113 Pravo
519 5072 673 5114 meus
707 5068 763 5114 ει
795 5055 958 5114 Barb.
985 5059 1113 5122 τοὺς
1142 5057 1272 5128 περὶ
1321 5052 1558 5128 Χριστοῦ
1598 5052 1883 5125 μάρτυρας
1982 5049 2184 5106 αὐτῶν.
2204 5049 2267 5104 Et
2292 5045 2451 5118 paulo
2481 5054 2637 5116 post:
2662 5044 2726 5098 Et
2751 5041 2862 5115 γὰρ
2886 5039 3127 5112 ἀποὸολη
3148 5055 3326 5094 αυτων
3358 5038 3555 5095 καταλ-

297 5131 362 5183 ἐκ
390 5127 502 5181 τῶν
525 5145 567 5181 π
711 5128 882 5182 τικῶν
904 5127 1293 5190 συνιστῶντας.
1982 5120 2383 5245 λαγηᾶκόσῢου,
2415 5133 2471 5198 κ.
2504 5132 2557 5199 τ.
2592 5115 2644 5169 λ.
2797 5183 2811 5198 ·
3396 5178 3409 5192 ·
3452 5177 3465 5191 ο

371 5197 486 5268 (46)
526 5197 591 5253 D.
664 5199 821 5255 aulus
846 5199 1009 5255 liabet
1034 5194 1403 5268 πνευματικά.
2055 5190 2112 5261 (5
2150 5189 2168 5261 )
2207 5192 2253 5245 Α
2294 5187 2610 5244 surdissime
2650 5193 2757 5242 vet.
2797 5191 3022 5264 interpr.
3056 5199 3073 5238 z
3102 5200 3121 5234 i
3144 5180 3224 5236 Ex
3255 5179 3357 5234 lioc
3396 5195 3410 5233 i
3452 5184 3554 5258 itiir

394 5270 488 5333 47)
528 5267 676 5341 Lego
699 5269 920 5342 μήπως.
1986 5262 2201 5318 deserta
2251 5271 2373 5313 esse
2423 5257 2736 5312 declaratur
2784 5252 3051 5309 Ecclesia.
3083 5271 3104 5307 i
3152 5251 3260 5308 Sed
3319 5249 3424 5305 Ec·
3509 5264 3556 5300 izi

373 5274 468 5478 {ts
530 5338 623 5394 Sic
642 5338 946 5395 emendavi.
971 5336 1135 5392 Barb.
1167 5348 1222 5394 et
1253 5336 1388 5392 vall.
1421 5335 1615 5408 τέμνη.
1987 5322 3117 5463 ἷιυιὲηὲῑιὲἳὲηνόθειειὲιὲιὲιοεειἑθίὲιὶιιίἑηῖἷι,ιιιῐιιε.ἐὲἓ
3147 5325 3557 5460 {ligigzri-apvrffniffl:

1990 5471 2203 5527 terdum
2234 5469 2399 5524 etiam
2423 5466 2714 5523 lectoribus
2750 5465 2970 5523 exhibet
2999 5464 3264 5519 immanes
3294 5468 3507 5536 errores
3533 5473 3550 5511 ε

1987 5541 2129 5609 qiiod
2166 5539 2241 5594 itti
2270 5537 2469 5593 accidit
2501 5535 2718 5592 inscitia
2744 5533 3045 5605 pracsertim
3070 5531 3247 5586 Latini
3268 5539 3554 5585 sermonis.

1988 5612 2161 5668 Etiam
2206 5609 2259 5663 in
2291 5607 2452 5677 liujus
2490 5618 2678 5661 versus
2711 5606 3090 5676 explanatione
3110 5600 3356 5670 quaedam
3392 5592 3552 5651 liabct

1993 5698 2062 5740 ca
2086 5679 2287 5744 versio,
2314 5690 2435 5748 quae
2467 5677 2665 5733 absunt
2685 5692 2715 5730 a
2739 5674 2946 5732 Graecis
2975 5671 3272 5729 codicibus.

2064 5750 2179 5826 (st)
2218 5749 2310 5808 Sic
2333 5748 2638 5806 emendavi.
2679 5743 2899 5803 Barbcr.
2924 5751 2979 5801 et
3004 5741 3189 5797 vallic.
3218 5731 3313 5791 καί
3338 5752 3416 5791 τι.

401 5407 467 5465 19
531 5408 740 5478 Duplici
787 5424 980 5467 errore
1044 5406 1210 5465 Barb.
1260 5416 1315 5464 ει
1375 5405 1562 5465 vallic.
1627 5412 1682 5462 et
1734 5418 1889 5461 meus

308 5477 710 5632 οοῗὲθιῖσξέέιςιιε
755 5549 986 5620 interpr.
1036 5546 1219 5614 vertit,
1275 5543 1787 5617 «inexpugnabilem
1815 5558 1830 5599 :
1863 5564 1885 5598 i

312 5617 510 5690 legisse
537 5619 750 5704 videtur
782 5618 1233 5744 &xsswssstlss'wh
1404 5685 1421 5708 ·
1493 5684 1508 5704 ι

312 5689 497 5831 ιπὲῗὲ)
539 5689 734 5750 vallic.
764 5691 825 5747 ἐν
863 5690 1051 5746 ταυτό.
1131 5687 1248 5744 arli.
1284 5687 1343 5743 ἐν
1373 5703 1403 5740 τ
1449 5685 1599 5744 αυτό.
1654 5684 1893 5757 Uterque
