3725 6125
229 279 366 336 1147
1345 272 1619 334 Psmsss
1654 268 1958 330 AEct'v'rtt
1998 271 2268 330 SAECtJLt
2307 273 2395 331 tv.
3380 279 3490 342 1118

228 390 676 461 complectamur,
723 397 781 446 ut
816 405 914 447 nos
958 392 1027 445 ab
1075 389 1306 445 avaritia
1352 389 1562 446 liberet.
1605 389 1808 447 Omnes
1836 389 1884 448 Δ
1913 386 2105 444 Multas
2131 387 2280 443 enim
2307 387 2479 443 tendit
2497 386 2759 453 insidias,
2799 396 2870 442 ut
2899 386 3490 458 oppprimtm'l'tisti·

231 480 432 538 tratres
461 492 676 538 nostros
704 483 907 553 pariter
939 481 1245 552 diligamus,
1289 482 1556 537 neminem
1589 481 1808 538 omnino
1912 481 1982 536 tia
2003 495 2125 552 qnae
2154 494 2222 535 ex
2263 475 2374 536 neo
2401 489 2489 536 est
2515 478 2771 536 latitiam
2805 476 3010 540 affert.
3037 486 3099 533 et
3123 477 3487 542 bominum

231 572 360 629 odio
380 583 784 648 prosequentes,
810 587 974 644 neque
1001 571 1097 626 ulli
1125 574 1320 627 malum
1345 589 1440 643 pro
1462 572 1599 627 malo
1626 572 1809 626 redda—
1908 569 2090 627 ssrmat
2123 571 2177 626 in
2211 571 2488 630 voluntate
2522 570 2644 628 Dei.
2678 570 2799 640 Qui
2843 578 3053 625 auten.
3089 568 3227 626 dicit
3253 571 3378 628 tibi:
3400 575 3488 644 ψ·

234 679 354 718 mas
382 663 450 729 ⁸⁸,
490 673 653 733 atque
703 664 773 719 ab
814 663 1156 720 aemulatione
1194 663 1568 719 liberabimur.
1612 661 1806 717 Pacem
1906 661 2513 736 fngieslpoenitentiam
2561 677 2668 720 non
2716 662 2940 730 babes,
2991 662 3224 718 venian
3251 665 3484 723 nai-rs-

236 769 362 812 cnm
416 755 689 819 omnibus,
743 764 853 811 tam
902 756 1105 827 parvis,
1152 771 1314 826 quam
1361 755 1571 827 magnis
1609 754 1808 810 habea·
1910 760 2061 824 nies;
2099 758 2146 814 is
2179 757 2249 814 ab
2275 758 2497 814 inimico
2541 768 2646 828 est,
2681 768 2748 816 et
2781 756 2968 832 ,nibil
3004 756 3166 812 aliud
3197 760 3378 828 qam-it,
3409 762 3480 818 ιἰἰ

237 861 358 901 mus
379 846 447 901 ⁸⁸.
484 846 747 902 Omnibus
794 846 846 903 in
889 848 1051 903 rebus
1088 848 1447 904 humilitatem
1510 863 1806 914 servemus,
1909 861 1989 916 ut,
2019 849 2228 918 abjecta
2266 850 2621 915 continentia,
2679 850 2928 906 incidas
2985 848 3052 904 in
3099 848 3474 919 maruhan.

238 938 593 1007 proximoque
621 939 899 1005 cedamus,
924 941 1171 1010 quamvis
1196 939 1389 1009 injuria
1413 949 1504 995 aut
1528 948 1807 996 contume-
1908 940 2152 997 Tristitia
2185 957 2314 997 vero
2340 957 2459 1013 quae
2488 956 2558 997 ex
2580 939 2698 998 Deo
2725 952 2845 1008 est,
2877 939 3197 997 hominem
3215 941 3469 1013 addana-

238 1027 311 1083 iia
356 1027 552 1096 affecti,
601 1039 660 1085 ut
703 1045 734 1084 a
774 1030 1025 1100 snperbia
1072 1031 1223 1087 liberi
1266 1032 1456 1087 simus.
1496 1031 1807 1087 Proximum
1911 1034 2111 1089 tionem
2160 1047 2266 1088 non
2299 1032 2547 1104 impellit.
2575 1034 2674 1089 sed
2713 1043 2944 1089 eontra
2971 1033 3455 1101 potius-m

238 1128 506 1184 nostrum,
541 1117 666 1175 iicet
688 1122 1059 1190 vituperemur
1079 1120 1148 1176 ab
1171 1135 1256 1187 eo,
1284 1121 1487 1178 bonore
1517 1137 1808 1194 proquua·
1910 1125 2070 1193 latur,
2100 1122 2179 1180 Ne
2207 1125 2420 1191 timeas.
2449 1123 2742 1193 inquieos;
2776 1125 2859 1179 ad
2897 1124 3098 1179 Deum
3136 1135 3345 1190 renue.
3366 1129 3438 1197 qai

239 1221 382 1275 mur,
406 1218 461 1265 et
486 1225 515 1264 a
548 1210 924 1266 maledicentia
956 1211 1156 1268 erimus
1181 1213 1361 1267 alieni.
1387 1213 1568 1268 Mundi
1591 1214 1811 1269 delicias
1911 1216 2176 1288 benignus
2208 1224 2264 1272 et
2296 1215 2603 1272 misericors
2630 1223 2723 1272 est
2753 1222 2822 1270 et
2851 1214 3034 1270 novit
3069 1214 3424 1272 boni-ahh-

238 1308 295 1355 et
318 1300 612 1369 dignitates
640 1310 1076 1366 contemnamus,
1116 1309 1175 1357 ut
1200 1302 1270 1358 ab
1295 1304 1493 1358 invidia
1518 1305 1690 1360 simus
1725 1306 1811 1360 in·
1912 1305 2216 1362 cillitatem.
2261 1304 2413 1362 Malis
2451 1304 2916 1375 cogitationibus
2971 1304 3194 1362 acriter
3231 1305 3378 1368 ruite.
3401 1317 3436 1362 s

240 1392 401 1462 tegri.
443 1391 706 1464 Linguam
747 1393 800 1447 in
838 1392 930 1449 Dei
966 1393 1215 1449 laudibus
1257 1404 1315 1449 et
1354 1396 1608 1466 precibus
1641 1393 1815 1451 conti·

239 1497 488 1550 neamus,
543 1493 604 1538 ut
640 1486 978 1541 mendacium
1021 1500 1052 1540 a
1088 1486 1241 1542 nobis
1272 1487 1460 1558 procul
1486 1487 1645 1543 absit.
1684 1488 1815 1544 Ani·

240 1589 388 1630 mum
420 1584 476 1631 et
506 1590 702 1646 corpus
732 1586 975 1631 nostrum
998 1593 1028 1631 a
1055 1576 1276 1634 libidine
1301 1593 1605 1645 arceamus,
1630 1587 1690 1635 ut
1715 1596 1818 1652 pu·

1914 1399 2010 1456 abs
2051 1406 2103 1453 te
2139 1395 2365 1469 fugient.
2396 1395 2646 1454 Timidus
2685 1395 2858 1453 enim
2923 1396 3452 1468 ignavosque!-

1914 1504 1978 1544 ac
2005 1497 2283 1558 superant,
2311 1498 2367 1544 et
2395 1487 2554 1544 iidem
2579 1488 2640 1543 in
2675 1488 2802 1544 Deo
2835 1501 2964 1544 non
2994 1484 3216 1544 babere
3235 1496 3446 1556 esan-

1915 1577 2018 1647 Qui
2078 1578 2179 1635 sibi
2248 1579 2363 1647 ipse
2422 1578 2648 1633 minime
2715 1576 3079 1644 blanditur,
3147 1576 3332 1647 quiq-e
3371 1592 3440 1633 ι

240 1668 289 1722 ri
318 1668 565 1737 castique
588 1668 778 1723 simus.
810 1665 936 1723 ilaec
957 1668 1393 1742 enim,animam‚
1417 1686 1538 1725 cum
1558 1686 1592 1726 e
1619 1685 1815 1742 corpo·
1918 1672 2164 1743 agnoscit
2219 1670 2544 1741 imperitiam
2602 1677 2788 1739 atque
2851 1668 3277 1737 infirmitatem,
3329 1669 3369 1725 is
3403 1684 3447 1725 ι

238 1772 303 1812 re
326 1757 623 1828 egreditur,
644 1765 861 1811 tuentur
882 1765 1044 1826 atque
1068 1757 1394 1825 defendunt3
1426 1768 1481 1813 et
1509 1760 1733 1815 virtutes
1764 1759 1813 1815 ei
1846 1725 1892 1785 Β
1917 1760 2299 1833 cupiditatibus
2352 1761 2594 1833 indulget
2651 1760 2812 1828 suis,
2878 1760 2990 1817 sed
3044 1760 3248 1818 divina
3271 1761 3456 1830 oblm-

241 1858 368 1903 sunt
392 1847 615 1913 auxilio,
648 1848 693 1902 si
729 1860 822 1902 eas
846 1847 1168 1917 possederit.
1198 1847 1331 1917 Quis
1356 1850 1578 1921 sapiens
1605 1860 1819 1908 recuset
1918 1863 2005 1908 rat
2045 1850 2327 1908 voluntati.
2361 1849 2461 1919 Qui
2512 1850 2620 1907 sibi
2662 1851 2800 1922 ipse
2847 1849 3078 1923 placet,
3131 1862 3192 1909 et
3231 1853 3458 1912 seutd-

242 1948 472 1994 mortem
516 1946 789 2007 oppetere,
837 1948 895 1993 ut
932 1954 962 1993 a
1005 1938 1191 1994 mundi
1224 1940 1458 1997 miseriis
1488 1949 1546 1998 et
1578 1944 1819 2012 peccatis
1918 1956 2074 1997 suam
2112 1940 2322 1997 cateris
2358 1939 2659 2012 anteponit,
2708 1940 3015 1998 timorem
3061 1941 3164 1999 Dei
3199 1957 3232 2000 a
3257 1957 3313 2001 se
3347 1945 3460 2000 aba

245 2028 541 2084 liberetur?
598 2028 884 2085 Faciamus
915 2029 1056 2100 quod
1106 2030 1159 2086 in
1215 2032 1372 2088 nobis
1411 2041 1516 2101 est,
1551 2043 1607 2089 et
1648 2034 1821 2092 virtus
1919 2035 2175 2092 ostendit.

249 2121 464 2177 Domini
487 2120 659 2178 nostri
689 2118 816 2179 Jestt
843 2121 1044 2178 Christi
1069 2133 1268 2180 nostrae
1304 2139 1412 2180 non
1439 2125 1612 2182 deerit
1642 2125 1823 2183 bumi-

246 2213 411 2271 litati.
443 2214 600 2270 Novit
641 2215 786 2271 enim
825 2215 1063 2271 bominis
1096 2216 1495 2284 iniit-mitatem,
1533 2218 1822 2277 etidcirco

245 2307 513 2364 concessit
539 2306 612 2362 illi
642 2306 948 2378 perfugium
975 2307 1328 2377 peanitentiae,
1367 2310 1607 2381 quandiu
1634 2320 1721 2369 est
1764 2312 1818 2368 iu

246 2413 495 2470 eorpore.
520 2415 692 2471 usque
715 2400 784 2457 ad
809 2412 1114 2457 extremum
1134 2402 1406 2474 spiritum.
1431 2402 1633 2459 Omnes
1659 2404 1824 2476 igitur

246 2493 600 2563 cogitationes
623 2503 743 2550 tuas
778 2494 832 2548 in
871 2493 982 2549 Deo
1017 2494 1138 2562 lige,
1177 2503 1236 2548 ut
1268 2503 1320 2550 te
1356 2495 1649 2551 custodiat.
1674 2493 1824 2553 Nibii

247 2586 301 2641 in
332 2586 435 2640 boc
464 2584 664 2641 mundo
701 2586 815 2657 spei
851 2601 1040 2657 ponas,
1072 2601 1141 2642 ne
1195 2595 1248 2642 te
1288 2586 1508 2657 perdat;
1550 2602 1638 2643 res
1678 2587 1824 2643 enim

1990 2126 2081 2183 lv.
2115 2127 2301 2184 'rimor
2328 2125 2422 2184 Dei
2461 2136 2648 2184 custos
2678 2134 2787 2183 est
2825 2126 3096 2196 anime,
3126 2135 3182 2186 et
3209 2126 3462 2184 Μὴ-

1921 2217 2111 2276 iensor
2160 2218 2422 2274 adversus
2471 2216 2742 2274 inimicos
2809 2215 2982 2288 ejus.
3035 2217 3150 2288 Qut
3195 2217 3278 2275 De·
3313 2218 3458 2291 glria

1922 2312 2139 2383 quaerit,
2168 2326 2199 2366 a
2228 2325 2288 2367 se
2311 2309 2463 2382 fugat
2487 2310 2971 2368 immunditiam.
3001 2310 3120 2380 Qut
3143 2307 3454 2382 pumu-

1924 2403 2104 2462 licitus
2141 2412 2261 2472 est,
2298 2401 2565 2460 abscindit
2599 2402 3016 2473 cupiditates.
3049 2403 3437 2465 &licit-bah.

1926 2506 1986 2552 ut
2017 2496 2278 2566 scriptum
2310 2501 2414 2561 est,
2451 2492 2632 2549 veniet
2661 2493 2748 2549 ad
2793 2496 3123 2554 bominem
3155 2499 3422 2570 ”fian-5⁵

1927 2586 2021 2657 qui
2048 2600 2109 2642 se
2141 2586 2315 2656 ipsum
2344 2592 2641 2651 extenuat.
2681 2587 2872 2645 novit
2902 2590 3219 2648 sanitate·-
3239 2582 3414 2655 ibini!

250 2679 350 2732 bas
372 2691 561 2732 omnes
592 2685 835 2733 terrenas
859 2678 1226 2749 derelinques,
1251 2688 1306 2734 et
1328 2678 1640 2749 emigrabis.
1664 2679 1828 2748 Quid-
1927 2678 2010 2735 sui
2037 2677 2169 2733 vicit
2191 2678 2549 2743 adversarios,
2580 2689 2958 2750 coronatur.
2996 2682 3150 2740 Sunt
3167 2681 3430 2746 sitiam*

252 2768 381 2839 qnid
413 2777 590 2824 autem
622 2769 858 2840 gesseris
885 2781 1102 2841 propter
1131 2770 1322 2837 Deum,
1350 2770 1405 2825 id
1438 2779 1491 2826 te
1532 2772 1829 2831 necessita·
1928 2767 2180 2824 'Mnies-
2205 2765 2358 2835 Quod
2390 2768 2435 2822 si
2464 2781 2565 2824 nos
2594 2768 2853 2826 desidia
2884 2771 3182 2839 dedimus.
3203 2764 3437 2842 depth&-

253 2866 326 2924 tis
356 2876 595 2935 tempore
618 2861 980 2919 comitabitur.
1006 2862 1137 2930 Quae
1167 2862 1352 2917 mundi
1383 2871 1531 2927 sunt.
1560 2862 1684 2918 odio
1705 2878 1828 2933 pro·
1931 2876 2052 2917 ntur
2093 2859 2417 2931 proditores.
2452 2856 2632 2914 Labor
2665 2862 3028 2920 secundum
3089 2863 3230 2920 Oen
3263 2859 3319 2916 ad
3339 2858 3445 2912 viru-

254 2974 506 3030 sequere,
535 2970 592 3013 ut
622 2957 789 3013 Deum
831 2972 927 3011 cor
954 2966 1105 3011 tuum
1136 2953 1338 3010 videat.
1368 2954 1612 3012 Orationi
1654 2956 1830 3012 conti·
1935 2963 2042 3011 tem
2077 2951 2281 3008 auxilio
2313 2960 2418 3016 est,
2447 2949 2661 3005 desidia
2691 2952 3004 3012 vitiorum
3031 2967 3122 3014 est
3143 2950 3446 3012 matermor-

252 3066 444 3113 nenter
482 3050 750 3115 incumbe,
783 3059 841 3102 ut
886 3048 1101 3102 animus
1138 3053 1263 3102 tntts
1303 3043 1627 3102 illustretur.
1672 3044 1825 3102 Desi·
1852 3071 1905 3139 c
1932 3047 2024 3119 qni
2079 3045 2305 3102 virtutes
2350 3052 2643 3115 capessunt
2699 3054 2824 3113 est,
2888 3058 2965 3105 ut
3013 3050 3066 3107 si
3095 3046 3355 3107 eccideriat.
3383 3055 3446 3096 ata

255 3145 399 3200 diam
448 3144 594 3206 luge,
656 3153 721 3192 ne
775 3136 962 3192 dolore
1012 3133 1267 3192 alliciaris
1313 3136 1367 3192 in
1431 3136 1828 3193 resurrectione
1932 3140 2241 3209 desperent,
2266 3138 2361 3194 sed
2381 3146 2706 3209 exsurgant.
2740 3139 3054 3199 Hoderati
3082 3135 3446 3211 commui-¹⁰

247 3241 541 3311 justorum.
576 3231 842 3302 Linguam
875 3236 1020 3283 tuam
1060 3228 1290 3295 custodi,
1336 3238 1392 3286 et
1433 3228 1531 3286 Dei
1579 3230 1827 3286 timorem
1931 3231 1988 3287 in
2018 3220 2325 3287 excolendis
2364 3227 2660 3284 virtutibus
2713 3243 3007 3300 prosunt.
3041 3231 3123 3289 Ex
3153 3230 3313 3288 inertia
3337 3225 3448 3297 iffi*

251 3329 595 3400 amplectere.
618 3325 673 3380 itt
695 3336 959 3394 pauperes
990 3321 1255 3395 benignus
1277 3330 1416 3389 esto,
1451 3337 1519 3380 ne
1541 3322 1594 3380 in
1614 3333 1831 3380 sancto-
1930 3319 2045 3374 lant
2070 3318 2216 3375 vitia.
2268 3317 2516 3374 Scienter
2548 3320 2956 3388 pugnantium
2992 3337 3184 3378 murus
3210 3328 3309 3383 est.
3333 3313 3445 3388 pmi-

254 3437 373 3477 rum
405 3425 697 3488 conspectu
738 3413 1110 3470 confundaris.
1151 3412 1408 3468 Ciborum
1450 3427 1519 3468 ue
1551 3412 1830 3484 induigeas
1931 3428 2079 3467 mum
2106 3426 2212 3467 non
2236 3409 2494 3480 judicare.
2530 3405 2759 3465 iturum
2795 3411 2977 3470 hune
3011 3414 3201 3480 diruit,
3223 3408 3441 3483 quim*

250 3513 551 3587 cupiditati,
588 3526 656 3566 ne
696 3519 881 3565 arceat
924 3517 976 3563 te
1009 3506 1250 3561 Amalec.
1297 3507 1341 3559 Α
1396 3506 1830 3563 murmurationi·
1931 3514 2016 3561 rat
2068 3504 2394 3575 proximum.
2447 3499 2672 3572 Linguae
2713 3504 3066 3564 moderatio
3107 3499 3426 3578 pudente-'e

250 3609 353 3664 bus
385 3617 648 3673 tempera,
675 3619 742 3655 ne
772 3612 824 3656 te
849 3607 1129 3668 serpentes
1158 3599 1438 3653 devorent.
1483 3596 1601 3653 Noli
1643 3598 1826 3654 vinum
1929 3596 2077 3652 dicat
2096 3596 2389 3651 bominem.
2416 3593 2515 3662 Qui
2541 3593 2750 3665 linguae
2783 3595 2965 3655 laxat
2993 3599 3250 3664 habenas.
3271 3585 3421 3665 send

253 3701 476 3770 diligere
499 3697 564 3751 ad
591 3696 936 3758 ebrietatem,
972 3706 1039 3747 ne
1080 3691 1173 3746 Dei
1207 3689 1393 3744 laetitia
1417 3689 1666 3760 priveris.
1702 3687 1828 3747 Pios

254 3794 498 3849 homines
524 3790 687 3859 dilige
723 3796 887 3856 atque
923 3787 1173 3850 observa,
1204 3791 1263 3838 ut
1302 3798 1400 3855 per
1437 3784 1582 3853 ipsos
1618 3783 1823 3839 miseri·

250 3888 490 3943 cordiam
515 3899 866 3954 consequare.
896 3882 1129 3938 Sanctos
1154 3881 1403 3938 homines
1425 3881 1565 3949 cole,
1592 3890 1650 3937 ut
1677 3882 1826 3939 zelus

250 3992 438 4034 eornm
471 3974 720 4030 comedat
754 3982 827 4030 te.

320 4065 408 4120 ΙΙΙ.
448 4064 619 4136 Regni
660 4063 920 4120 coelorum
950 4060 1262 4126 recordare,
1310 4066 1372 4114 ut
1404 4058 1522 4130 ejus
1563 4060 1824 4117 memoria

252 4169 305 4216 te
344 4159 599 4231 paulatim
650 4156 874 4212 alliciat.
915 4154 1232 4211 Cebennam
1265 4153 1570 4219 considera,
1613 4163 1672 4208 ut
1705 4153 1823 4221 ejus
3388 4214 3399 4225 ⁸

248 4269 413 4325 opera
450 4253 541 4306 tibi
590 4251 700 4306 sint
744 4250 939 4304 invisa.
976 4245 1229 4315 Quotidie
1262 4259 1420 4301 mane
1461 4260 1583 4300 cum
1623 4247 1821 4318 surgis,
1924 4252 2044 4293 mtts
2092 4233 2358 4299 concidit,
2395 4247 2516 4289 cum
2558 4234 2990 4301 occupationes
3041 4225 3414 4313 diligitzaflff

250 4345 448 4415 cogita,
484 4342 594 4396 Deo
626 4348 680 4394 te
715 4353 894 4393 rerum
929 4335 1171 4392 omnium
1200 4348 1337 4404 quas
1369 4333 1622 4405 gesseris,
1660 4338 1825 4388 ratio-
1928 4339 2128 4392 autem,
2150 4329 2275 4381 dum
2298 4323 2627 4379 moderatam
2648 4322 2928 4392 quietem
2960 4313 3416 4398 ampla-‚dmm

250 4449 374 4487 nem
406 4431 764 4495 redditurum,
809 4437 863 4482 et
907 4442 1012 4482 non
1046 4424 1298 4495 peccabis
1342 4424 1602 4481 adversus
1646 4424 1819 4491 illum,
1851 4410 1897 4465 D
1924 4421 2149 4478 satietas
2187 4417 2242 4472 in
2279 4427 2505 4486 corpore
2529 4411 2749 4469 excitat
2787 4418 3168 4490 cupiditates.
3191 4408 3415 4482 i‘tflffiflfl·

248 4525 343 4580 sed
370 4523 488 4594 ejus
529 4522 689 4576 timor
719 4521 771 4575 in
806 4529 859 4575 te
891 4518 1153 4574 manebit.
1177 4515 1312 4572 Para
1339 4527 1411 4583 te,
1441 4524 1499 4571 ut
1527 4516 1578 4573 ei
1606 4517 1821 4574 oliviam
1918 4515 2106 4570 derata
2134 4510 2283 4566 salus
2308 4518 2391 4565 est
2415 4505 2613 4564 cordis.
2653 4504 2936 4569 Somnus
2961 4497 3397 4599 tmmfflbffffl‘

248 4617 533 4688 procedaS,
571 4623 625 4670 et
648 4615 766 4685 ejus
795 4611 1061 4668 voluntati
1082 4609 1502 4680 obtemperabis.
1534 4609 1732 4665 Eorum
1764 4609 1819 4665 in
1918 4611 2182 4674 animum,
2222 4604 2532 4661 moderatus
2559 4609 2754 4654 autem
2801 4602 2984 4661 ilium
3015 4592 3250 4662 auito-³
3267 4580 3399 4654 '3¹3⁸

245 4709 442 4779 quibus
483 4708 572 4762 bic
603 4705 809 4769 delicis,
842 4701 1084 4774 quotidie
1122 4702 1387 4758 rationem
1431 4701 1738 4766 subducito,
1770 4712 1823 4756 et
1920 4711 2130 4770 tempus
2186 4697 2240 4752 in
2295 4693 2454 4766 nugis
2506 4691 2798 4747 consumit
2825 4732 2846 4761 ‚
2891 4688 3193 4756 tolerffl
3225 4674 3331 4736 Μ
3369 4683 3420 4723 Ψ

243 4803 300 4858 in
339 4803 454 4871 ipso
495 4800 689 4856 mortis
732 4797 960 4854 articulo
1008 4778 1113 4852 non
1149 4793 1424 4867 affligeris.
1458 4793 1691 4852 Videant
1720 4794 1826 4850 l’ra-
1929 4804 2121 4847 somno
2150 4787 2461 4845 collocaret.
2494 4778 2783 4838 Vitiorum
2816 4764 3446 4875 omninnfflssffffl’

243 4904 356 4949 tres
387 4892 461 4948 tui
495 4905 660 4960 opera
707 4899 799 4945 tua
845 4890 1008 4955 bona,
1039 4892 1095 4941 et
1136 4886 1284 4941 selus
1320 4896 1539 4942 sanctus
1576 4888 1827 4943 comedat
1924 4884 2027 4940 lor.
2079 4878 2319 4938 Proximi
2357 4873 2756 4933 conscientiam
2821 4891 2950 4934 non
3005 4874 3196 4950 pnngit
3223 4859 3456 4967 ὶιιξῖὶω·

240 5002 358 5044 eos.
390 4984 626 5055 Explora
660 4981 923 5054 qnotidie,
961 4979 1171 5050 ecquod
1206 4981 1261 5035 in
1291 4989 1344 5035 te
1371 4979 1562 5036 vitium
1592 4997 1822 5051 supera·
1924 4976 2168 5032 Humana
2193 4971 2359 5045 gloria
2393 4963 2651 5039 paulatim
2682 4969 3049 5037 superbiam
3107 4965 3258 5041 parit.
3302 4956 3461 5012 bistes-

242 5073 340 5137 ris‚
370 5085 469 5128 nec
514 5070 609 5125 tibi
646 5078 931 5140 propterea
971 5065 1223 5138 placeas3
1272 5080 1397 5123 nam
1446 5069 1824 5126 misericordia
1924 5069 2001 5124 tio
2049 5063 2273 5138 impedit
2300 5057 2680 5133 coguitionem.
2721 5056 2986 5121 Ventris
3018 5054 3334 5121 continentia
3372 5053 3458 5099 *Μ

239 5172 295 5217 et
335 5162 503 5218 virtus
542 5168 672 5216 sunt
703 5158 820 5214 Dei.
857 5158 930 5214 De
964 5158 1068 5215 ilde
1100 5167 1153 5214 et
1181 5158 1451 5229 probitate
1490 5166 1581 5215 tua
1623 5175 1692 5216 ne
1720 5174 1818 5216 ex·
1920 5162 2123 5217 domat.
2159 5156 2450 5229 Epularum
2486 5149 2728 5208 studium
2768 5154 3106 5213 immensas
3147 5149 3329 5211 excitat
3360 5150 3463 5205 ew·

241 5253 470 5318 tollat-is,
505 5254 599 5311 sed
630 5253 696 5308 ad
727 5250 973 5307 ultimum
1005 5266 1177 5323 usque
1201 5255 1329 5309 vitae
1360 5253 1609 5323 spiritum
1639 5264 1721 5312 sta
1757 5256 1816 5312 in
1913 5254 2127 5310 ditates.
2168 5248 2423 5321 Corporis
2459 5252 2688 5302 ornatas
2733 5253 2832 5302 est
2872 5248 3100 5304 anima
3133 5241 3379 5304 interitus.
3406 5229 3463 5285 ὓ·

238 5344 455 5400 timore.
487 5343 566 5400 Ne
595 5342 689 5399 tibi
722 5343 839 5412 ipse
867 5344 1021 5408 iidas,
1050 5344 1288 5416 quandiu
1317 5345 1476 5411 vivis,
1505 5345 1682 5403 donec
1718 5361 1814 5402 su·
1913 5348 2019 5408 vini
2047 5343 2238 5420 judicii
2266 5338 2539 5399 meditatio
2568 5336 2830 5396 animum
2860 5343 3138 5400 continet
3169 5340 3221 5396 iu
3253 5330 3416 5430 offitio:

236 5448 395 5506 peres
421 5450 611 5493 omnes
653 5436 992 5493 tenebrarum
1024 5449 1339 5510 potestates,
1383 5436 1579 5510 Vigila,
1614 5437 1812 5507 frater,
1985 5440 2049 5499 V.
2083 5439 2186 5509 Qui
2211 5432 2593 5494 conscientiam
2625 5432 2963 5502 conculcat,
2997 5437 3233 5493 virtutes
3258 5427 3464 5485 extabit

235 5528 494 5586 adversus
546 5527 794 5599 spiritum
863 5531 1068 5590 hoinini
1126 5533 1401 5591 tristitiam
1469 5536 1807 5592 afferentem.
1911 5535 2071 5593 corde
2096 5548 2214 5592 suo.
2245 5526 2347 5595 Qt'ti
2377 5529 2543 5585 imum
2585 5526 2773 5600 timet,
2803 5522 3069 5606 diligens
3097 5536 3223 5596 est3
3255 5515 3467 5597 qniillsfl

1928 3705 1959 3744 a
1990 3689 2187 3745 virtute
2213 3688 2405 3744 abesse
2428 3684 2726 3758 significat.
2754 3686 3162 3764 Eleemosyna
3186 3688 3392 3746 fiduci-r

1929 3782 2034 3848 rit3
2077 3781 2168 3852 qui
2202 3778 2458 3835 abhorret
2504 3778 2570 3833 ab
2613 3777 3007 3855 eleemosyna
3029 3823 3051 3852 ‚
3082 3776 3371 3859 virtutisdff'

1926 3886 2069 3942 pers.
2111 3869 2331 3925 Bonitas
2379 3879 2551 3923 mater
2575 3874 2666 3922 est
2694 3868 3027 3927 castitatis.
3063 3861 3380 3927 Animi&

1924 3959 2091 4033 gignit
2119 3958 2457 4029 cupiditates.
2488 3954 2685 4010 cordis
2714 3959 3029 4029 asperitas
3057 3953 3397 4016 iracunda-t*

1926 4053 2044 4107 mit.
2075 4049 2253 4106 Animi
2293 4046 2613 4105 exercitatio
2663 4055 2951 4108 terrenas
2981 4047 3408 4132 detestat-retu?

1926 4146 2120 4200 tiones.
2153 4142 2398 4212 Corporis
2429 4139 2744 4196 exercitatio
2780 4158 3004 4208 parum
3039 4144 3189 4200 ⁸:313,
3208 4130 3324 4198 ⁶1⁸¹-
3339 4132 3411 4182 ΙΙ·

294 5686 344 5720 ”’
379 5687 541 5749 Rutu.
578 5707 676 5760 xit,
716 5690 796 5750 t7.
873 5692 919 5727 ⁸⁶
947 5691 1082 5753 ibid.
1119 5691 1206 5751 18.
1276 5693 1319 5725 ⁸⁷
1358 5691 1390 5748 i
1419 5693 1570 5750 Tim.
1603 5707 1689 5757 w.
1718 5694 1780 5750 ὃ.
