3725 6125
1061 306 1120 363 8.
1159 305 1449 363 ΑΝἸῸΝΙΙ
1489 307 1559 362 Μ.
1602 308 1895 365 snmus
1932 310 2315 370 EPlSTOLAE.

3178 308 3281 366 9³2

201 420 668 476 reundum-Deum
703 420 1088 483 ambulabant?
1126 423 1228 480 bos
1256 426 1452 480 iterum
1490 438 1616 479 sen·
1646 428 1687 483 Α
1714 428 1959 482 eamdem
1990 426 2200 498 plagam
2236 429 2505 499 aspiciens
2531 427 2979 484 irremediabilem
3011 424 3278 491 effectam.

201 512 245 565 ni
269 510 375 565 sub
398 510 628 582 spiritus
654 509 821 567 luerit
844 512 1145 581 voluntate,
1178 515 1244 568 ad
1279 513 1608 584 pergendum

1714 530 1766 574 et
1795 521 1917 588 qnia
1954 522 2296 591 magnificata
2324 534 2468 579 esset
2496 524 2860 586 vehementer,
2895 536 2991 592 per
3021 536 3171 576 suam
3197 519 3279 575 ln·

200 614 346 660 trare
388 604 648 673 operibus
692 603 912 674 optimis
954 606 1120 677 cogit,
1164 615 1223 660 nt
1266 607 1616 670 immutatum
1713 610 2062 679 dulgentiam,
2120 613 2480 668 visitationem
2539 630 2725 670 eorum
2789 610 2994 669 faciens
3059 619 3281 682 propter

200 708 233 749 s
259 692 357 748 liat
376 694 477 749 sub
499 694 726 762 spiritus
747 703 1038 764 potestate.
1067 697 1172 753 Sed
1216 700 1428 754 aestimo
1465 701 1608 768 quod

201 784 463 841 habitatio
489 784 605 855 iam
649 788 922 857 acceperit
964 790 1128 843 etiam
1177 790 1227 844 in
1269 791 1370 845 hoc
1401 801 1606 860 partem

206 879 329 933 dam
361 876 660 948 spiritualis
688 882 966 950 corporis,
985 896 1148 951 quam
1180 893 1465 951 acceptura
1492 895 1610 938 erat

199 971 522 1025 surrectione
544 970 839 1037 iustorum.

202 1100 217 1114 .
250 1060 378 1117 Hzec
428 1076 558 1116 vero
603 1063 712 1116 dixi
751 1073 974 1132 propter
1014 1064 1209 1120 animae
1263 1065 1609 1131 aegritudines

199 1163 456 1223 usurpant
488 1154 899 1224 permistionem
931 1156 1071 1211 inter
1117 1157 1384 1211 naturalia
1417 1171 1610 1228 eorpo-

199 1240 419 1295 tminde
447 1243 631 1296 anima
668 1249 915 1298 moretur
943 1245 996 1298 in
1026 1243 1152 1312 illis,
1185 1246 1444 1301 sectatrix
1476 1245 1605 1302 elie·

198 1329 522 1399 talignorum
564 1333 876 1405 spirituum,
912 1345 970 1391 ut
1014 1345 1310 1406 operentur
1339 1337 1394 1392 in
1439 1352 1610 1392 mem·

198 1424 305 1479 Sed
336 1426 497 1478 etiam
533 1426 777 1496 praedixi,
806 1428 949 1498 quod
976 1426 1172 1491 habeat
1203 1430 1419 1499 proprie
1442 1431 1606 1487 etiam

197 1515 576 1572 discretionem
627 1518 843 1575 horum.
885 1518 1020 1575 Nam
1075 1522 1351 1591 snperbia,
1382 1522 1610 1594 languor

197 1608 382 1662 usdem
413 1608 663 1677 corporis
693 1625 708 1663 t
732 1608 996 1676 iactantia
1042 1625 1195 1676 vero,
1231 1611 1495 1682 aegritudo
1522 1621 1607 1669 est

197 1713 269 1753 ‚ra
320 1713 517 1767 corpus
547 1714 561 1751 ι
590 1699 717 1754 item
768 1699 993 1766 inflatio,
1023 1701 1232 1766 odium,
1272 1700 1494 1767 invidia,
1525 1702 1605 1756 ira

225 1789 670 1860 pusillanimitas,
720 1791 1057 1862 impatientia
1103 1806 1322 1863 quoque
1370 1807 1434 1848 ac
1481 1792 1607 1848 reli-

196 1886 418 1941 nlnutiae
450 1887 664 1942 horum.
689 1887 842 1955 Quod
864 1888 912 1944 si
940 1904 1067 1944 vero
1089 1888 1384 1946 crediderit
1412 1904 1472 1944 se
1499 1889 1607 1945 Deo

195 1986 242 2033 to
269 1978 460 2046 corde3
494 1987 625 2035 tunc
658 1980 922 2051 benignus
964 1981 1102 2036 Deus
1158 1981 1347 2035 tribuit
1370 1980 1420 2035 ei
1449 1981 1608 2051 spiri-

195 2069 525 2134 tonitentiae,
551 2079 607 2125 et
641 2071 960 2126 testilicatur
984 2071 1058 2125 illi
1092 2079 1150 2124 ιιι
1185 2071 1254 2126 de
1283 2084 1606 2140 unoquoque

196 2172 292 2219 ore
331 2160 612 2230 peniteat.
657 2159 884 2233 Propter
921 2177 1042 2232 quae
1090 2148 1606 2233 adversarii⁸prohi-

220 2266 347 2309 cam
378 2261 650 2310 tentantes
691 2269 956 2324 usurpare
986 2256 1110 2320 sihi,
1148 2270 1248 2311 nec
1271 2255 1459 2311 sinunt
1488 2271 1604 2326 ρω-

194 2357 234 2399 r.
285 2345 385 2412 Qui
430 2346 477 2402 si
503 2346 853 2425 sustinuerit,
885 2347 1173 2414 obediens,
1201 2348 1511 2403 hortantem
1543 2365 1605 2406 se

199 2451 287 2491 um
336 2435 407 2491 ad
460 2437 862 2507 poenitendum;
904 2438 1134 2494 Creator
1183 2455 1397 2510 quoqne
1442 2441 1603 2510 illius,

193 2528 406 2585 ationis
453 2528 754 2586 visceribus
793 2540 977 2585 motus
1031 2546 1193 2602 snpra
1247 2532 1460 2588 labores
1488 2532 1605 2604 ejus

196 2634 226 2675 s
282 2621 338 2677 in
413 2601 746 2694 egestatibus
789 2622 1096 2692 corporeis,
1145 2624 1200 2677 id
1254 2631 1341 2677 est
1383 2622 1606 2694 jejuniis

193 2711 297 2779 nis,
347 2712 401 2767 in
454 2712 676 2785 vigiliis,
728 2714 781 2769 in
839 2713 1283 2769 meditationibus
1313 2714 1523 2779 multis,
1550 2716 1602 2770 in

192 2828 198 2849 ·
225 2804 345 2868 Dei,
372 2819 439 2859 ac
471 2802 725 2873 precibus
754 2803 942 2876 largis,
969 2805 1055 2861 vel
1089 2805 1143 2860 in
1171 2804 1606 2863 abdicationibus

191 2893 349 2959 lanis,
379 2894 435 2948 in
464 2893 785 2962 humilitate,
827 2896 879 2950 lu
915 2904 1232 2967 paupertate
1265 2896 1603 2967 spiritus;'in

192 2999 241 3039 ts
293 2987 504 3041 euuctis
557 2987 905 3044 sustinentem
961 2987 1102 3042 Deus
1145 2987 1411 3057 benignus
1463 2990 1605 3059 aspi-

1710 703 1982 772 propriam
2026 705 2339 769 bonitatem,
2393 716 2513 774 post
2542 705 2874 775 aliquantum
2919 705 3174 775 temporis
3202 701 3281 759 le—

1710 811 1829 864 gem
1871 795 2052 866 posuit
2093 797 2194 861 eis,
2249 798 2392 853 unde
2430 808 2486 852 et
2522 806 2774 867 operatus
2815 806 2896 852 est
2945 812 3040 867 per
3076 795 3277 851 Mosem

1711 890 1998 957 praebendo
2050 890 2242 961 legem.
2299 891 2363 946 Et
2410 889 2585 946 Moses
2631 890 2846 961 quidem
2894 888 3144 943 fundavit
3198 886 3280 941 eis

1712 981 1960 1036 veritatis
1995 983 2233 1049 domuin,
2290 972 2481 1039 curare
2515 984 2699 1039 volens
2750 982 2996 1038 eamdem
3041 978 3316 1058 validam⁸

1710 1074 1952 1145 plagam;
1996 1076 2089 1131 sed
2139 1078 2396 1145 perlicere
2452 1075 2692 1147 nequit-it
2722 1074 3010 1131 aedilieium
3064 1071 3273 1126 domus.

1710 1165 1939 1237 insuper
1961 1177 2139 1222 autem
2171 1178 2222 1222 et
2249 1169 2427 1223 omnis
2454 1179 2765 1224 sanctorum
2798 1168 2997 1222 chorus
3020 1163 3277 1219 collectus

1712 1256 1763 1311 in
1795 1273 1981 1325 unum,
2029 1260 2182 1329 petiit
2228 1259 2406 1315 Patris
2460 1261 2755 1315 bonitatem
2791 1260 2857 1314 dc
2907 1256 3130 1314 salutari
3164 1254 3274 1325 (ts)

1712 1358 1917 1417 nostro,
1953 1360 2011 1404 ιιι
2047 1350 2279 1407 calcaret
2310 1352 2365 1407 iu
2398 1352 2557 1407 terris
2598 1367 2697 1421 pro
2728 1362 2909 1406 nostra
2959 1359 3275 1403 cunctorum

1709 1440 1904 1505 salute,
1954 1442 2073 1513 ipso
2110 1452 2296 1515 utpote
2338 1451 2587 1501 exstante
2619 1452 2803 1499 nostro
2837 1455 3033 1512 magno
3054 1449 3109 1494 et
3136 1436 3277 1492 lideli

1711 1530 1964 1599 pontifice
1998 1546 2063 1586 ac
2107 1534 2313 1589 medico
2365 1548 2513 1594 vero,
2550 1534 2639 1603 qni
2684 1533 2829 1588 solus
2866 1545 3064 1586 sanare
3097 1535 3278 1598 posset

1711 1621 1850 1677 hanc
1884 1638 2160 1678 enormem
2208 1626 2438 1697 plagam.
2489 1626 2640 1683 unde
2683 1637 2736 1680 et
2788 1624 3065 1679 voluntale
3103 1619 3279 1675 Patris

1713 1715 2001 1769 exinanivit
2057 1718 2390 1784 semetipsum
2445 1718 2657 1788 propria
2698 1717 2889 1786 gloria,
2918 1717 3161 1783 uenisque»
3181 1729 3276 1768 ex-

1710 1808 1927 1873 sistens,
1963 1807 2186 1876 [ormam
2217 1810 2352 1864 servi
2392 1809 2946 1879 assnnqnit⁸‚tradens
2973 1822 3031 1864 se
3063 1795 3278 1878 p‘ropter

1715 1908 1901 1956 nostra
1929 1911 2169 1970 peccata.
2193 1902 2259 1957 Et
2284 1902 2475 1957 delicta
2497 1902 2712 1973 quidem
2744 1911 2931 1971 nostra
2963 1899 3275 1955 humiliave-

1710 1999 1837 2046 runt
1861 2006 2008 2060 eum,
2038 1993 2132 2047 sed
2166 1994 2328 2064 livore
2358 1994 2471 2062 ejus
2504 2010 2599 2048 nes
2629 2010 2804 2048 opines
2832 1994 3005 2047 sanati
3036 1989 3275 2045 summ‘.

1785 2079 1871 2137 ill.
1905 2082 2288 2149 Quamobrem,
2340 2084 2672 2139 dilectissimi
2727 2084 2872 2139 lilioli
2925 2085 2978 2138 in
3031 2081 3273 2141 Domino,

1708 2174 1849 2229 scire
1876 2190 1974 2230 vos
1996 2175 2117 2229 volo
2140 2179 2281 2245 quini
2306 2192 2402 2246 pro
2428 2186 2608 2232 nostra
2632 2178 2857 2232 stultitia
2884 2175 3043 2246 elegit
3065 2173 3275 2239 stulta⁸,

1709 2276 1760 2323 et
1785 2283 1882 2338 pro
1904 2277 2085 2323 nostra
2113 2268 2429 2324 infirmitate
2452 2270 2678 2323 l'ortnam
2707 2268 3035 2323 inllrmitatis
3062 2283 3274 2323 assum·

1708 2360 1926 2431 psit:ob
1959 2376 2117 2430 quam
2152 2373 2391 2417 nostram
2431 2361 2736 2431 pauperiem
2772 2359 2995 2414 effectus
3023 2368 3108 2415 est
3137 2373 3272 2428 pau·

1707 2466 1826 2522 per,
1857 2462 1914 2507 et
1946 2453 2015 2506 ob
2047 2464 2287 2507 nostram
2321 2463 2549 2513 mortem
2593 2451 2818 2523 liguram
2861 2450 3033 2505 induit
3061 2449 3273 2505 mortis.
3306 2515 3315 2523 ,

1709 2543 1849 2611 Ergo
1876 2545 2000 2612 qnia
2028 2544 2079 2597 in
2108 2543 2193 2599 liis
2212 2543 2461 2599 omnibus
2485 2543 2739 2599 sustinuit
2763 2551 2980 2612 propter
3002 2556 3122 2604 nos,
3149 2554 3275 2613 rere

1711 2634 1854 2697 dico,
1880 2633 2213 2689 dilectissimi
2236 2633 2291 2689 in
2315 2633 2561 2699 Domino,
2586 2634 2712 2705 quia
2734 2648 2838 2687 non
2868 2632 3123 2688 debemus
3145 2632 3276 2687 dare

1708 2741 1958 2780 somnum
2006 2726 2178 2782 oculis
2239 2726 2460 2789 nostris,
2520 2740 2695 2796 neque
2753 2723 3024 2795 palpebris
3075 2723 3280 2780 nostris

1707 2817 2149 2873 dormitationem
2180 2818 2223 2884 ⁸,
2284 2817 2621 2887 postulantes
2672 2831 2735 2870 ac
2776 2823 3133 2887 perurgentes
3184 2811 3279 2870 Dei

1710 2907 1889 2963 Patris
1939 2908 2369 2963 inaestimabilem
2422 2907 2742 2972 bonitatem,
2798 2921 3078 2977 usquequo
3121 2919 3280 2976 egre-

1706 2997 1886 3053 diatur
1909 2998 2209 3063 nobiscum,
2238 3006 2295 3054 et
2336 2998 2388 3053 in
2424 2996 2527 3053 hoc
2581 2996 2818 3069 requiem
2858 2997 3151 3052 habeamus
3175 2996 3275 3052 ad-

232 3088 286 3135 et
326 3068 702 3144 considerans,
729 3089 783 3136 et
830 3081 1152 3150 patientiam
1185 3079 1308 3149 ejus
1342 3081 1395 3135 in
1429 3090 1602 3136 tenta·
1628 3101 1675 3160 ρ
1711 3101 1899 3147 ventus
1927 3090 2055 3148 lesu
2104 3101 2265 3162 atque
2296 3092 2534 3157 virtutis.
2584 3100 2644 3146 ιιι
2690 3089 3275 3160 obsequamursanctis

191 3183 269 3226 itts
290 3170 672 3240 perdurantem
706 3170 995 3234 miserans,
1029 3170 1307 3242 adjuvabit
1331 3180 1475 3226 eunt.

591 3261 923 3318 EPISTOLA
959 3260 1024 3318 ll.
1227 3331 1238 3341 ·

554 3372 658 3426 ,an
697 3344 1061 3431 Αιιιιιιοιτμῖ
1130 3376 1135 3381 ·
1379 3410 1391 3419 .

189 3453 463 3509 latonius„
487 3449 749 3503 omnibns
794 3448 1161 3506 dileetissimis
1218 3452 1308 3521 qni
1358 3461 1489 3508 sunt
1550 3453 1603 3508 in

191 3545 306 3594 oite
355 3551 414 3594 et
449 3541 507 3592 in
541 3534 801 3608 parochia
830 3539 966 3607 elus,
990 3540 1072 3597 vel
1118 3544 1210 3612 qni
1237 3558 1359 3597 eum
1391 3543 1517 3613 illis,
1550 3544 1603 3599 in

195 3647 264 3682 no
304 3630 562 3686 salutem.

188 3719 418 3789 tiversos
456 3732 552 3773 vos
583 3729 796 3788 paratos
825 3722 974 3782 abire
1014 3726 1079 3780 ad
1114 3728 1301 3793 Deum,
1348 3730 1523 3787 saluto
1552 3731 1605 3788 in

188 3810 292 3876 ino,
322 3810 649 3879 charissimi,
680 3828 711 3869 a
746 3812 957 3874 minore
987 3825 1158 3889 usque
1187 3823 1254 3876 ad
1288 3823 1603 3888 maximum,

203 3904 458 3961 masculis
500 3920 668 3976 usque
707 3911 774 3966 ad
817 3908 1075 3973 lerninas.
1104 3913 1149 3970 0
1179 3913 1273 3971 filii
1320 3914 1602 3983 israelitae,

191 3997 335 4051 nium
399 4000 700 4056 sensualem
765 4012 1009 4059 vestram
1072 4007 1423 4061 exstantiam.
1467 4004 1607 4063 Vere

188 4103 265 4152 m,
301 4088 473 4157 lilioli,
505 4093 725 4161 grandis
769 4093 924 4150 vobis
954 4095 1012 4149 in
1044 4100 1394 4165 generatione
1425 4107 1604 4154 vestra

192 4181 346 4238 issio.
401 4181 636 4238 Decebat
686 4185 886 4255 quippe
941 4200 1040 4240 vos
1087 4197 1308 4256 propter
1349 4203 1470 4245 eum
1513 4189 1604 4258 qui

186 4273 400 4328 lienem
430 4273 597 4328 vestri
640 4271 791 4341 feeit,
840 4281 1183 4347 nequaquam
1240 4278 1451 4349 fatigari
1496 4293 1608 4335 cer·

185 4378 234 4429 s,
308 4364 483 4420 donec
554 4365 913 4436 vosmetipsos
962 4366 1229 4423 offerretis
1279 4369 1602 4426 sacrificium

185 4448 433 4510 in⁰omni
481 4455 869 4521 sanctimonia.
904 4456 1030 4510 sine
1069 4471 1175 4526 qua
1210 4471 1372 4511 nemo
1407 4457 1603 4524 poterit
1633 4441 1678 4497 D

185 4545 358 4600 ditare
402 4545 589 4601 Deum.
628 4544 762 4602 Nam
798 4562 898 4616 pro
925 4557 1096 4611 certo,
1131 4547 1460 4611 charissimi,
1497 4563 1604 4602 ma·

185 4645 307 4692 aest
340 4637 494 4693 vobis
545 4638 708 4705 istud,
754 4646 814 4691 ut
862 4637 1252 4707 percontemini
1304 4638 1370 4692 de
1414 4639 1593 4709 cogni·

207 4729 478 4782 sensualis
520 4729 824 4793 exstantiae,
856 4729 910 4782 in
941 4743 1044 4798 qua
1079 4745 1184 4783 non
1217 4738 1299 4783 est
1332 4730 1602 4785 masculus

184 4832 207 4872 e
251 4817 474 4878 letitina.
513 4822 608 4875 sed
659 4821 968 4875 substantia
1022 4829 1237 4874 tantum
1274 4821 1600 4876 immortalis

184 4909 267 4972 tit,
326 4909 530 4966 babens
586 4913 803 4982 quidem
857 4907 1202 4982 principium,
1259 4910 1418 4964 linem
1471 4925 1602 4966 vero

184 5012 376 5069 aquam
409 5002 795 5073 adebitumque
825 5003 982 5058 vobis
1010 5012 1130 5058 erat
1174 5016 1500 5072 cognoscere
1531 5000 1599 5059 de

184 5096 417 5151 uomodo
461 5099 683 5152 omnino
732 5094 995 5150 deciderit
1039 5095 1091 5149 in
1146 5104 1348 5148 tantam
1380 5093 1602 5150 bumili-

183 5201 201 5241 ι
243 5198 297 5243 et
350 5189 726 5245 contunsionem
776 5189 1054 5254 eximiam,
1087 5204 1206 5260 quae
1237 5189 1600 5258 pertransiens

183 5279 361 5334 auibus
397 5281 552 5337 vobis
587 5280 828 5336 advenit.

182 5369 363 5442 ‘igitur
399 5373 616 5443 qnando
664 5373 968 5427 substantia
1011 5371 1332 5427 immortalis
1385 5371 1602 5427 exsistit

181 5461 529 5517 ionsolrenda
569 5463 910 5531 corporibus.
946 5460 1088 5517 hanc
1115 5463 1186 5517 ob
1215 5475 1433 5517 causam
1462 5462 1602 5518 Deus

182 5577 379 5648 hilipp.
419 5594 479 5640 tt,
522 5577 577 5644 6,
608 5578 664 5632 7.
742 5579 764 5610 ⁸
788 5578 889 5633 lsa.
923 5594 1039 5644 ιιιι,
1069 5580 1126 5636 5.
1204 5575 1267 5630 ⁸1
1296 5577 1422 5635 Cor.
1460 5597 1500 5646 ι,
1523 5582 1612 5636 27.
1692 5583 1712 5614 ⁶
1744 5580 1886 5635 Psal.
1914 5595 2097 5643 cxxxi,
2131 5579 2183 5633 t.

1709 3183 1798 3252 qni
1842 3197 1939 3238 nos
1983 3183 2232 3239 excolere
2288 3184 2585 3247 festinant,
2650 3193 2891 3255 tempore
2940 3181 3274 3254 negligentiae

1708 3279 1908 3335 nostrae
1931 3260 2290 3329 liseriu't'em.
2316 3258 2620 3328 animorum
2659 3272 2850 3327 dantes
2881 3275 2956 3336 el,
2984 3273 3051 3328 ad
3079 3272 3275 3343 juvan-

1707 3363 1830 3418 dnm
1856 3376 1957 3418 nos
1980 3363 2032 3419 in
2063 3374 2305 3433 tempore
2328 3362 2686 3418 tribulationis
2710 3374 2910 3418 nostra}
2933 3381 2946 3417 ε
2973 3373 3100 3416 tunc
3129 3364 3272 3420 enim

1706 3452 1978 3508 seminans
2007 3455 2208 3523 pariter
2236 3469 2357 3509 eum
2391 3460 2622 3508 metente
2650 3453 2920 3525 gaudebit.

1777 3542 1867 3598 lv.
1901 3543 2069 3602 Nosse
2091 3547 2254 3599 etiam
2286 3561 2379 3600 vos
2404 3546 2579 3615 cupio,
2606 3543 2770 3608 lilioli,
2797 3559 2958 3613 quam
2984 3543 3272 3612 plurimum

1708 3636 1948 3690 dolorem
2000 3653 2178 3690 meum
2220 3652 2380 3707 quem
2437 3635 2609 3692 habeo
2654 3651 2753 3706 pro
2792 3634 2965 3700 vobis,
3004 3634 3274 3703 aspiciens

1707 3716 1963 3797 grandem
2015 3728 2158 3783 illam
2203 3728 2571 3784 confusionem
2615 3742 2733 3797 quae
2785 3741 2948 3796 super
2995 3727 3274 3783 universos

1708 3818 1946 3887 advenit,
1976 3831 2029 3876 et
2058 3822 2407 3876 considerans
2432 3820 2659 3877 multum
2696 3820 2845 3874 illum
2879 3819 3114 3873 laborem
3145 3836 3275 3875 sau-

1707 3927 1918 3972 ctorum
1945 3914 2185 3969 omnium
2226 3922 2391 3983 atque
2419 3913 2674 3981 gemitum
2706 3926 2865 3981 quem
2898 3911 3150 3965 emittunt
3176 3927 3273 3981 pro

1709 4006 1860 4062 vobis
1889 4019 2101 4074 semper
2144 4005 2211 4058 ad
2265 4003 2455 4067 Deum,
2489 4010 2771 4056 cernentes
2798 4000 3037 4055 laborem
3071 4001 3271 4071 proprii

1707 4095 2038 4159 ConditoriS,
2065 4108 2358 4163 omnesque
2397 4091 2630 4146 malitias
2670 4089 3141 4160 parvipendentes,
3175 4106 3274 4147 nec

1708 4203 1813 4242 non
1845 4195 1900 4241 el
1927 4183 2201 4255 decipulas
2226 4182 2421 4237 diaboli
2449 4191 2502 4237 et
2525 4182 2833 4252 angelorum
2865 4181 2982 4250 ejus
3010 4181 3270 4234 insidian-

1711 4277 1864 4337 tium,
1889 4274 2048 4346 juges
2101 4274 2167 4328 ad
2218 4274 2575 4345 perditionem
2607 4281 2864 4328 nostram.
2895 4269 3157 4338 Quoniam
3188 4282 3273 4325 et-

1707 4370 1850 4423 enim
1886 4366 2059 4435 portio
2086 4379 2274 4421 eorum
2307 4367 2359 4420 in
2391 4365 2654 4420 infernum
2688 4365 2849 4418 hahet
2870 4367 2971 4427 ire,
2994 4363 3196 4418 idcirco
3222 4372 3278 4419 et

1708 4442 2002 4514 illi'volunt
2033 4466 2277 4511 nostrum
2312 4470 2527 4525 quoque
2572 4452 2807 4508 studium
2846 4469 2947 4508 una
2982 4469 3164 4509 seeum
3192 4466 3275 4510 at-

1710 4549 1945 4603 trahere.
1988 4547 2125 4601 Vere
2174 4546 2360 4617 igitur,
2394 4545 2702 4601 charissimi
2751 4546 2803 4598 in
2844 4545 3087 4608 Domino,
3135 4547 3276 4603 sicut

1708 4635 2060 4708 prudentibus
2093 4635 2340 4706 loquor⁷,
2364 4644 2423 4689 ut
2447 4635 2787 4706 cognoscatis
2819 4646 3044 4690 cuiictas
3058 4635 3275 4704 Opilicis

1709 4729 1878 4784 nostri
1921 4727 2350 4797 dispensationes
2381 4743 2477 4796 pro
2511 4727 2663 4782 nobis
2692 4727 2883 4790 lactas,
2920 4743 3039 4798 quae
3060 4738 3115 4782 et
3146 4729 3274 4782 visi·

1708 4822 1961 4878 tationem
2017 4820 2188 4875 nostri
2235 4820 2441 4875 faciunt
2491 4835 2587 4889 per
2637 4818 2921 4872 manifesta
2961 4828 3014 4874 et
3062 4820 3271 4875 occulta

1707 4912 1996 4984 praeconia.
2028 4910 2137 4967 Nos
2182 4927 2367 4966 sumus
2419 4911 2770 4966 rationabiles
2820 4911 3139 4980 nuncupati;
3176 4912 3272 4967 sed

1707 5007 1942 5076 gerimus
2004 5004 2423 5059 irrationabilem
2478 5019 2733 5070 sensum,
2788 5001 2924 5068 (inm
2961 5003 3273 5070 ignoramus
3355 4998 3362 5003 ”

1706 5095 1946 5153 occultas
1996 5095 2321 5151 calliditates
2365 5105 2419 5150 et
2455 5104 2602 5149 artes
2642 5091 2839 5148 diaboli
2889 5092 3270 5162 multiformes,

1707 5205 1824 5258 quse
1852 5190 1982 5255 sint,
2015 5189 2308 5259 qualesque
2343 5198 2653 5242 noscantur.
2691 5185 2918 5253 Quando
2950 5189 3093 5243 enim
3120 5203 3270 5244 com-

1707 5281 1947 5354 pererint
1974 5279 2161 5336 conari
2185 5294 2281 5334 nos
2303 5278 2672 5341 confusionem
2704 5291 2945 5335 nostram
2973 5294 3269 5351 coguosce-

1708 5373 1790 5440 re2
1843 5382 1901 5428 et
1946 5371 2087 5442 quod
2122 5386 2427 5442 quaeramus
2461 5370 2678 5426 modum
2730 5371 2985 5428 efficacia
3033 5372 3269 5440 illorum,

1708 5473 1995 5535 operantes
2048 5465 2100 5518 in
2142 5463 2326 5525 nobis:
2370 5473 2425 5517 et
2451 5477 2556 5517 non
2587 5471 2792 5523 tantum
2821 5475 2878 5519 ut
2909 5480 3013 5520 non
3048 5464 3265 5520 obedia-

2266 5579 2284 5609 ⁷
2318 5577 2489 5633 lCor.
2536 5595 2591 5644 x,
2621 5580 2708 5636 15.

180 5691 210 5755 .)
255 5690 332 5744 De
362 5693 609 5748 salutari.
643 5693 725 5748 cl.
753 5693 1016 5749 Toutteus
1049 5695 1263 5749 dissert.
1320 5693 1384 5748 ΙΙΙ
1410 5693 1598 5766 Cyrill.
1641 5708 1787 5752 num.
1821 5697 1913 5764 23,
1948 5711 2066 5766 pag.
2111 5709 2251 5762 cml,
2282 5692 2565 5766 legendum
2600 5703 2785 5752 mouet
2815 5695 2881 5749 de
2908 5690 3202 5750 Salvator-r.

206 5763 464 5832 equidem
498 5763 724 5819 minime
752 5765 1118 5821 necessarium
1149 5762 1528 5822 existimarim.
