3725 6125
851 383 911 440 S.
952 383 1154 440 tsAtAE
1193 383 1484 440 ABBATls
1520 380 1937 441 ORATtONEs.

217 501 382 557 corde
408 500 610 571 vigent.
643 501 742 567 Qui
794 516 851 556 se
897 518 1089 557 curare
1148 512 1324 575 negat,
1358 508 1404 564 Α
1433 512 1534 557 tem
1559 513 1606 557 et
1627 501 1927 571 infidelibus
1948 500 2079 555 niltil
2099 511 2172 554 est
2192 502 2465 566 uitandum,
2488 505 2577 557 sed
2597 504 2883 575 inquinata·
2897 493 3017 560 finnt

1437 609 1619 648 eorum
1664 602 1715 648 et
1754 609 1899 647 mens
1924 602 1972 647 et
1992 592 2387 647 rottrciemiffl‘u
2420 592 2477 648 Si
2499 594 2643 649 enim
2668 610 2767 664 ego
2796 606 3020 652 sanctus

1438 698 1593 748 stnn,
1632 682 1724 751 qni
1776 693 1901 737 sunt
1939 682 2030 739 isti
2079 682 2168 752 qui
2219 693 2514 753 operantur
2548 683 2601 738 itt
2633 685 2757 739 me?
2790 685 2923 741 Cum
2951 702 3019 742 ex

1440 773 1532 830 illo
1571 774 1922 845 qua-sissem,
1980 774 2106 842 quid
2145 781 2290 828 esset
2334 773 2496 828 timor
2533 771 2651 840 Dei,
2692 776 2972 845 respondit
3001 796 3018 831 ε

1437 866 1627 922 Timor
1658 864 1754 920 Dei
1803 880 1909 919 nott
1944 873 2029 921 est
2066 865 2119 919 in
2148 865 2239 920 illo
2272 865 2366 936 qui
2415 875 2568 935 paret
2605 866 2844 922 inimicis
2879 865 3017 932 eins.

203 604 291 647 tur
313 602 409 647 aut
444 592 650 657 audiat,
680 608 827 647 caeco
854 592 1049 648 similis
1092 599 1209 659 cst,'
1242 595 1336 663 qni

192 702 252 738 tm
284 683 425 740 soris
454 684 632 738 lumen
666 701 768 739 non
797 686 961 740 videt.
985 687 1087 754 Qui
1120 688 1338 742 assidue

191 793 208 831 t
239 791 362 840 sua,
391 776 638 843 linguam
672 792 780 831 non
830 777 1031 846 babet,
1071 792 1177 847 qna
1227 778 1337 833 ullo

192 870 260 925 ba
290 867 478 925 faciat.

191 962 311 1016 andi
360 970 520 1025 stntt,
575 970 632 1016 et
677 960 849 1031 ipsam
883 962 1045 1017 etiam
1092 962 1338 1031 corporis

207 1066 572 1125 persequere,
621 1053 877 1122 quoniam
919 1062 1150 1107 avocant
1189 1062 1240 1107 te
1269 1053 1336 1108 ab

195 1143 465 1213 Sictttqui
497 1141 660 1197 ltabct
706 1141 1008 1206 inimicum,
1064 1156 1184 1196 cunt
1245 1141 1336 1198 illo

191 1252 235 1292 ts
288 1250 404 1291 cum
434 1249 666 1304 corpore
709 1245 898 1289 nostro
929 1234 1188 1288 debemus
1234 1251 1337 1305 pu-

192 1328 253 1382 ,tli
278 1328 444 1383 otium
471 1336 563 1380 aut
601 1326 837 1395 quietem
882 1328 1202 1382 concedere.
1233 1325 1334 1392 Qui

192 1418 548 1489 cogitationes
600 1432 729 1471 snas
783 1416 944 1471 debet
986 1417 1336 1488 expendere,

191 1525 299 1563 mre
326 1509 469 1573 sint,
516 1524 706 1564 necne.
746 1507 998 1574 Quandiu
1029 1509 1175 1563 enim
1221 1523 1337 1564 cor-

191 1600 436 1663 ttinetur,
464 1617 569 1653 nott
601 1610 683 1654 est
720 1615 849 1669 pura
888 1598 977 1652 Dei
1010 1614 1222 1667 sponsa.
1251 1598 1339 1653 ln-

207 1707 291 1747 me
348 1693 476 1763 quid
534 1692 637 1746 sibi
713 1692 873 1747 vellet
929 1708 993 1746 ca
1053 1693 1292 1763 precatio
1317 1732 1334 1757 ,

193 1800 344 1839 einen
374 1794 522 1838 tuum
547 1784 626 1839 ⁸²:
666 1784 969 1839 Perfectum
1000 1792 1103 1845 cst,
1140 1784 1334 1853 inquit,

191 1967 466 2023 iditatibus
498 1968 961 2037 obtemperamus.
1017 1966 1247 2023 Dicebat
1270 1982 1336 2023 cx

197 2077 246 2114 m
270 2062 574 2115 sententia:
614 2060 909 2116 necessum
947 2075 1069 2116 esse
1095 2061 1338 2132 corporis

191 2154 285 2207 rtis
331 2152 764 2207 meditationem.
807 2149 910 2207 Ubi
943 2160 1166 2207 nonest
1209 2167 1336 2222 pax,

212 2243 372 2300 Deus.
407 2244 509 2312 Qui
541 2245 719 2299 cernit
754 2253 974 2314 peccata
1003 2259 1120 2305 sna,
1151 2258 1338 2313 pacem

191 2346 287 2391 ·ata
326 2353 430 2389 nott
489 2333 637 2404 sugat
692 2334 866 2402 locus,
905 2334 999 2389 sed
1035 2334 1336 2390 humilitas·

204 2428 452 2482 adulterii
483 2438 535 2483 et
565 2428 840 2482 ttonticidii
890 2428 1096 2483 crimen
1126 2427 1342 2483 incidis-

191 2522 237 2576 td
282 2521 389 2575 Deo
426 2530 635 2590 gratum
667 2522 993 2576 sacrificiunt
1021 2522 1245 2587 invenit,
1286 2530 1342 2576 et

191 2614 464 2680 tcrilict'um
492 2612 599 2667 Deo
641 2614 859 2680 spiritus
912 2612 1338 2682 contribulatus,-

191 2717 230 2760 ει
256 2705 615 2769 humiliatum,
651 2703 810 2771 Deus,
861 2722 964 2759 nott
994 2706 1247 2774 despict'es
1268 2707 1339 2762 ⁸⁸.

191 2806 220 2849 tl.
267 2796 569 2866 indignatio
600 2807 836 2851 mentem
864 2802 1208 2866 pet-turbant,
1240 2813 1340 2854 nec

216 2890 305 2944 Dei
335 2889 516 2943 lumen
550 2887 815 2957 aspicere.
844 2886 969 2944 llaec
1002 2889 1102 2943 tria
1139 2890 1191 2944 itt
1232 2890 1342 2960 pri·

224 2982 429 3037 viribus
459 2980 604 3052 lnge,
634 2982 944 3046 avaritiam,
987 2983 1340 3039 ambitionem

227 3090 345 3146 qnae
380 3075 424 3130 si
490 3074 729 3129 animam
769 3084 1055 3145 occupent,
1087 3086 1344 3132 evertunt

191 3178 278 3221 tmt
309 3166 596 3237 proticcre.
631 3164 686 3220 Si
724 3177 773 3220 te
805 3166 857 3220 in
881 3166 1074 3222 cellula
1105 3178 1194 3222 tua
1220 3183 1346 3223 con-

191 3352 289 3406 .lud
313 3351 518 3422 judica,
552 3360 645 3405 tua
673 3366 834 3418 qnam
874 3350 1017 3406 illius
1041 3359 1154 3407 tunt
1184 3351 1338 3423 plura

191 3459 267 3497 sse
296 3444 666 3507 considerans,
692 3454 748 3499 et
769 3457 888 3512 quae
911 3443 1049 3498 bona
1079 3443 1132 3499 in
1153 3455 1203 3500 te
1224 3462 1347 3502 esse

191 3530 274 3596 ris,
312 3544 378 3583 aa
402 3524 609 3598 placere
637 3533 748 3587 Deo
779 3548 843 3586 ne
871 3543 1051 3601 putes.
1074 3533 1345 3589 Firtniora

191 3635 202 3674 ι
231 3619 465 3677 membra
495 3640 588 3695 pro
614 3626 1008 3681 infirmioribus
1038 3637 1159 3681 sunt
1194 3627 1346 3682 solli-

191 3715 334 3771 lonec
352 3718 759 3787 convalescant,
795 3731 1016 3792 propter
1052 3723 1350 3777 necessitu-

191 3822 263 3861 tm
308 3808 411 3864 illis
459 3812 748 3882 coniuncta
775 3826 921 3877 sunt,
958 3816 1223 3869 serviunt.
1246 3815 1346 3881 Qni

191 3900 281 3967 ·de,
321 3917 595 3973 nunquam
627 3920 883 3974 peccasse
918 3921 977 3961 se
1011 3904 1346 3961 existimant.

201 3993 423 4063 proximi
445 3995 658 4064 cuipam
685 3997 737 4050 in
766 4011 824 4051 se
849 3996 1204 4053 transferunt.
1240 3996 1347 4052 Su·

191 4100 277 4140 nto
300 4101 400 4142 suo
420 4089 728 4157 sapientem
755 4104 815 4145 se
837 4089 1070 4158 judicat,
1100 4100 1155 4144 et
1182 4090 1352 4144 nenti-

200 4175 508 4234 ofl'endisse.
541 4179 590 4234 ls
615 4191 795 4235 autent
839 4183 890 4236 in
926 4197 1032 4250 quo
1058 4194 1141 4236 est
1191 4182 1354 4238 timot·

191 4284 213 4324 s
259 4279 362 4336 est}
403 4287 470 4326 ne
504 4287 607 4342 qna
650 4273 752 4328 sibi
791 4275 962 4328 virtus
990 4273 1149 4329 desit.
1192 4273 1250 4328 Si
1300 4275 1351 4327 in

191 4363 492 4428 nnsederis,
529 4373 584 4418 et
627 4379 816 4434 preces
875 4376 994 4420 tuas
1046 4366 1098 4421 itt
1138 4365 1354 4421 silentio

191 4466 215 4504 r
247 4459 393 4504 tunm
447 4452 513 4505 ad
553 4452 756 4522 aliquid
787 4454 932 4524 quod
971 4455 1066 4508 Dei
1118 4470 1226 4509 non
1260 4454 1351 4520 sit,

191 4639 470 4707 reputaris,
501 4639 785 4694 considera
813 4653 1004 4710 preces
1021 4637 1184 4692 ctiam
1211 4646 1352 4700 tuas,

192 4731 267 4780 tio
318 4725 521 4790 lundis,
574 4744 679 4782 non
712 4744 836 4784 esse
868 4742 1043 4782 veras.
1093 4726 1248 4795 Quod
1304 4727 1350 4781 si

190 4819 442 4874 :riticiutn
481 4821 589 4875 Deo
639 4822 820 4875 credis
878 4833 997 4874 esse
1048 4830 1350 4887 acceptum,

199 4911 390 4980 plicent
440 4913 569 4966 item
615 4912 794 4967 cordis
819 4910 1199 4980 cogitationem
1232 4924 1352 4964 cutn

192 5010 354 5054 tetam
386 5001 479 5055 um
515 4999 731 5056 crimini
757 5001 889 5055 vern
924 5000 1063 5070 apuu
1093 4986 1285 5054 tte-ast.

191 5090 221 5143 li
257 5100 501 5158 tempore
531 5090 791 5144 auxilium
843 5104 948 5143 nott
995 5089 1224 5154 invenit,
1256 5103 1354 5159 pa-

194 5197 263 5235 on
296 5193 492 5252 potest.
519 5181 566 5236 ls
587 5183 789 5237 frustra
813 5181 991 5246 docet,
1015 5179 1172 5252 cujus
1193 5195 1357 5250 opera

191 5289 208 5327 ε
247 5273 546 5328 contraria.
581 5273 657 5328 De
685 5274 1067 5329 communione
1095 5272 1309 5328 dicebat
1337 5287 1352 5324 :

192 5367 206 5420 i
257 5367 429 5421 mittit
479 5365 537 5421 Si
593 5365 936 5422 communico
969 5380 1090 5421 cum
1126 5363 1360 5421 inimicis

198 5461 232 5514 ti
283 5475 405 5514 cum
440 5458 553 5515 Deo
612 5470 787 5529 potest
830 5475 952 5516 esse
1008 5455 1360 5515 communio?

191 5551 343 5605 icium
376 5560 430 5604 et
461 5549 965 5606 condemnationem
997 5566 1029 5606 a
1075 5564 1162 5605 nte
1189 5548 1364 5605 susci·

218 5645 362 5699 enim
384 5645 580 5700 manda
621 5643 868 5698 nmmlia:
901 5641 1250 5714 coinquinatis
1271 5655 1366 5693 αιι·

2875 385 3014 443 ttst

1439 959 1674 1013 Rursum
1709 956 2148 1027 qtnaesirt,‹1uetn
2189 956 2414 1013 duceret
2449 972 2572 1013 esse
2631 973 2847 1014 servum
2900 959 3015 1014 Dei.

1437 1047 1533 1103 tlte
1568 1047 1660 1104 Dei
1701 1063 1919 1114 servus,
1970 1049 2169 1119 inquit,
2213 1065 2317 1104 nnn
2359 1059 2443 1104 est
2470 1049 2886 1116 existimandus,
2923 1054 3017 1121 qni

1438 1140 1672 1211 propriis
1713 1142 2055 1210 obtemperat
2089 1140 2498 1211 cupiditatibus.
2553 1142 2651 1198 Cui
2697 1143 2842 1198 enim
2892 1143 3017 1212 quis

1438 1234 1701 1303 imperat,
1741 1234 1786 1289 is
1814 1233 1933 1304 ejus
1961 1243 2044 1288 est
2081 1233 2354 1289 dominns.
2399 1232 2496 1287 tlt-t
2528 1235 2681 1298 mibi,
2722 1234 2808 1289 bei
2849 1230 3014 1297 milti,

1439 1326 1678 1390 dicebat,
1707 1325 1796 1394 qui
1834 1333 1942 1379 tion
1974 1325 2154 1380 studui
2202 1341 2287 1381 me
2317 1340 2508 1394 purum
2544 1334 2598 1380 et
2623 1338 2867 1382 sanctum
2893 1326 3016 1383 red-

1439 1417 1587 1482 dere,
1617 1429 1677 1471 ut
1707 1416 2138 1472 misericordiam
2174 1417 2433 1489 consequi
2484 1418 2739 1487 possenti
2780 1416 2892 1473 11eu
2934 1434 3020 1473 me

1441 1509 1723 1576 miserum,
1755 1509 1845 1579 qui
1889 1518 1947 1563 nt
1978 1523 2261 1579 regnarem
2298 1523 2420 1564 eum
2451 1509 2694 1575 Christo,
2726 1526 2875 1567 meos
2909 1511 3018 1566 ini-

1442 1601 1613 1656 micos
1639 1616 1896 1669 superare
1921 1615 2027 1655 non
2055 1602 2340 1655 contendit
2376 1600 2491 1656 Heu
2522 1618 2607 1658 me
2633 1604 3016 1675 miserunt,qui

1439 1707 1505 1746 cx
1539 1692 1758 1746 nomine
1783 1702 1875 1745 tuo
1900 1691 2161 1760 appellor,
2205 1692 2451 1759 Domine,
2485 1703 2538 1748 et
2565 1696 2743 1750 servio
2783 1695 3020 1752 inimicis

1443 1785 1587 1841 tuisl
1631 1784 1725 1840 ttet
1760 1784 1914 1851 milti,
1952 1784 2040 1839 liei
2077 1785 2233 1853 milti,
2278 1786 2401 1855 qnia
2443 1802 2633 1843 vescor
2663 1789 2728 1844 iis
2757 1804 2876 1858 qttae
2903 1788 3017 1844 Rex

206 1893 402 1932 nomen
455 1878 508 1932 in
543 1877 699 1932 nobis
729 1876 1063 1931 sanctificari
1098 1891 1204 1930 non
1238 1891 1335 1947 po·
1371 1862 1412 1915 Β
1443 1893 1596 1934 tuens
1640 1879 1963 1944 detestatur,
1998 1888 2053 1934 et
2095 1878 2220 1933 ideo
2252 1894 2356 1935 non
2388 1882 2634 1937 medetur
2669 1882 2838 1937 mibi!
2883 1880 3017 1938 Cum

1437 1987 1562 2027 enm
1582 1982 1840 2042 aegrotum
1868 1980 1922 2025 ct
1954 1970 2145 2025 morbo
2173 1971 2328 2028 valde
2355 1971 2689 2029 laborantem
2707 1974 3016 2033 inviserem.

1439 2073 1494 2118 ct
1533 2062 1872 2119 incommoda
1924 2062 2042 2131 ejus
2079 2060 2391 2118 valetudine
2446 2063 2685 2120 dolerem
2716 2082 2731 2120 ε
2763 2065 2883 2133 Vix,
2932 2065 3020 2121 in·

1440 2155 1580 2224 quit,
1613 2154 1687 2207 ita
1713 2151 1903 2207 morbo
1939 2161 2201 2215 vexatus,
2231 2167 2451 2223 possum
2484 2153 2624 2209 iltius
2670 2157 2849 2210 acerbi
2877 2166 3021 2212 tem·

1442 2252 1588 2324 poris
1617 2249 1894 2305 recordari
1918 2265 1931 2314 ;
1960 2258 2166 2303 tantum
2194 2248 2367 2313 abest,
2398 2258 2453 2302 nt
2472 2248 2591 2319 ejus
2621 2266 2829 2307 memor
2842 2266 3018 2307 essem

1441 2343 1674 2408 sutttrnS,
1702 2341 1747 2398 si
1780 2356 1910 2397 caro
1936 2342 2162 2397 valeret.
2186 2338 2317 2395 Cum
2346 2340 2490 2394 enim
2516 2340 2676 2405 valet,
2695 2343 2922 2412 pronior
2937 2354 3023 2399 ert

1441 2438 1507 2493 ad
1531 2434 1864 2494 exercendas
1885 2434 2202 2488 inimicitias
2224 2448 2347 2489 cnm
2375 2434 2505 2490 Deo.
2536 2433 2713 2489 Arbor
2739 2449 2859 2504 qnae
2892 2425 3021 2490 irri-

1445 2540 1606 2602 gatur
1631 2542 1738 2583 non
1780 2526 2003 2591 arescit,
2032 2526 2125 2581 sed
2159 2524 2392 2580 fructum
2443 2524 2617 2580 affert.
2670 2524 3023 2582 calamitates

1444 2605 1602 2677 nobis
1632 2630 1760 2676 sunt
1789 2619 2104 2689 adjumento
2128 2618 2194 2672 ad
2235 2617 2572 2672 observanda
2623 2618 2874 2674 mandata
2905 2618 3020 2677 Dei.

1447 2714 1546 2770 llei
1576 2715 1730 2779 milti,
1765 2714 1847 2768 liei
1879 2712 2031 2779 milti,
2062 2713 2151 2782 qui
2182 2704 2356 2767 habeo
2383 2722 2509 2767 ante
2529 2725 2614 2766 nte
2642 2701 3034 2769 accusatorest'

1447 2808 1731 2875 Quomodo
1778 2817 1967 2876 potero
2004 2819 2295 2861 occurrere
2333 2804 2561 2859 Domino
2592 2819 2712 2858 mco
2741 2814 2797 2860 et
2824 2803 3030 2861 sanctis

1444 2897 1584 2967 ejus,
1617 2914 1738 2954 cttm
1769 2897 1976 2953 inimici
2008 2896 2109 2951 mei
2152 2895 2281 2951 mibi
2316 2910 2383 2951 ne
2411 2910 2575 2952 unum
2605 2895 2828 2963 quidem
2853 2909 3027 2952 mem-

1445 2991 1605 3047 brum
1659 2992 1930 3063 integrum
1995 2986 2362 3060 reliquerint?
2418 2985 2653 3055 Quaestvt
2704 2985 2830 3055 quid
2880 2995 3027 3042 esset

1447 3084 1653 3140 bomini
1683 3083 1932 3141 solitario
1966 3082 2361 3139 necessarium.
2402 3078 2472 3135 Et
2502 3080 2872 3163 respondens:
2896 3074 3025 3134 Tria

1449 3187 1598 3244 sunt,
1635 3177 1833 3246 inquit,
1885 3173 1960 3228 itti
1990 3173 2330 3236 necessaria,
2361 3179 2653 3243 perpetuus
2679 3169 2862 3236 timor,
2886 3168 3027 3226 assi-

191 3260 328 3314 ditas
355 3258 637 3330 judicandi
689 3258 912 3313 l'ratretn
959 3259 1240 3322 invaserit.
1273 3272 1349 3317 ex
1448 3266 1552 3319 dua
1599 3265 1864 3337 precatio,
1909 3263 2252 3335 et⁴c0ntinua
2288 3263 2472 3317 cordis
2518 3260 2789 3325 custodia.
2824 3258 3028 3317 Cavete

1444 3357 1609 3417 debet
1637 3354 1807 3419 honto-
1832 3336 2124 3408 's'olitndini
2158 3360 2216 3410 et.
2241 3350 2414 3422 qutett
2448 3350 2689 3414 deditus,
2746 3364 2814 3404 ne
2864 3352 3027 3406 verba

1448 3447 1636 3502 audiat
1667 3445 1896 3500 inutilia.
1946 3441 2072 3498 llaee
2106 3443 2251 3498 enim
2305 3442 2536 3510 perdunt
2589 3442 2801 3496 labores
2833 3441 3023 3511 ipsius.

1447 3539 1647 3601 Abbas,
1683 3537 1877 3606 inquit,
1904 3534 2131 3605 Serapio
2157 3539 2378 3601 rogatus
2403 3545 2433 3584 a
2458 3532 2692 3601 quodam
2715 3544 2864 3596 sene,
2894 3546 3028 3600 qua-

1449 3631 1518 3685 lis
1556 3631 1656 3685 sibi
1699 3630 1813 3700 ipse
1839 3627 2136 3690 videretur,
2187 3624 2466 3695 respondit
2500 3623 2629 3678 mihi
2657 3638 2672 3674 ι
2706 3620 2915 3678 Similis
2939 3623 3027 3677 vi·-

1450 3718 1581 3773 deor
1608 3715 1810 3771 bomini
1853 3728 2016 3783 super
2055 3722 2204 3766 turre
2228 3709 2534 3776 exsistenti,
2565 3710 2657 3779 qni
2692 3719 2822 3765 nutu
2857 3711 3030 3780 signi-

1453 3809 1576 3863 llcet
1616 3797 2021 3869 accedentibus,
2059 3819 2125 3859 ne
2164 3805 2313 3858 adse
2346 3803 2586 3857 veniant.
2630 3799 2697 3856 Et
2723 3815 2891 3856 senex
2935 3802 3029 3871 qui

1451 3899 1628 3953 simite
1661 3899 1833 3968 ipsum
1868 3897 2333 3964 interrogaverat,
2376 3894 2513 3948 dixit
2554 3893 2602 3948 ei
2630 3907 2647 3946 ε
2681 3891 2813 3947 Mitti
2846 3901 3028 3946 autem

1455 3987 1643 4042 videor
1686 3986 1918 4051 homini,
1955 3987 2048 4054 qui
2096 3984 2557 4054 propugnaculum
2611 3982 2922 4049 aedificavit,
2978 3995 3034 4036 et

1456 4078 1644 4134 l'erreis
1682 4078 1931 4132 vectibus
1980 4077 2109 4133 illud
2155 4076 2408 4137 munivit,
2460 4084 2521 4130 ιιι
2569 4077 2615 4130 si
2655 4075 2780 4145 quis
2809 4074 3029 4146 pulset,

1456 4183 1560 4224 nott
1601 4168 1807 4232 audiat,
1845 4182 2024 4238 neque
2061 4165 2342 4235 intelligat,
2368 4165 2491 4236 quis
2517 4165 2608 4220 ille
2646 4166 2739 4228 sit,
2770 4173 2860 4218 aut
2884 4165 3032 4218 nude

1457 4264 1659 4326 veniat,
1697 4272 1793 4317 aut
1836 4261 1966 4333 qnid
2016 4261 2167 4328 velit,
2225 4274 2401 4330 neque
2448 4268 2711 4330 appareat
2769 4258 2818 4313 ei
2873 4257 3028 4329 prins

1455 4371 1617 4425 quam
1652 4355 1917 4411 discedat.
1960 4353 2018 4408 Si
2046 4353 2169 4422 quis
2199 4352 2485 4408 Dominum
2516 4352 2710 4419 qnaerit
2736 4364 2802 4404 ex
2826 4349 3029 4414 animo,

1457 4448 1795 4516 attenditque
1838 4445 1968 4510 sibi,
2011 4459 2112 4500 nec
2153 4442 2343 4498 mundi
2382 4444 2612 4523 vinculis
2660 4443 2933 4514 illigatur,
2972 4451 3030 4499 et

194 4560 258 4600 ne
282 4556 457 4599 tecum
494 4547 609 4614 ipsc
651 4563 753 4600 nun
784 4563 906 4602 esse
929 4556 1236 4616 peceatum,
1261 4548 1354 4600 sen
1386 4562 1432 4620 D
1460 4556 1554 4594 cor
1581 4552 1737 4594 suum
1771 4536 2034 4601 custodit,
2087 4544 2145 4589 ut
2185 4536 2305 4590 sine
2352 4532 2649 4591 offensione
2689 4534 2861 4604 possit
2904 4544 3033 4588 ante

1459 4627 1554 4683 Dei
1582 4627 1819 4685 tribunal
1843 4626 2179 4693 consistere;
2210 4625 2257 4681 is
2285 4627 2353 4681 ab
2376 4640 2441 4682 eo
2468 4626 2753 4681 exauditur
2773 4633 2936 4695 atque
2958 4626 3035 4679 di-

1458 4721 1656 4793 ligitur.

1527 4996 1564 5050 Ι.
1588 4995 1820 5051 Attende
1853 4995 1947 5050 tibi
1986 4995 2296 5065 diligenter,
2340 5005 2397 5050 et
2433 5010 2626 5064 magna
2672 5008 2794 5048 cnm
2832 4991 3029 5051 fiducia

1455 5089 1743 5146 considera
1778 5088 2063 5143 Dominum
2089 5098 2330 5142 nostrum
2367 5085 2549 5142 ‹lesum
2586 5084 2879 5151 Christum,
2902 5099 3029 5143 cunt

1457 5179 1599 5235 Deus
1627 5191 1773 5234 esset
1814 5188 1869 5234 et
1897 5176 2221 5234 ineffabilem
2253 5177 2479 5233 baberet
2520 5177 2747 5246 gloriam
2780 5186 2838 5232 et
2864 5177 3031 5246 maje-

1454 5278 1672 5334 statem,
1725 5269 1997 5324 bominem
2058 5283 2156 5340 pro
2215 5266 2371 5325 nobis
2422 5283 2544 5325 esse
2580 5269 2804 5337 sactum,
2863 5285 3032 5341 seque

1455 5362 1610 5418 nobis
1637 5361 1944 5431 exemplum
1986 5361 2347 5433 proposuisse,
2382 5369 2440 5415 ut
2472 5376 2766 5431 sequamur
2804 5364 3029 5435 vestigia

1457 5451 1674 5526 cjtts⁸⁸‘.
1699 5450 1953 5508 Formam
1988 5454 2133 5508 enim
2172 5452 2316 5508 serri
2366 5454 2655 5524 accipiens,
2684 5458 3032 5512 veliementer

1458 5558 1620 5617 atque
1667 5544 1967 5601 incredibili
2006 5548 2165 5601 modo
2216 5546 2517 5602 ltuntitiarit
2556 5549 2904 5610 semetipsum
2960 5546 3030 5612 ⁸⁸,

1459 5646 1516 5692 et
1543 5650 1744 5706 pauper
1773 5634 2001 5693 effectus
2046 5646 2151 5705 est,
2190 5638 2594 5710 multorumque
2628 5638 2952 5708 ignominias
2978 5647 3026 5692 et

1990 4807 2247 4866 nanto
2288 4807 2499 4866 xxvn.

1669 4902 1736 4957 In
1781 4904 1979 4958 dictum
2012 4902 2148 4958 illud
2176 4918 2195 4957 .·
2223 4921 2244 4956 ι
2288 4903 2509 4958 Auertite
2550 4902 2642 4956 tibi
2662 4901 2706 4934 ⁸⁸
2735 4939 2749 4954 .
2781 4917 2801 4953 ι

201 5822 239 5870 t,
268 5805 322 5859 9.
399 5805 445 5836 ⁸³
467 5802 612 5858 Psal.
635 5821 685 5871 ι,
719 5804 802 5859 ll).
880 5801 925 5834 ⁸⁸
945 5798 1052 5854 Tit.
1086 5815 1125 5868 t,
1164 5798 1249 5854 15.
1310 5796 1355 5828 ⁸⁸
1401 5791 1422 5849 l
1454 5791 1569 5849 Pet.
1600 5806 1661 5858 tt,
1699 5791 1786 5846 ss.
1860 5790 1932 5825 θ’·
1967 5790 2214 5860 ‘tob-ut,
2246 5791 2341 5846 &¹5-
2405 5795 2460 5827 ”⁵
2484 5791 2923 5860 vxx'xx'wvaxss.

191 5915 260 5957 tt..
306 5899 420 5956 Gn.
455 5899 570 5956 Χῖ..

2702 5879 2797 5937 ‘RQ

3070 4952 3081 4987 l
