3725 6125
262 324 412 382 4⁰57

1272 317 1330 371 S.
1371 316 1652 372 ANToNtt
1692 316 1764 370 tt.
1803 315 2097 371 Anu-ms
2133 314 2519 372 EPISTOLAE.

3387 321 3528 380 toas

264 437 519 495 bonitate
573 432 647 487 illi
689 431 1070 502 opitulabitur,
1125 442 1182 487 et
1237 435 1307 488 ab
1355 432 1611 488 omnibus
1657 433 1855 489 animae
1882 443 1928 497 Α
1958 433 2024 489 Et
2070 432 2205 488 dicit
2233 432 2343 488 iltts
2389 432 2603 487 etiam:
2654 430 2897 487 Recedite
2924 450 2957 487 a
3003 450 3103 500 me,
3138 435 3423 501 moledicte,
3470 439 3527 491 in

264 525 622 602 passionibus
671 538 795 579 eum
832 522 1165 591 vindicabit,
1202 523 1656 592 quemadmodum
1713 525 1849 579 dixit

268 616 717 678 David21udica
753 631 854 681 me,
880 615 1129 686 quoniam
1156 615 1211 669 in
1238 613 1528 670 buntilibus
1560 614 1850 678 artibulavi,

269 726 325 773 es
380 715 435 768 in
476 710 702 767 Domino
753 708 985 777 confisus
1015 723 1172 773 sum,
1216 717 1263 761 et
1315 723 1419 761 non
1473 699 1662 760 timebo
1683 707 1752 761 ⁸⁸.
1789 706 1857 760 Et

274 799 727 876 quemadmodum
765 798 921 852 vobis
960 808 1144 851 notum
1183 796 1313 862 feci,
1347 795 1689 852 dilectissimi
1725 796 1851 862 mei,

219 937 235 980 t
284 896 435 970 quod
458 896 543 951 bis
564 891 821 964 operibus
851 890 924 945 sit
952 890 1160 945 sanitas
1191 888 1387 944 animae
1420 904 1451 943 a
1478 887 1851 958 passionibus;

284 994 473 1043 notum
502 996 714 1054 quoque
744 978 900 1035 vobis
937 977 1102 1043 facio,
1134 979 1274 1049 quod
1309 976 1463 1034 multi
1505 978 1855 1048 persistentes

206 1077 215 1084 ‘
278 1077 440 1145 longo
471 1070 730 1142 temporis
757 1066 1046 1124 intervallo
1087 1068 1141 1122 in
1177 1066 1499 1123 monachatu
1531 1076 1586 1123 et
1626 1067 1853 1139 virgini-

276 1175 422 1228 tate,
451 1179 559 1220 non
597 1162 905 1218 didicerunt
940 1157 1242 1214 doctrinam
1289 1173 1501 1228 puram,
1528 1158 1855 1229 quianegli-

268 1265 469 1328 gentes
500 1253 822 1308 documenta
870 1257 1086 1321 patrum
1134 1264 1353 1305 suorum
1385 1248 1679 1319 amplexati
1727 1258 1848 1303 sunt

269 1346 753 1417 concupiscentias
784 1344 965 1400 cordis
991 1344 1114 1409 sui;
1146 1353 1200 1398 et
1230 1343 1435 1398 idcirco
1458 1342 1854 1411 praevaluerunt

270 1442 541 1498 adversus
563 1452 658 1494 eos
689 1436 812 1492 mali
839 1436 982 1508 genii
1006 1445 1060 1491 et
1088 1433 1312 1491 rebelles
1346 1434 1586 1490 latrones
1609 1436 1702 1505 qui
1730 1448 1856 1489 sunt

271 1533 335 1588 in
394 1546 543 1595 aere,
580 1528 887 1601 jaculantes
938 1527 990 1583 in
1056 1528 1176 1583 illos
1230 1526 1578 1583 absconditas
1628 1526 1855 1596 sagittas

1957 524 2129 593 ionem
2150 534 2403 578 «eternum
2424 522 2491 587 ⁰⁸,
2516 522 2605 576 ulti
2627 532 2705 578 eet
2732 525 2887 593 fletus
2908 536 2956 579 et
2980 527 3180 581 stridor
3205 529 3438 582 dentium
3456 528 3508 562 ’⁸

2022 612 2176 667 Nunc
2207 612 2388 682 itaque
2411 654 2426 676 ,
2460 614 2793 670 dilectissimi
2832 617 2955 681 mei,
2991 630 3095 673 non
3129 618 3235 674 alia
3265 620 3332 674 de
3358 634 3524 676 causa

1954 702 2096 758 hane
2124 704 2317 774 scripsi
2351 705 2501 760 vobis
2532 708 2814 775 epistolam
2838 748 2853 773 ,
2896 709 2998 765 nisi
3052 722 3274 782 propter
3312 712 3522 769 deside-

1955 795 2094 849 rium
2133 794 2325 850 salutis
2372 807 2590 863 vestrae,
2625 807 2684 853 ut
2721 798 2845 855 sitis
2890 800 3070 867 liberi,
3123 812 3178 857 et
3220 803 3427 870 fideles,
3475 813 3533 861 et

1953 900 2153 956 sponsa
2209 900 2343 955 pura
2398 886 2655 956 Clu-istm
2714 890 2828 958 ipse
2882 907 3114 961 natuque
3167 903 3251 949 est
3300 909 3540 964 sponsus.

1953 976 2192 1030 omnium
2228 976 2531 1032 animarum
2572 991 2906 1045 sanctarum,
2935 992 2995 1037 ut
3041 985 3116 1037 ait
3162 982 3359 1041 Paulus
3404 1003 3539 1058 apo-

1954 1069 2169 1122 stolus:
2215 1067 2483 1139 Despondi
2531 1074 2667 1126 enim
2712 1089 2800 1127 cos
2831 1075 2925 1132 une·
2968 1076 3083 1129 viro
3135 1078 3533 1149 primoyenitum

1954 1168 2176 1223 costam,
2217 1166 2271 1212 ut
2318 1159 2610 1215 exhiberem
2648 1176 2738 1215 vos
2769 1159 2978 1216 Christo
3004 1163 3072 1221 ⁸².
3113 1165 3370 1236 Equidem
3416 1170 3536 1224 scio

1956 1246 2120 1301 inulta
2164 1248 2279 1319 jam
2331 1250 2486 1305 vobis
2540 1252 2787 1306 evenisse
2832 1254 3159 1321 certamina,
3200 1255 3534 1314 dilectissimi

1957 1338 2088 1405 mei,
2121 1354 2244 1410 quae
2270 1355 2375 1410 ope
2422 1341 2639 1398 Domini
2674 1344 2843 1398 nostri
2876 1347 2969 1414 qui
3000 1360 3098 1402 vos
3131 1347 3358 1417 direxit,
3385 1353 3538 1407 devi-

1960 1430 2119 1488 tastis
2154 1432 2401 1503 singulm
2433 1434 2634 1505 quippe
2662 1449 2826 1490 verax
2863 1436 3009 1494 Deus
3040 1448 3144 1504 est,
3186 1450 3242 1496 et
3281 1442 3396 1513 ipse
3441 1458 3538 1501 vos

1958 1538 2259 1595 omnesque
2288 1526 2378 1595 qui
2406 1527 2509 1582 sibi
2537 1528 2871 1593 ministrant,
2900 1531 3171 1587 confortat
3194 1549 3261 1589 ne
3288 1534 3539 1592 incidatis

271 1631 444 1678 noctu
474 1621 712 1691 diuque,
742 1618 814 1674 ita
847 1626 904 1672 ut
935 1618 989 1672 in
1028 1617 1176 1673 nullo
1221 1632 1315 1673 eos
1359 1617 1641 1687 quiescere
1672 1616 1860 1672 sinant
1961 1616 2016 1671 in
2058 1630 2123 1672 ea
2164 1632 2285 1687 quoe
2316 1618 2460 1674 ferre
2488 1634 2595 1673 non
2625 1618 2836 1677 valetis.
2869 1619 3135 1691 Pet-cipite
3163 1624 3346 1695 igitur,
3385 1625 3534 1681 lilioli

268 1712 420 1777 luco,
464 1725 564 1768 nec
608 1727 715 1768 non
754 1718 1018 1781 occupant
1046 1709 1206 1764 corda
1252 1725 1440 1766 eorum
1481 1708 1758 1780 superbia,
1805 1720 1858 1765 et

1963 1706 2090 1772 mei,
2116 1707 2226 1761 vim
2263 1708 2619 1764 tentationum
2650 1724 2770 1779 quae
2798 1711 2953 1766 vobis
2979 1722 3302 1782 evenerunt,
3336 1725 3392 1771 et
3424 1731 3537 1771 ma·

274 1804 425 1862 finiani
456 1803 651 1876 gloria,
676 1813 733 1859 et
759 1801 932 1873 impia
961 1801 1303 1857 :emulatione
1322 1843 1338 1869 ,
1371 1810 1426 1858 et
1451 1803 1849 1868 susurratione,
1888 1805 1929 1864 Β
1956 1799 2289 1867 gnitudinem
2318 1801 2584 1856 bonorum
2608 1803 2698 1871 qui
2722 1803 2873 1859 vobis
2895 1803 3150 1860 datisunt
3168 1822 3197 1860 a
3221 1808 3331 1863 Deo
3349 1823 3535 1865 earum

278 1907 339 1956 et
379 1899 457 1953 ira
478 1938 497 1965 ,
522 1906 577 1953 et
607 1894 1064 1953 excandescentia
1085 1933 1103 1961 ,
1135 1903 1192 1949 et
1232 1895 1581 1951 contentione
1626 1894 1859 1965 aliisque

284 1989 623 2060 passionibus
667 2003 830 2060 quam
878 1985 1145 2057 plurimis.
1199 1986 1323 2042 llaec
1377 1988 1521 2043 enim
1562 1997 1616 2044 et
1659 1988 1859 2044 similia

288 2090 596 2152 perpetrant
650 2082 920 2137 dmmones
951 2087 1195 2136 nostram
1230 2079 1571 2135 intendentes
1601 2092 1854 2147 mortem,

288 2189 400 2229 nou
426 2173 637 2244 quidem
665 2173 852 2229 vitam.

366 2265 491 2321 Hoec
516 2279 645 2322 sane
670 2266 856 2334 verba,
879 2279 1001 2336 quae
1029 2264 1183 2321 vobis
1212 2273 1337 2321 nota
1364 2265 1856 2333 seci,·dilectissimi

290 2355 423 2420 mei,
448 2370 553 2410 non
585 2369 701 2410 mea
720 2354 932 2425 quidem
970 2365 1120 2422 suut,
1154 2357 1253 2412 sed
1285 2373 1473 2414 corum
1501 2373 1718 2430 quoque
1746 2374 1862 2415 me·

287 2447 450 2503 minit
487 2445 724 2504 lacobus
760 2448 1033 2519 apostolus
1071 2451 1259 2505 dicens
1292 2468 1306 2505 z
1349 2450 1409 2506 Si
1457 2452 1580 2505 insit
1620 2452 1678 2506 in
1718 2451 1860 2507 vobis

278 2539 557 2596 mutilatio
571 2545 779 2608 amara,
800 2550 848 2596 et
870 2543 1156 2597 schismata
1183 2542 1286 2597 sint
1310 2543 1365 2596 in
1391 2542 1633 2599 cordibus
1656 2545 1859 2609 vestris,

277 2631 443 2686 nolite
466 2632 696 2702 gloriari
731 2641 785 2688 et
823 2631 1101 2688 naendaces
1125 2648 1237 2687 esse
1270 2631 1525 2687 adversus
1554 2634 1822 2687 veritatem
1840 2648 1860 2697 ,·

282 2737 390 2776 aton
418 2732 493 2776 est
515 2724 653 2777 etaim
685 2723 787 2777 istu
811 2724 1068 2790 sapientia
1090 2723 1155 2778 de
1185 2738 1394 2778 sursum
1429 2723 1742 2779 descendens
1771 2726 1861 2780 secl

288 2825 495 2866 terrena
515 2852 531 2876 ,
569 2811 838 2881 animalis,
874 2811 1132 2870 diabolica
1155 2813 1246 2868 ⁸⁸⁶.
1278 2812 1551 2884 Scriptum
1579 2816 1742 2871 etiam
1776 2829 1861 2873 est

293 2902 351 2958 iu
394 2901 633 2972 Epistola
662 2901 885 2960 «loannis
925 2905 1150 2976 apostoli
1203 2904 1353 2971 :Qui
1399 2906 1529 2974 facit
1570 2918 1861 2977 peccatum,

289 3009 359 3050 ex
385 2992 593 3048 diabolo
617 3002 698 3049 est
719 2992 786 3050 ⁸⁹.
809 2993 942 3050 (lum
970 2994 1154 3067 itaque
1177 2996 1592 3067 cognovissetiS,
1621 2997 1863 3055 dilectis·

289 3086 415 3143 simi
450 3088 570 3152 mei,
603 3088 747 3158 qnod
776 3088 866 3161 qui
890 3097 1213 3158 permanent
1246 3089 1298 3144 in
1330 3090 1414 3145 liis
1447 3091 1725 3161 operibus,
1758 3108 1863 3149 uon

1965 1906 2128 1947 causa
2153 1931 2167 1956 ,
2194 1901 2248 1947 et
2275 1902 2587 1949 constantes
2620 1894 2856 1951 resistite
2884 1898 3128 1953 venturis
3157 1913 3393 1970 quoque.
3446 1901 3539 1957 Et-

1965 1984 2111 2039 enim
2143 1998 2335 2039 aurum
2370 1985 2492 2055 igne
2518 1986 2788 2043 multoties
2804 1989 3085 2057 probatur,
3106 2000 3167 2045 ut
3194 1993 3391 2062 potiori
3419 2007 3539 2064 pro·

1964 2073 2181 2130 batione
2211 2074 2442 2130 electum
2469 2087 2747 2147 appareat.
2779 2077 3042 2135 Similiter
3070 2079 3332 2137 Dominus
3360 2094 3542 2139 noster

1966 2176 2064 2217 sua
2100 2162 2341 2221 bonitate
2377 2165 2650 2220 bominem
2692 2166 2884 2235 probat
2914 2168 3096 2225 multis
3127 2172 3539 2239 tentationibus,

1965 2264 2024 2310 ct
2068 2256 2345 2325 experitur
2396 2256 2568 2324 illum,
2609 2268 2774 2327 atque
2809 2259 2981 2331 liquat
3024 2261 3132 2319 illis
3175 2265 3541 2324 mediantibus

1969 2357 2231 2419 tanquam
2258 2364 2451 2404 aurum
2488 2350 2861 2419 purissimum,
2886 2362 2942 2407 et
2966 2353 3156 2410 edocet
3191 2354 3338 2411 illum
3362 2368 3542 2412 certa·

1967 2440 2113 2495 mina
2136 2438 2351 2505 cordis;
2378 2440 2451 2494 ita
2479 2449 2535 2494 ut
2561 2454 2668 2494 non
2705 2451 3007 2499 revertatur
3040 2446 3273 2516 amplius
3300 2449 3541 2519 cogitare

1967 2539 2065 2586 aut
2089 2532 2402 2586 meminisse
2428 2531 2797 2589 multitudinis
2840 2535 3157 2606 injuriarum
3186 2549 3243 2596 et
3287 2550 3538 2600 eontent-

1971 2632 2096 2692 ptus
2121 2638 2258 2694 quos
2286 2622 2360 2677 illi
2405 2623 2702 2680 intulerunt
2749 2625 3029 2694 homines,
3070 2645 3380 2703 vacuusque
3429 2635 3537 2692 erit

1974 2715 2175 2770 timore
2202 2713 2399 2770 diaboli
2426 2731 2442 2781 ;
2472 2717 2565 2771 sed
2594 2715 2905 2773 humilietur
2936 2733 3122 2774 eoram
3155 2720 3290 2790 Deo,
3325 2734 3380 2780 et
3407 2739 3541 2782 con-

1972 2806 2100 2861 ssdat
2123 2807 2175 2861 in
2206 2806 2378 2871 illum,
2410 2808 2586 2879 sitque
2623 2824 2839 2879 semper
2870 2810 2937 2864 ad
2970 2808 3168 2870 bonum
3200 2824 3423 2883 paratus
3451 2832 3548 2873 co·

1971 2915 2089 2955 ram
2152 2900 2281 2968 Deo,
2334 2902 2790 2971 quemadmodum
2841 2903 2978 2959 dixit
3028 2905 3192 2961 David
3228 2909 3539 2979 propbeta:

1972 2989 2079 3044 Cot·
2108 3005 2279 3045 meum
2306 3001 2572 3059 paratum,
2606 2991 2771 3057 Deus,
2799 3009 2892 3046 cor
2915 3009 3084 3048 meum
3110 3008 3395 3065 paratarum
3419 2999 3545 3054 latt-

1970 3081 2130 3148 dcbo,
2151 3096 2197 3137 et
2226 3083 2451 3150 psallam
2472 3085 2529 3138 in
2553 3084 2940 3156 glorificatione
2964 3103 3074 3142 meet
3098 3088 3165 3144 ⁸¹.
3192 3087 3392 3147 Sciatis
3413 3106 3545 3161 ergo

286 3176 365 3233 sit
402 3176 610 3232 Dotnini
640 3190 781 3249 opus
816 3178 869 3232 in
906 3177 1037 3243 illis,
1064 3192 1252 3233 verum
1286 3192 1563 3248 compotes
1592 3191 1717 3236 sunt
1751 3180 1856 3237 dia·
1892 3161 1935 3219 C
1969 3173 2095 3241 bor,
2138 3176 2282 3243 quod
2327 3173 2533 3244 absque
2566 3176 2729 3230 dubio
2762 3193 2791 3231 a
2829 3178 3150 3245 quibusdam
3183 3182 3543 3251 probabimini

192 3277 197 3313 -'
282 3268 584 3327 boticorum
615 3271 1095 3336 documentorum,
1121 3279 1320 3327 etcum
1349 3271 1583 3331 diabolis
1608 3285 1868 3345 reputan-

200 3368 207 3375 '
228 3372 391 3457 ...¹⁰¹5
425 3363 784 3433 quamobrem
820 3362 1101 3434 lugeamus
1160 3364 1549 3434 nosmetipsos;
1583 3366 1686 3422 boc
1715 3384 1869 3424 nam-

192 3466 197 3491 ¹
270 3468 388 3527 que
410 3464 632 3524 tempus
651 3455 711 3508 iu
734 3466 1067 3521 quesumus,
1087 3464 1167 3510 est
1191 3458 1474 3513 moerendi.
1500 3460 1869 3529 Agnoscamus

277 3559 512 3616 quoque
545 3556 870 3595 mensuram
896 3542 1153 3601 donorum
1192 3546 1426 3616 Spiritus
1455 3552 1661 3616 sancti,
1686 3560 1742 3607 et
1761 3552 1871 3608 cla-

287 3644 512 3684 :uentus
539 3644 664 3684 cum
695 3628 910 3686 dicente
942 3651 956 3688 ε
991 3630 1185 3701 Venite,
1212 3641 1510 3704 adoremus,
1542 3651 1590 3695 et
1619 3643 1867 3712 procidu-

293 3735 442 3784 ωηο,
471 3730 517 3774 et
550 3719 817 3790 ploremus
848 3732 964 3778 ants
993 3741 1108 3780 eum
1138 3729 1229 3797 qui
1255 3729 1381 3800 [ecit
1412 3748 1504 3787 nos
1529 3733 1611 3801 ’.ς
1640 3745 1694 3789 et
1722 3736 1871 3791 dica·

294 3826 428 3867 mus
456 3811 617 3868 etiam
657 3814 861 3869 dictum
904 3814 1019 3887 ejus
1048 3835 1062 3872 τ
1098 3818 1261 3875 Salva
1299 3838 1414 3890 me,
1447 3823 1691 3892 Domine,
1735 3844 1870 3898 quo·

292 3904 447 3958 nium
480 3902 669 3974 defecit
697 3916 929 3975 sanctus,
965 3917 1016 3963 et
1053 3910 1314 3966 diminuta
1354 3927 1427 3969 est
1458 3917 1646 3971 ueritas
1676 3935 1707 3971 α
1740 3918 1869 3986 filiis

291 3997 605 4064 hominum,·
644 4007 697 4054 et
734 3998 936 4055 locatus
963 4013 1036 4055 est
1067 4006 1427 4077 unusquisqne
1468 4010 1522 4060 in
1567 4009 1866 4075 proximum

286 4103 455 4143 suurn
486 4087 640 4145 lobiis
665 4088 883 4156 dolosis,
911 4103 959 4146 et
994 4093 1151 4147 corde
1180 4093 1519 4163 [rattdulento
1542 4100 1608 4150 ⁸².
1639 4099 1864 4168 Propter

287 4194 421 4251 quae
469 4190 647 4237 autem
698 4182 861 4238 verba
911 4193 966 4239 et
1013 4198 1134 4255 quae
1190 4196 1509 4256 secpmntur,
1551 4189 1705 4245 nobis
1741 4190 1872 4246 llere

282 4286 481 4342 operm
508 4274 738 4343 pretium
761 4284 868 4338 est,
896 4276 1150 4345 quoniam
1176 4278 1311 4331 tlisit.
1339 4292 1355 4331 ι
1387 4278 1638 4334 Dominus
1663 4281 1869 4347 disper-

278 4364 385 4419 det
411 4364 588 4419 omnis
624 4363 767 4418 labin
796 4365 1012 4432 dolosa,
1046 4376 1094 4421 et
1125 4367 1333 4438 linquas
1366 4368 1532 4424 elatas
1569 4372 1635 4425 ⁸¹.
1670 4370 1870 4428 Sciatis

275 4466 507 4522 nutem,
544 4457 690 4513 lilioli
738 4457 869 4524 mei,
916 4458 1015 4515 ltus
1068 4475 1190 4515 esse
1235 4461 1326 4531 qui
1380 4472 1697 4531 reputantur
1745 4479 1867 4521 cum

268 4550 539 4623 quinquo
576 4547 881 4617 virginibus
919 4550 1140 4617 stultis,
1189 4553 1443 4620 quoniam
1489 4562 1869 4625 transegerunt

264 4656 456 4703 osntte
479 4650 691 4710 tempus
713 4656 877 4696 suum
897 4658 1020 4698 cum
1042 4643 1290 4708 stultitia,
1310 4654 1364 4700 et
1383 4659 1487 4699 non
1511 4646 1870 4702 cohibuerunt

266 4738 511 4805 linguas
536 4747 684 4799 suas,
713 4741 891 4804 neque
921 4737 1251 4791 mundarunt
1277 4737 1466 4793 oculos
1507 4753 1636 4791 suos
1664 4746 1718 4792 et
1748 4753 1871 4794 cor-

272 4840 427 4899 pora
476 4838 573 4879 sua
617 4840 646 4879 a
699 4827 1194 4895 concupiscentiis,
1250 4844 1424 4898 neque
1464 4830 1628 4884 corda
1669 4844 1764 4884 sua
1802 4830 1872 4885 ab

276 4916 658 4979 {mntunditiis
699 4918 930 4990 aliisque
972 4919 1099 4974 fletu
1177 4922 1373 4992 dignis,
1422 4938 1543 4977 cum
1597 4923 1870 4977 iminunda

270 5012 443 5075 nint:
470 5012 819 5082 contentique
844 5022 1000 5068 erant
1029 5014 1227 5070 vestitu
1259 5016 1415 5070 laneo
1454 5015 1750 5079 duntaxat,
1780 5014 1871 5084 «gui

268 5110 375 5163 eu
430 5101 644 5158 tiabitus
693 5105 1022 5175 virginitatis
1065 5107 1435 5162 tantummodo
1483 5124 1496 5160 τ
1545 5114 1877 5175 quapropter

264 5192 505 5255 celesti
541 5193 800 5249 carebant
845 5195 1203 5252 delectatione
1255 5199 1321 5252 ad
1376 5195 1637 5266 lugendos
1675 5204 1876 5250 semet-

264 5290 443 5361 ipsos
465 5298 523 5342 et
548 5302 676 5343 suas
700 5287 1076 5344 accendendas
1100 5288 1416 5360 lampadcs3
1449 5272 1745 5358 propterea·
1764 5303 1869 5343 non

260 5378 512 5452 aperuit
542 5378 647 5435 illis
690 5377 958 5449 Sponsus,
993 5380 1087 5436 sed
1117 5382 1192 5435 ait
1232 5381 1340 5436 illis
1382 5380 1541 5436 sicuti
1583 5381 1661 5436 ait
1693 5379 1873 5436 stultis

236 5464 603 5537 ’virginibus
635 5483 649 5521 :
694 5466 857 5522 Amen
887 5465 1007 5522 dico
1046 5470 1214 5536 cobis,
1255 5486 1357 5523 mm
1391 5486 1644 5541 coquosco
1682 5486 1771 5526 vos
1800 5470 1871 5524 ⁹⁸.

360 5663 416 5696 ⁸⁸
454 5662 595 5720 Psttl.
632 5680 760 5728 xxv,
797 5665 845 5723 ¹.

955 5667 1024 5701 ⁸¹¹⁶
1061 5666 1173 5724 hc.
1218 5685 1298 5730 ιιι,
1343 5668 1427 5735 Η,
1477 5669 1557 5723 Ιῗὶ.

268 5735 335 5773 ⁸⁸
382 5733 579 5791 naith.
624 5752 747 5801 aar,
794 5736 878 5790 ¹2.

990 5738 1033 5769 ⁰⁸
1087 5741 1211 5796 ibid.
1253 5738 1343 5796 Η.

1902 4502 1946 4556 Ι)

1619 5671 1664 5703 ⁸⁹
1706 5668 1898 5725 tloan.
1943 5685 2025 5731 ιιι,

1455 5740 1500 5772 ⁹⁸
1559 5741 1741 5798 llattb.
1805 5756 1919 5822 yut,
1989 5740 2072 5795 ts.
2109 5740 2195 5837 Μ’·
2256 5737 2299 5797 ll
2356 5738 2483 5797 Cor.
2527 5754 2604 5808 st,
2643 5736 2698 5793 9..

1969 3267 2262 3335 fratribus,
2305 3268 2613 3339 opprobriis
2647 3280 2701 3327 et
2744 3268 2989 3338 iniuriis,
3022 3280 3076 3328 et
3116 3276 3542 3334 consumemini

1969 3372 2000 3412 a
2034 3359 2385 3414 consortibus
2411 3358 2628 3415 vestris.
2653 3358 2785 3414 Cum
2814 3370 2993 3415 autem
3021 3363 3136 3418 ltaec
3167 3365 3319 3421 vobis
3346 3381 3545 3424 evene·

1970 3450 2102 3519 rint,
2144 3451 2454 3518 persistite,
2501 3459 2555 3504 et
2597 3452 2762 3505 nolite
2814 3451 3019 3516 timere,
3059 3467 3233 3522 neque
3274 3470 3538 3526 moerere3

1969 3558 2157 3598 verum
2192 3543 2397 3616 gratias
2427 3543 2570 3612 agite
2596 3543 2823 3597 Domino
2849 3557 2946 3611 pro
2976 3542 3228 3600 omnibus
3268 3544 3376 3611 bis,
3410 3564 3541 3617 quo-

1969 3635 2120 3689 niam
2152 3636 2271 3690 sine
2306 3632 2398 3688 illo
2426 3634 2559 3688 nibil
2601 3634 2794 3690 horum
2827 3633 2979 3691 vobis
3011 3635 3228 3703 accidit,
3258 3637 3384 3707 quia
3419 3654 3542 3696 eer-

1973 3731 2172 3783 tamina
2222 3743 2444 3784 necesse
2501 3738 2582 3784 est
2634 3730 2850 3784 evenire
2895 3730 3068 3786 servis
3122 3731 3367 3800 Domini;
3416 3751 3539 3792 nam

1972 3821 2286 3891 quicunque
2321 3835 2428 3875 non
2463 3821 2726 3889 probatur
2757 3836 2785 3875 a
2825 3822 3068 3878 bonitate
3100 3823 3191 3879 Dei
3227 3828 3543 3885 tentationi-

1969 3915 2101 3983 bus,
2124 3925 2178 3970 et
2218 3914 2514 3980 laboribus,
2546 3924 2600 3970 et
2640 3916 2994 3982 moerorilms,
3024 3925 3079 3971 et
3119 3916 3539 3989 calamitatibus,

1972 4007 2149 4064 donec
2178 4007 2387 4063 ediscat
2416 4007 2679 4062 rationem
2709 4007 2986 4062 obtinendi
3020 4010 3370 4079 patientiaeet
3393 4015 3541 4082 boni,

1971 4108 2122 4156 certe
2158 4114 2266 4155 non
2296 4099 2527 4169 accipiet
2556 4098 2624 4153 ab
2655 4096 2745 4153 illo
2770 4097 3048 4154 bonorem.

2045 4190 2197 4247 Nunc
2228 4191 2443 4260 itaque,
2473 4189 2811 4245 dilectissimi
2846 4189 2987 4255 mei,
3025 4191 3287 4246 sustinete
3327 4191 3543 4249 labores

1972 4292 2027 4340 et
2061 4298 2324 4339 moerores
2353 4283 2444 4352 qui
2482 4282 2636 4337 vobis
2667 4281 2952 4347 eveniunt;
2984 4291 3038 4337 et
3073 4282 3276 4351 gratias
3314 4283 3546 4340 Domino

1972 4374 2115 4445 agite
2152 4389 2344 4443 magna
2387 4372 2712 4435 humilitate,
2753 4381 2812 4426 ut
2850 4371 3079 4428 videatis
3108 4372 3349 4429 laetitiam
3389 4374 3541 4429 labo·

1973 4482 2093 4521 rum
2126 4478 2461 4530 vestrorum,
2489 4466 2628 4520 sicut
2674 4464 2832 4520 beata
2875 4464 3127 4520 Susanna
3166 4464 3463 4523 fortissima
3490 4467 3543 4523 iu

1978 4558 2137 4624 bello,
2175 4574 2294 4629 qum
2332 4556 2610 4627 praevaluit
2651 4558 2912 4613 adversus
2955 4559 3448 4628 concupiscentiam
3481 4558 3549 4613 il-

1978 4650 2151 4706 lorum
2179 4650 2406 4704 duorum
2436 4664 2624 4703 senum
2657 4646 3059 4702 adversantium
3086 4646 3212 4717 legi,
3242 4648 3332 4716 qui
3364 4648 3546 4703 testati

1978 4753 2106 4799 sunt
2143 4752 2334 4797 contra
2375 4754 2492 4794 cam
2548 4738 2775 4803 salsum,
2816 4739 3225 4808 intuleruntque
3255 4739 3306 4793 el
3349 4739 3547 4795 multos

1979 4835 2226 4899 labores;
2261 4843 2316 4888 et
2343 4843 2563 4902 propter
2596 4832 2713 4900 ejus
2756 4828 3068 4899 patientiam
3099 4839 3154 4884 et
3182 4832 3544 4886 constantiam

1980 4926 2243 4982 exaltavit
2266 4924 2410 4979 illam
2443 4924 2586 4979 Deus
2611 4922 2796 4976 in-line
2819 4922 2902 4976 sni
2928 4921 3265 4985 certaminis,
3290 4930 3346 4977 et
3369 4922 3549 4979 bumi-

1981 5018 2132 5072 [ιω-ιι
2179 5017 2367 5071 hostes
2416 5015 2581 5069 illius.
2626 5012 2693 5068 Et
2724 5013 2865 5068 sicut
2908 5011 3104 5067 Tltecla
3149 5012 3346 5083 spiritu
3382 5014 3547 5068 etiam

1979 5104 2301 5172 fortissima,
2327 5118 2446 5173 qua·
2475 5102 2695 5157 minime
2723 5109 3009 5170 parentum
3035 5100 3214 5155 illatas
3235 5101 3336 5155 sibi
3368 5100 3549 5157 timuit

1979 5195 2233 5266 injurias,
2265 5208 2439 5265 neque
2464 5194 2638 5263 ignem
2673 5191 2861 5256 etiam,
2889 5203 3063 5259 neque
3089 5190 3427 5254 carnitleem,
3456 5206 3552 5247 ne·

1977 5302 2085 5359 que
2132 5287 2343 5341 seroces
2392 5285 2558 5339 seras.
2611 5281 2848 5337 Tandem
2894 5296 3024 5338 vero
3061 5280 3325 5351 elargitus
3367 5291 3453 5337 est
3498 5284 3552 5339 ei

1979 5376 2120 5431 Deus
2153 5374 2392 5429 loetitiam
2422 5372 2626 5435 cordis,
2655 5380 2710 5426 et
2736 5386 2957 5427 suorum
2998 5372 3220 5442 praeruia
3264 5370 3549 5435 laborum;

1976 5468 2235 5524 fortitudo
2266 5466 2412 5522 enim
2444 5464 2560 5534 cjus
2599 5463 2723 5520 lidci
2755 5465 2808 5520 in
2845 5466 3037 5529 Deum,
3067 5463 3332 5521 exstinxit
3371 5463 3551 5535 ignem

2685 5664 2889 5719 ’'Psztl.
2929 5680 3003 5727 xt,
3044 5663 3177 5723 23.
3254 5661 3302 5693 ’⁸
3340 5656 3474 5716 ibid.
3493 5663 3547 5719 4.

2068 5670 2121 5723 8·
2180 5669 2226 5701 ss
2250 5665 2641 5733 Psal.xctv,ss·
2774 5737 2819 5778 ’7
2884 5733 2925 5790 p
2993 5735 3009 5790 Ι
3075 5747 3179 5788 cvtl
3245 5729 3282 5785 2

2930 5752 3030 5792 aa.
3188 5774 3203 5800 ο
3286 5766 3305 5787 ’
