3725 6125
317 291 423 349 32³

1523 257 1540 273 ’
1593 285 1650 342 S.
1691 280 1966 342 tsmnu
2007 285 2309 343 suasam

3469 299 3573 356 521

316 425 504 466 eorum
551 407 694 479 apud
745 408 912 463 Deum
953 401 1254 475 patrocinio
1287 385 1536 458 fruimur,
1573 403 1708 469 Quia
1743 411 1890 459 euim
1918 410 1969 468 Α
2010 404 2229 478 Ἐπειδὴ
2256 406 2364 478 γὰρ
2408 406 2509 461 οὐκ
2540 407 2702 480 ἀρκεῖ
2744 407 2779 480 η
2814 408 3062 481 ἡμετέρα
3087 407 3224 481 εὐχὴ
3249 408 3578 481 δυσωπῆσαι

320 516 431 555 ιιοιι
458 498 639 556 valent
671 505 867 553 nostrae
897 507 1087 562 preces
1129 491 1297 547 Deum
1344 492 1618 548 innectere
1639 534 1656 560 ,
1690 508 1757 549 ac
1790 494 1894 548 im-

320 605 537 662 petrare
578 587 916 645 necessitatis
953 592 1227 655 tempore,
1268 598 1332 640 ac
1388 585 1616 640 molesta
1666 584 1894 639 calami-

321 695 428 740 tate
454 702 469 737 ι
502 681 699 751 quippe
720 693 844 733 cum
872 687 1055 731 nostra
1084 676 1260 732 oratio
1290 691 1397 732 non
1449 678 1753 732 obsecratio
1800 678 1890 742 sit,

319 777 410 831 sed
435 773 746 828 delictorum
772 770 1218 823 commemoratio
1236 806 1252 833 ,
1280 768 1484 823 idcirco
1509 768 1575 823 ad
1603 782 1897 824 conservos

317 862 655 934 confugimus
711 859 939 916 Domino
997 860 1386 928 charissimos,
1435 869 1493 913 nt
1545 873 1642 930 pro
1695 859 1897 930 quibus

316 954 529 1025 egregie
569 967 634 1008 ac
677 967 744 1008 ex
793 953 995 1008 virtute
1023 961 1281 1024 egerunt,
1326 952 1529 1007 nostris
1575 951 1651 1005 illi
1685 951 1896 1007 delictis

316 1043 654 1099 medeantur.
703 1042 984 1110 Quodnam
1025 1057 1155 1112 ergo
1201 1043 1343 1098 istud
1384 1042 1609 1106 crimen,
1646 1051 1705 1095 ut
1747 1055 1896 1096 mar-

317 1136 521 1206 tyribus
544 1134 808 1189 honorem
840 1134 1122 1198 babentes,
1157 1133 1256 1203 ipsi
1285 1147 1502 1203 quoque
1532 1130 1750 1204 placere
1781 1131 1896 1186 Deo

313 1226 667 1281 studeamus?
691 1226 836 1295 quod
857 1263 874 1289 ,
923 1227 1164 1295 inquam,
1197 1225 1426 1287 crimen.
1460 1232 1518 1279 nt
1546 1224 1614 1279 ad
1637 1233 1898 1295 patronos

315 1316 733 1388 confugiamus?
764 1316 868 1371 Sed
887 1326 946 1371 et
977 1326 1066 1371 tua
1089 1316 1343 1387 deinceps
1364 1316 1735 1388 exquiramus,
1765 1331 1896 1371 num

314 1410 407 1479 qui
433 1424 676 1473 accusas,
713 1409 827 1477 ipse
852 1407 929 1463 sis
966 1409 1036 1463 ab
1060 1408 1206 1463 omni
1238 1408 1469 1463 mundus
1495 1408 1745 1463 crimine.
1776 1406 1893 1475 Qua

317 1501 370 1557 id
399 1515 526 1557 vero
553 1502 797 1565 ratione,
829 1516 951 1556 cum
987 1509 1276 1556 sexcentos
1312 1511 1556 1555 mortuos
1604 1500 1852 1557 homines
1875 1540 1893 1563 ,

315 1608 423 1649 non
449 1594 653 1647 bonore
680 1589 1052 1662 prosequaris,
1084 1591 1177 1646 sed
1209 1597 1260 1643 ut
1295 1591 1425 1645 deos
1451 1591 1684 1665 adores?

391 1681 585 1738 Nonne
638 1689 696 1737 tu
751 1680 1005 1737 Cererem
1055 1694 1121 1735 ae
1174 1678 1558 1750 Proserpinam
1582 1721 1598 1747 ,
1653 1696 1751 1753 pro
1805 1691 1895 1739 tua

320 1776 582 1839 amentia,
619 1774 848 1829 deorum
883 1774 1090 1829 honore
1114 1772 1335 1838 auxisti,
1367 1773 1580 1843 duoque
1614 1773 1896 1831 muliebria
1926 1753 1970 1809 B

317 1864 515 1936 templa
568 1864 914 1927 exstruxisti,
966 1877 1032 1918 ac
1083 1864 1319 1921 honoras
1363 1863 1599 1920 victimis
1646 1866 1896 1930 feminas,

315 1956 576 2024 varioque
622 1952 770 2009 omni
825 1954 1001 2009 cultus
1047 1967 1251 2023 genere
1298 1950 1543 2011 adoras?
1578 1952 1768 2010 Nonne
1794 1964 1898 2011 tuae

315 2044 593 2114 religionis
619 2044 766 2099 velut
795 2053 956 2116 caput
983 2058 1046 2099 ac
1079 2059 1313 2109 summa,
1346 2045 1603 2115 mysteria
1648 2056 1779 2102 sunt
1804 2047 1896 2103 illa

315 2135 610 2201 Eleusinia,
663 2151 726 2191 ac
759 2133 988 2206 populus
1028 2134 1241 2201 Atticae,
1287 2134 1578 2207 Hellasque
1618 2138 1891 2206 universa,

315 2226 654 2283 celebrandae
682 2240 846 2280 cansa
876 2225 1131 2280 vanitatis
1161 2224 1365 2295 pariter
1394 2227 1712 2284 concurrit?
1743 2229 1893 2288 Non·

313 2333 382 2374 ne
414 2319 523 2373 illic
548 2318 814 2374 obscurus
841 2316 929 2372 ille
960 2316 1275 2383 descensus,
1312 2332 1378 2372 ac
1404 2318 1630 2374 honesta
1673 2319 1760 2375 illa
1806 2317 1920 2378 sa-⁴

312 2412 549 2467 cerdotis
594 2426 659 2466 ac
686 2410 848 2474 vatis,
896 2424 1018 2464 cum
1067 2408 1268 2465 semina
1295 2409 1575 2467 sacerdote
1601 2399 1923 2484 colloquias

212 2568 229 2585 ο
309 2502 477 2559 solius
516 2517 640 2557 cum
662 2500 774 2556 sola
798 2501 823 2556 i
849 2498 1038 2556 Nonne
1066 2501 1492 2573 exstinguuntur
1520 2501 1689 2569 faces,
1722 2506 1893 2576 pluri-

313 2610 543 2663 musque
593 2609 658 2649 ac
708 2592 1122 2649 innumerabilis
1175 2592 1427 2663 populus,
1461 2610 1616 2651 suam
1652 2597 1891 2666 ipsorum

312 2688 548 2741 salntem
580 2683 940 2750 arbitrantur,
971 2699 1090 2753 qnae
1133 2684 1214 2739 sic
1249 2683 1306 2739 in
1350 2685 1589 2741 tenebris
1614 2687 1682 2741 ab
1709 2688 1895 2744 ambo-

314 2778 414 2831 bus
442 2772 616 2828 liunt?
650 2772 839 2829 Nonne
871 2784 924 2828 tu
955 2772 1273 2845 Dionysium
1297 2772 1612 2832 Thebanum
1639 2788 1698 2833 ut
1731 2779 1891 2835 deum

313 2865 507 2923 adoras
549 2866 768 2937 (etenim
804 2866 1035 2937 patriam
1066 2867 1209 2929 dico,
1269 2880 1377 2936 quo
1410 2868 1680 2924 bominem
1723 2886 1892 2926 nove-

312 2956 390 3011 ris
420 3001 432 3013 .
465 2967 659 3028 nempe
705 2959 992 3012 vinitorem
1043 2959 1257 3023 virum,
1322 2974 1386 3013 ac
1443 2959 1567 3015 vino
1615 2962 1890 3030 deditum,

313 3047 582 3102 ebt-insum
653 3056 1078 3102 comessatorem
1112 3086 1129 3112 ,
1191 3047 1281 3116 qui
1338 3050 1590 3121 populum
1664 3054 1894 3122 turpiter

323 3139 692 3191 lascivientem
744 3136 959 3204 agmine
1003 3138 1264 3202 traheret,
1318 3154 1380 3194 ea
1434 3141 1719 3199 facientem
1771 3158 1893 3214 quae

320 3226 630 3282 luxuriosos
655 3241 929 3300 ganeones
946 3236 1156 3293 uotent,
1182 3231 1373 3299 poeula
1408 3247 1535 3305 vero
1569 3236 1890 3290 miscentem

324 3336 447 3374 cnm
494 3318 680 3376 Sileno
725 3334 877 3387 senc,
909 3335 974 3376 ac
997 3323 1121 3378 cnm
1155 3318 1370 3396 Satyris
1406 3306 1461 3379 in
1494 3324 1733 3398 tripudia
1757 3309 1898 3383 effu&
1941 3348 1948 3353 ·

312 3407 431 3481 sis),
461 3409 635 3478 epulis
679 3425 744 3466 ac
787 3425 939 3466 mero
987 3411 1348 3481 indulgentem
1378 3436 1389 3469 :
1419 3414 1592 3471 virum
1635 3418 1889 3490 denique,

286 3501 420 3559 ,vini
451 3517 516 3557 ac
543 3502 775 3572 crapulae
817 3503 1014 3558 mundo
1056 3503 1327 3558 tabulam?
1360 3503 1544 3562 Nonne
1574 3517 1627 3561 tu
1659 3506 1876 3565 Herculi

310 3594 589 3648 exsistenti
636 3595 771 3660 viro,
816 3605 1069 3665 tanquam
1131 3595 1266 3650 deus
1301 3606 1467 3666 esset,
1513 3599 1762 3656 victimas
1804 3602 1890 3656 ol'-

312 3685 446 3753 l'erS,
492 3689 716 3742 robusto
758 3686 984 3753 bomini,
1042 3698 1340 3760 potensque
1387 3705 1452 3745 ac
1500 3689 1640 3746 l'orte
1690 3694 1889 3764 adepto

313 3793 551 3848 corpus;
595 3780 898 3848 adorasque
933 3781 1075 3850 quod
1114 3781 1311 3851 saepius
1340 3790 1559 3837 strenue
1594 3783 1786 3854 egerit,
1820 3801 1885 3840 ac

312 3868 548 3926 ferarum
582 3873 848 3926 edomitor
879 3870 1072 3925 fuerit?
1101 3870 1242 3939 Quid
1279 3889 1408 3928 vero
1459 3890 1646 3932 rursus
1683 3874 1885 3932 AEscu-

309 3958 511 4028 lapium
563 3960 735 4024 illum,
788 3975 1036 4028 magnam
1093 3963 1242 4016 orbis
1287 3966 1580 4032 partemin
1616 3965 1783 4021 serula
1816 3983 1880 4024 ac

317 4051 493 4105 ferrea
527 4049 710 4120 pixide
752 4059 1023 4118 vagatum,
1081 4065 1260 4106 namne
1304 4052 1438 4107 colis
1468 4051 1531 4107 ac'
1559 4057 1886 4113 admiraris?

314 4141 427 4200 Nec
452 4159 603 4209 sane,
641 4144 743 4213 boc
770 4153 821 4198 te
855 4143 1052 4209 lacere,
1089 4144 1304 4201 inficias
1336 4147 1485 4203 ieris.
1519 4147 1727 4220 Quippe
1750 4153 1883 4215 orbe

1995 495 2125 550 Θεὸν
2159 498 2219 552 ὲν
2250 495 2427 569 καιρῷ
2454 498 2700 569 ἀνάγκης
2725 500 2821 553 καὶ
2849 500 3140 573 συμφορᾶς
3193 502 3264 573 (ἡ
3311 498 3427 574 γάρ
3454 501 3580 574 δέη-

1998 606 2083 652 σις
2102 589 2260 661 ἡμῶν
2328 592 2388 644 οὐ
2425 591 2771 665 παράκλησίς
2810 593 2979 657 ἐστιν,
3000 592 3137 648 ἀλλά
3164 593 3579 668 ἁμαρτημάτων

1997 679 2335 751 ὑπόμνησις)
2362 721 2376 746 ,
2414 681 2502 735 διὰ
2535 681 2694 736 τοῦτο
2719 685 2831 747 τοῖς
2862 683 3253 755 ἀγαπωμένοις
3287 685 3444 759 παρὰ
3482 687 3577 743 τοῦ

1996 770 2266 823 Δεσπότου
2289 770 2598 841 ὁμοδούλοις
2618 774 3056 845 προσφεύγομεν,
3076 774 3163 827 ἵνα
3178 776 3381 829 ἐκεῖνοι
3393 777 3452 830 ἐν
3470 780 3581 843 τοῖς

1999 860 2149 924 ίδίοις
2196 861 2586 935 κατορθώμασι
2611 864 2682 918 τά
2708 864 2953 937 ἡμέτερα
2981 864 3368 937 θεραπεύσωσι
3401 867 3585 940 πλημ-

2000 950 2135 1024 μελή
2145 969 2306 1023 ματα.
2325 955 2483 1008 Ποῖον
2504 950 2598 1009 οὗν
2620 955 2893 1027 ἔγκλημα,
2908 956 2991 1009 ὅτι
3008 957 3278 1028 τιμῶντες
3298 958 3583 1033 μάρτυρας

1996 1040 2091 1095 καὶ
2117 1044 2272 1105 αὐτοὶ
2296 1045 2667 1117 σπουδάζομεν
2692 1046 2951 1118 ἀρέσκειν
2974 1046 3094 1118 Θεῷ
3116 1065 3132 1114 ;
3154 1047 3238 1112 τίς
3267 1045 3579 1124 κατηγορία

1994 1133 2330 1204 προστάταις
2360 1136 2755 1208 προσφεύγειν;
2792 1138 3165 1210 Ἐξετάσωμεν
3191 1139 3384 1193 λοιπὸν
3402 1142 3497 1196 καὶ
3510 1143 3577 1199 τά

1999 1222 2090 1289 σά,
2123 1227 2173 1279 εί
2201 1225 2295 1281 τοῦ
2320 1227 2669 1301 ἐγκλήματος
2702 1231 2732 1283 ὀ
2755 1231 3063 1303 κατήγορος
3089 1230 3442 1303 καθαρεύεις.
3462 1234 3569 1289 Καὶ

1998 1315 2135 1381 πῶς,
2167 1316 2227 1382 ὃς
2248 1335 2311 1389 γε
2347 1320 2575 1392 μυρίους
2597 1320 2709 1375 τῶν
2730 1320 3038 1377 τεθνεώτων
3064 1321 3372 1393 ἀνθρώπων
3401 1324 3462 1380 οὐ
3480 1342 3561 1379 τι·

1998 1406 2127 1480 μᾷς,
2157 1406 2273 1461 ἀλλ’
2296 1409 2372 1474 ὡς
2396 1407 2551 1475 θεοὺς
2580 1414 2933 1483 προσκυνείς;

2067 1678 2142 1731 Οὐ
2177 1676 2241 1731 σὺ
2274 1676 2568 1749 Δήμητραν
2607 1675 2702 1729 καὶ
2732 1674 2919 1748 Κόρην
2950 1675 3055 1730 ὑπὸ
3082 1676 3183 1749 τῆς
3221 1675 3415 1741 ἀνοίας
3447 1693 3575 1733 σαν·

1995 1769 2092 1824 τοῦ
2134 1768 2403 1833 ὲθέωσας·
2450 1768 2651 1839 ὲδείμω
2697 1768 2755 1822 δὲ
2807 1768 2902 1822 δύο
2947 1768 3201 1837 γυναίους
3247 1769 3434 1835 ναοὺς,
3484 1768 3577 1823 καὶ

1996 1858 2208 1924 θυσίαις
2262 1858 2464 1923 ταύτας
2514 1859 2713 1930 τιμᾷς,
2770 1858 2863 1912 καὶ
2914 1856 3196 1922 παντοίαις
3251 1857 3579 1929 προσκυνεῖς

1996 1948 2357 2020 θεραπείαις;
2394 1948 2469 2002 Οὐ
2510 1946 2805 2017 κεφάλαιον
2841 1947 2940 2019 τῆς
2971 1945 3073 2017 σῆς
3100 1945 3402 2019 θρησκείας
3426 1944 3495 1999 τά
3523 1947 3579 1999 ἐν

2008 2038 2269 2093 Ἐλευσῖνι
2296 2039 2590 2110 μυστήρια,
2614 2034 2896 2107 καὶδῆμος
2922 2033 3187 2101 Ἀττικὸς,
3205 2034 3357 2105 καὶὴ
3386 2032 3581 2097 Ἐλλάς

1995 2132 2146 2185 πᾶσα
2178 2130 2448 2203 συναίρει,
2483 2129 2571 2184 ἵνα
2601 2127 2799 2201 τελέσῃ
2828 2126 3199 2198 ματαιότητα;
3231 2125 3350 2180 Οὐκ
3380 2126 3500 2179 ἐκεῖ
3520 2124 3580 2178 τὸ

1995 2222 2324 2279 καταὸάσιον
2355 2221 2417 2275 τὸ
2453 2220 2743 2283 σκοτεινὸν,
2775 2219 2870 2273 καὶ
2893 2218 2949 2271 αί
2982 2217 3177 2288 σεμναὶ
3204 2216 3304 2271 τοῦ
3330 2216 3578 2290 ίεροφάν-

1991 2332 2087 2369 του
2122 2312 2261 2387 πρὸς
2282 2312 2382 2385 τὴν
2414 2312 2618 2384 ἱέρειαν
2664 2310 2965 2381 συντυχίαι,
3003 2309 3169 2382 μόνον
3199 2307 3341 2382 πρὸς
3376 2310 3575 2380 μόνην;

1993 2407 2104 2477 Οὐχ
2138 2406 2194 2459 αἱ
2237 2404 2519 2477 λαμπάδες
2553 2403 2895 2470 σὸέννυνται,
2928 2402 3022 2457 καὶ
3054 2404 3083 2456 ὁ
3111 2400 3282 2466 πολὺς
3313 2403 3412 2456 καὶ
3483 2404 3577 2456 ἀν·-

1992 2496 2291 2571 αρίθμητος
2305 2496 2474 2569 δῆμος
2518 2496 2619 2568 τὴν
2638 2495 2907 2566 σωτηρίαν
2934 2492 3114 2547 αὐτῶν
3141 2489 3281 2548 εἶναι
3302 2492 3579 2566 νομίζουσι

1993 2589 2062 2643 τά
2086 2592 2144 2643 ὲν
2170 2587 2248 2661 τῷ
2278 2589 2454 2659 σκότῳ
2490 2586 2640 2660 παρὰ
2680 2586 2786 2641 τῶν
2812 2585 2905 2639 δύο
2928 2584 3317 2658 πραττόμενα;
3346 2586 3421 2640 Οὐ
3457 2585 3520 2639 σὺ
3549 2586 3579 2639 ὁ

1990 2682 2083 2735 τὸν
2134 2679 2369 2753 Θηὸαἶον
2414 2678 2668 2733 Διόνυσον
2728 2678 2804 2742 ὡς
2853 2677 2973 2731 θεὸν
3026 2676 3354 2747 προσκυνῶν
3406 2676 3579 2750 (λέγω

1992 2774 2100 2845 γάρ
2129 2770 2227 2845 τὴν
2254 2772 2506 2845 πατρίδα,
2526 2771 2613 2826 ἴνα
2632 2770 2904 2843 γνωρίσῃς
2931 2769 3023 2824 τὸν
3055 2768 3390 2844 ἄνθρωπον),
3412 2769 3580 2842 ἀνδρα

1992 2866 2236 2938 γεωργὸν
2281 2864 2540 2936 ἀμπέλων
2585 2864 2681 2918 καὶ
2726 2863 2961 2931 φίλοινον
2981 2903 2996 2927 ,
3032 2862 3337 2934 κωμαστὴν
3383 2863 3578 2935 πάροι-

1994 2971 2105 3018 νον,
2164 2953 2332 3025 δῆμον
2381 2951 2775 3024 ὲπισυρόμενον
2823 2949 3240 3023 ἀσχημονοῦντα
3283 2954 3353 3024 τῇ
3407 2952 3578 3025 μέθῃ,

1998 3048 2181 3101 ἐκεῖνα
2219 3044 2496 3109 ποιοῦντα,
2542 3042 2579 3099 ἀ
2620 3045 2746 3110 τοὺς
2785 3042 3031 3108 ἀσώτους
3077 3042 3385 3118 στηλιτεῦει
3446 3045 3580 3099 ἀκο-

2000 3137 2404 3200 λασταίνοντας,
2459 3133 2726 3206 μεθύοντα
2763 3135 2821 3188 δὲ
2878 3135 3015 3208 μετὰ
3042 3133 3140 3190 τοῦ
3181 3134 3434 3210 γέροντος
3477 3136 3573 3189 τοῦ

2002 3227 2247 3299 Σιληνοῦ,
2287 3229 2380 3281 καὶ
2417 3228 2529 3290 τοῖς
2570 3227 3015 3299 φιλοσκιρτηταῖς
3051 3224 3308 3297 Σατύροις
3332 3225 3566 3278 συνδιαι-

1998 3320 2262 3393 τώμενον,
2296 3321 2390 3395 καὶ
2430 3319 2669 3395 ἱστορίαν
2705 3318 2877 3391 μέθης
2906 3319 3040 3373 ὄντα
3066 3316 3138 3391 τῷ
3157 3314 3285 3389 βίῳς
3317 3315 3393 3368 Οὐ
3422 3316 3488 3369 σὺ
3525 3318 3555 3369 6

1998 3412 2077 3484 τῷ
2110 3411 2263 3485 ἀνδρὶ
2304 3406 2586 3484 Ἠρακλεῖ,
2615 3410 2696 3477 ὡς
2739 3410 2875 3482 θεῷ,
2905 3411 3006 3481 τὰς
3037 3406 3214 3474 θυσίας
3240 3407 3552 3480 προσάγων,

2000 3501 2270 3577 ἀνθρώπῳ
2304 3501 2621 3575 ρωμαλαίῳ,
2660 3501 2821 3572 σῶμα
2844 3488 3430 3574 2³2&bess
3459 3501 3564 3556 &v-

1997 3596 2193 3668 δρείον,
2218 3595 2309 3650 καὶ
2333 3593 2510 3659 σέὸεις
2533 3595 2762 3663 ἐκεῖνον,
2790 3595 2975 3667 ἐπειδὴ
3004 3596 3065 3649 ὲν
3085 3592 3295 3660 πολλοῖς
3317 3577 3577 3668 ὴρίστευ-

1999 3703 2109 3750 σεν,
2133 3686 2224 3740 καὶ
2245 3685 2447 3759 θηρίων
2467 3687 2837 3759 περιεγένετος
2863 3687 2927 3741 Τί
2951 3687 3007 3742 δὲ
3031 3687 3199 3743 πάλιν
3221 3687 3309 3742 τὸν
3345 3685 3579 3758 Ἀσκλη-

1998 3781 2118 3834 πιὸν
2156 3782 2249 3834 τὸν
2283 3782 2341 3834 ὲν
2371 3779 2449 3851 τῷ
2496 3779 2726 3850 νάρθηκι
2768 3779 2942 3834 πολλὰ
2981 3780 3078 3835 καὶ
3120 3782 3190 3852 τῇ
3246 3779 3581 3853 σιδηροθήκῃ

1996 3871 2477 3941 περινοστήσαντα,
2516 3867 2575 3921 οὐ
2608 3867 2785 3929 σέὸεις
2809 3867 2903 3921 καὶ
2931 3864 3211 3938 τέθηπας;
3241 3867 3358 3921 Καὶ
3385 3866 3488 3920 οὐκ
3514 3864 3579 3919 ἂν

1995 3960 2306 4034 ἁρνηθείης,
2332 3961 2408 4025 ὡς
2438 3962 2498 4014 οὐ
2528 3960 2686 4014 τοῦτο
2710 3961 2904 4024 ποιεῖς.
2933 3960 2997 4014 ot
3027 3956 3138 4032 γάρ
3167 3959 3454 4030 πανταχοῦ
3482 3959 3577 4029 ἧς

1993 4055 2315 4127 οἰκουμένης
2339 4054 2479 4119 ναοὶ,
2511 4052 2580 4107 τά
2605 4053 2957 4124 Ἀσκληπιεῖα
2985 4050 3149 4120 λέγω,
3182 4050 3281 4105 καὶ
3309 4051 3383 4105 τά
3414 4049 3576 4121 Ἠρά-

1993 4148 2167 4215 κλεια,
2210 4147 2306 4200 καὶ
2331 4145 2400 4200 τὰ
2434 4145 2686 4200 Διονύσια
2713 4143 2921 4214 ἔλεγχοι
2948 4144 3169 4196 ἑστᾶσιν
3194 4140 3300 4211 τῆς
3334 4141 3437 4212 σῆς
3472 4154 3572 4210 μα-

313 4243 425 4290 ιοιο
455 4233 729 4290 exstantia
760 4233 980 4303 templa,
1036 4231 1366 4308 AEscttlapio,
1396 4238 1639 4309 inquam,
1667 4239 1880 4300 Herculi
1990 4241 2305 4312 ταιότητος·
2341 4239 2434 4294 καὶ
2479 4237 2651 4302 οὕτως
2698 4235 2809 4306 ἐγὼ
2858 4237 2955 4308 μὲν
2983 4233 3158 4297 &otim
3198 4231 3570 4301 ἅπεὶεῦπμῧῑ

316 4329 380 4382 a'c
425 4325 680 4397 Dionysio
726 4339 906 4389 sacra,
941 4334 1045 4381 tuae
1088 4326 1228 4383 illius
1271 4330 1527 4386 vanitatis
1566 4346 1880 4404 argumenta
1948 4386 1955 4392 .
1989 4336 2083 4389 τοῦ
2127 4334 2467 4407 ἐγκλήματος
2493 4334 2576 4404 (οὐ
2616 4332 2726 4405 γάρ
2775 4331 3063 4404 προσκυνῶ
3099 4326 3418 4401 μάρτυρας,
3455 4323 3571 4380 Οὐδὲ

314 4416 607 4482 exsistunt,
663 4418 847 4490 sicque
893 4432 993 4488 ego
1029 4419 1241 4488 quidem
1284 4435 1316 4476 a
1365 4422 1591 4478 crimine
1644 4426 1780 4481 liber
1815 4445 1880 4485 ae
1916 4453 1961 4509 n
1990 4425 2194 4498 νομίζω
2214 4423 2409 4495 θεούς)·
2436 4425 2500 4479 σὺ
2524 4424 2580 4478 δὲ
2613 4423 2861 4493 πέφηνας
2884 4423 3201 4494 ἐνεχόμενος
3228 4420 3345 4484 τοῖς
3373 4416 3570 4487 ἕγκλῆ·

309 4507 589 4563 absolntus
630 4510 791 4567 abibo
839 4511 971 4583 (non
1019 4513 1164 4566 enim
1218 4512 1385 4569 adoro
1434 4523 1730 4586 martyres,
1785 4536 1885 4575 nee

311 4600 443 4655 deos
479 4602 729 4669 reputo);
774 4607 826 4656 te
861 4614 991 4655 vero
1025 4601 1193 4671 liquet
1227 4603 1396 4658 teneri
1429 4604 1769 4672 criminibus,
1796 4608 1882 4663 id-

310 4706 416 4761 que
455 4705 579 4744 cum
623 4704 809 4745 eorum
845 4689 983 4746 alios
1014 4705 1134 4746 reos
1162 4706 1309 4761 agas,
1347 4691 1401 4745 in
1429 4704 1618 4745 eorum
1651 4695 1880 4761 morem,

308 4783 424 4854 qui,
450 4782 590 4837 mala
618 4791 809 4853 agente
831 4783 1181 4849 conscientia,
1208 4783 1416 4854 priores
1439 4783 1538 4853 ipsi
1557 4783 1804 4842 innoxios
1826 4787 1879 4842 in

1994 4535 2181 4589 μασιν,
2227 4517 2319 4572 καὶ
2356 4516 2529 4570 ταῦτα
2562 4514 2880 4588 κατηγορῶν
2910 4515 3142 4587 ἑτέρων·
3175 4510 3374 4582 ὥσπερ
3404 4510 3455 4564 οί
3482 4508 3571 4562 διὰ
3601 4583 3605 4587 η

1990 4610 2159 4664 κακὸν
2203 4608 2442 4674 συνειδὸς
2480 4605 3020 4682 προκατηγοροῦντες
3072 4601 3179 4657 τῶν
3232 4600 3564 4656 ἀνευθύνων.

2000 4699 2344 4773 Ἀνθρώπους
2374 4701 2505 4774 γὰρ,
2548 4701 2607 4754 οὐ
2644 4700 2800 4765 θεοὺς
2846 4693 3168 4770 προσκυνῶν
3205 4691 3563 4758 &Makat-

1989 4790 2173 4845 Ταῦτα
2203 4791 2339 4865 πρὸς
2366 4792 2457 4847 τὸν
2490 4792 2701 4848 ἐθνικδν
2731 4793 2796 4846 ὲκ
2827 4787 3036 4868 πολλῶν
3066 4787 3246 4858 ὀλίγα.

305 4873 511 4930 crimen
551 4878 770 4928 vocant.
813 4869 1021 4942 Quippe
1050 4873 1339 4943 probatum
1384 4878 1488 4937 est,
1540 4872 1788 4930 homines
1859 4885 1911 4933 te
1947 4880 2193 4948 adorare,
2267 4897 2371 4937 non
2411 4883 2559 4939 deos.
2609 4881 2786 4937 Pauca
2835 4882 2948 4936 baec
2991 4895 3024 4934 e
3067 4877 3253 4934 multis
3302 4877 3562 4933 adversus

343 4968 583 5023 entilem.

309 4986 342 5040 Β
377 5059 539 5117 Novae
585 5069 767 5117 autem
820 5058 1070 5117 factionis
1122 5059 1318 5125 ludaei,
1375 5062 1504 5132 quid
1555 5063 1757 5120 mirum
1815 5077 1877 5124 ut

307 5163 574 5226 martyres
616 5155 975 5217 inhonoretis,
1025 5156 1117 5224 qni
1161 5155 1435 5210 Christum
1482 5160 1738 5228 spernitis
1780 5177 1877 5218 ve·-

304 5244 541 5312 strisque
574 5245 815 5314 ipsorum
845 5247 1187 5303 sermonibus
1218 5247 1286 5301 ab
1312 5249 1623 5318 aequalitate
1651 5260 1876 5321 paterna

180 5397 184 5400 ,
303 5336 590 5406 separatis,
645 5339 845 5410 quique
887 5337 1028 5404 loca,
1075 5340 1274 5409 quibus
1319 5341 1686 5410 requieverint
1719 5359 1876 5401 sacra

234 5473 241 5481 .
305 5438 579 5495 corpora,
646 5428 791 5481 velut
845 5427 1068 5498 profana
1133 5443 1198 5482 ac
1266 5428 1540 5484 immunda
1593 5433 1877 5488 caveatis?

308 5516 621 5582 Enimvero,
670 5519 760 5587 qui
805 5532 908 5573 non
955 5519 1204 5589 cogitatis
1242 5520 1396 5590 quod
1430 5534 1608 5590 operm
1639 5521 1873 5592 pretium

305 5618 388 5662 est
448 5608 632 5666 timete
655 5609 945 5666 Christiani
992 5611 1432 5682 appellationem,
1463 5612 1555 5682 qui
1585 5627 1706 5668 cum
1741 5628 1872 5681 gen-

309 5700 491 5757 tilibus
532 5712 795 5775 martyres
835 5702 957 5759 odio
1003 5702 1264 5758 babeatis.
1315 5703 1392 5756 An
1448 5692 1672 5758 nescitis
1715 5704 1873 5762 Cliri·

2055 5070 2119 5124 Οἱ
2144 5067 2203 5125 δὲ
2230 5069 2332 5142 τῆς
2361 5071 2489 5136 νέας
2522 5070 2763 5135 στάσεως
2800 5070 3063 5135 Ἰουδαίοι,
3092 5068 3146 5124 τί
3171 5065 3485 5141 θαυμαστὸν
3508 5064 3561 5118 εί

1987 5159 2270 5234 μάρτυρας
2308 5160 2634 5233 ἀτιμάζετε,
2654 5162 2890 5233 Χριστὸν
2934 5159 3282 5225 ἀθετοῦντες,
3326 5157 3424 5216 καὶ
3462 5157 3570 5230 τῆς

1983 5251 2301 5324 ὁμοιότητος
2321 5256 2421 5326 τῆς
2449 5253 2586 5324 πρὸς
2614 5253 2705 5307 τὸν
2734 5253 2956 5325 Πατέρα
2982 5253 3041 5306 ὲν
3062 5254 3174 5316 τοῖς
3208 5252 3364 5317 ἰδίοις
3383 5248 3569 5321 λόγοις

1984 5341 2328 5414 χωρίζοντες,
2355 5342 2745 5414 φυλαττόμενοι
2796 5342 2853 5396 δὲ
2878 5342 3007 5406 τοὺς
3033 5340 3255 5416 τόπους,
3283 5340 3362 5406 ὡς
3395 5340 3564 5415 §³⁶⁴1-

1983 5432 2126 5497 λους,
2162 5435 2219 5486 ὲν
2241 5425 2323 5497 οἷς
2350 5430 2577 5503 σώματα
2608 5433 2741 5503 ἆγια
2773 5431 3189 5497 ἀναπέπαυταις
3226 5431 3372 5486 Ἀλλ’
3405 5432 3457 5488 οἶ
3490 5431 3568 5506 μὴ

1983 5523 2064 5586 είς
2096 5523 2301 5577 ἔννοιαν
2326 5523 2505 5577 ἔλθετε
2532 5524 2626 5578 τοῦ
2661 5524 2966 5596 γινομένου,
2995 5522 3271 5596 φοὸἡθητε
3300 5525 3572 5598 Χριστια-

1978 5614 2057 5666 νοὶ
2090 5613 2390 5686 λεγόμενοι,
2440 5617 2576 5686 μετὰ
2614 5617 2673 5671 δὲ
2718 5616 2984 5689 Ἑλλήνων
3022 5614 3311 5688 μισοῦντες
3354 5617 3570 5692 μάρτυ-

1978 5722 2099 5779 ρας.
2156 5708 2269 5761 Οὐκ
2323 5708 2456 5775 ἴστε,
2511 5711 2586 5776 ὡς
2639 5713 2982 5784 ἀρχιμάρτυς
3036 5709 3297 5785 Χριστος,
3344 5709 3568 5785 πρῶτος
