<?xml version="1.0" encoding="UTF-8"?>
<!DOCTYPE html PUBLIC "-//W3C//DTD XHTML 1.0 Transitional//EN"
    "http://www.w3.org/TR/xhtml1/DTD/xhtml1-transitional.dtd">
<html xmlns="http://www.w3.org/1999/xhtml" xml:lang="en" lang="en">
 <head>
  <title>
</title>
<meta http-equiv="Content-Type" content="text/html;charset=utf-8" />
  <meta name='ocr-system' content='tesseract 3.04.00' />
  <meta name='ocr-capabilities' content='ocr_page ocr_carea ocr_par ocr_line ocrx_word'/>
</head>
<body>
  <div class='ocr_page' id='page_1' title='image "./patrologicursus103migngoog_0596.png"; bbox 0 0 3725 6125; ppageno 0'>
   <div class='ocr_carea' id='block_1_1' title="bbox 1026 310 1523 368">
    <p class='ocr_par' dir='ltr' id='par_1_1' title="bbox 1026 310 1523 368">
     <span class='ocr_line' id='line_1_1' title="bbox 1026 310 1523 368; baseline -0.002 0"><span class='ocrx_word' id='word_1_1' title='bbox 1026 311 1085 368; x_wconf 75' lang='lat' dir='ltr'><strong>S.</strong></span> <span class='ocrx_word' id='word_1_2' title='bbox 1125 310 1410 367; x_wconf 70' lang='lat' dir='ltr'><strong>ANToNtt</strong></span> <span class='ocrx_word' id='word_1_3' title='bbox 1453 311 1523 367; x_wconf 79' lang='grc' dir='ltr'><strong>Μ.</strong></span> 
     </span>
    </p>
   </div>
   <div class='ocr_carea' id='block_1_2' title="bbox 1567 311 2279 372">
    <p class='ocr_par' dir='ltr' id='par_1_2' title="bbox 1567 311 2279 372">
     <span class='ocr_line' id='line_1_2' title="bbox 1567 311 2279 372; baseline 0.01 -7"><span class='ocrx_word' id='word_1_4' title='bbox 1567 311 1858 369; x_wconf 67' lang='grc' dir='ltr'>ΛΒΒᾹἹῚὸ</span> <span class='ocrx_word' id='word_1_5' title='bbox 1895 311 2279 372; x_wconf 72' lang='grc' dir='ltr'><strong>ΕΡ18Το1,.Ε.</strong></span> 
     </span>
    </p>
   </div>
   <div class='ocr_carea' id='block_1_3' title="bbox 3143 308 3246 365">
    <p class='ocr_par' dir='ltr' id='par_1_3' title="bbox 3143 308 3246 365">
     <span class='ocr_line' id='line_1_3' title="bbox 3143 308 3246 365; baseline 0 0"><span class='ocrx_word' id='word_1_6' title='bbox 3143 308 3246 365; x_wconf 70' lang='lat'><strong>982</strong></span> 
     </span>
    </p>
   </div>
   <div class='ocr_carea' id='block_1_4' title="bbox 191 423 3243 502">
    <p class='ocr_par' dir='ltr' id='par_1_4' title="bbox 191 423 3243 502">
     <span class='ocr_line' id='line_1_4' title="bbox 191 423 3243 502; baseline -0.001 -19"><span class='ocrx_word' id='word_1_7' title='bbox 191 428 431 483; x_wconf 88' lang='lat' dir='ltr'><strong>cundum</strong></span> <span class='ocrx_word' id='word_1_8' title='bbox 461 427 631 482; x_wconf 83' lang='lat' dir='ltr'><strong>Deum</strong></span> <span class='ocrx_word' id='word_1_9' title='bbox 667 426 1053 488; x_wconf 69' lang='lat' dir='ltr'><strong>ambulabant?</strong></span> <span class='ocrx_word' id='word_1_10' title='bbox 1091 429 1193 485; x_wconf 83' lang='lat' dir='ltr'><strong>bos</strong></span> <span class='ocrx_word' id='word_1_11' title='bbox 1221 431 1416 485; x_wconf 89' lang='lat' dir='ltr'><strong>lterum</strong></span> <span class='ocrx_word' id='word_1_12' title='bbox 1456 443 1581 483; x_wconf 88' lang='lat' dir='ltr'><strong>sen·</strong></span> <span class='ocrx_word' id='word_1_13' title='bbox 1611 432 1652 487; x_wconf 77' lang='grc' dir='ltr'><strong>Α</strong></span> <span class='ocrx_word' id='word_1_14' title='bbox 1679 431 1922 486; x_wconf 88' lang='lat' dir='ltr'><strong>eamdem</strong></span> <span class='ocrx_word' id='word_1_15' title='bbox 1953 430 2165 501; x_wconf 76' lang='lat' dir='ltr'><strong>plagam</strong></span> <span class='ocrx_word' id='word_1_16' title='bbox 2200 431 2469 502; x_wconf 83' lang='lat' dir='ltr'><strong>aspiciens</strong></span> <span class='ocrx_word' id='word_1_17' title='bbox 2496 427 2944 485; x_wconf 76' lang='lat' dir='ltr'>irremediabilem</span> <span class='ocrx_word' id='word_1_18' title='bbox 2976 423 3243 490; x_wconf 69' lang='lat' dir='ltr'><strong>effectam,</strong></span> 
     </span>
    </p>
   </div>
   <div class='ocr_carea' id='block_1_5' title="bbox 190 516 1583 3065">
    <p class='ocr_par' dir='ltr' id='par_1_5' title="bbox 190 516 1583 3065">
     <span class='ocr_line' id='line_1_5' title="bbox 197 516 1573 590; baseline -0.002 -17"><span class='ocrx_word' id='word_1_19' title='bbox 197 519 339 573; x_wconf 81' lang='lat' dir='ltr'><strong>isub</strong></span> <span class='ocrx_word' id='word_1_20' title='bbox 362 518 592 589; x_wconf 82' lang='lat' dir='ltr'><strong>spiritus</strong></span> <span class='ocrx_word' id='word_1_21' title='bbox 619 516 785 573; x_wconf 71' lang='lat' dir='ltr'><strong>suerit</strong></span> <span class='ocrx_word' id='word_1_22' title='bbox 809 519 1110 586; x_wconf 83' lang='lat' dir='ltr'><strong>voluntate,</strong></span> <span class='ocrx_word' id='word_1_23' title='bbox 1142 519 1208 575; x_wconf 89' lang='lat' dir='ltr'><strong>ad</strong></span> <span class='ocrx_word' id='word_1_24' title='bbox 1245 518 1573 590; x_wconf 78' lang='lat' dir='ltr'><strong>pergendum</strong></span> 
     </span>
     <span class='ocr_line' id='line_1_6' title="bbox 190 610 1583 682; baseline 0.001 -17"><span class='ocrx_word' id='word_1_25' title='bbox 190 627 312 667; x_wconf 86' lang='lat' dir='ltr'><strong>rare</strong></span> <span class='ocrx_word' id='word_1_26' title='bbox 354 612 613 680; x_wconf 86' lang='lat' dir='ltr'><strong>operibus</strong></span> <span class='ocrx_word' id='word_1_27' title='bbox 657 610 877 681; x_wconf 88' lang='lat' dir='ltr'><strong>optimis</strong></span> <span class='ocrx_word' id='word_1_28' title='bbox 919 612 1085 682; x_wconf 79' lang='lat' dir='ltr'><strong>cogit,</strong></span> <span class='ocrx_word' id='word_1_29' title='bbox 1130 620 1188 666; x_wconf 95' lang='grc' dir='ltr'><strong>ιιι</strong></span> <span class='ocrx_word' id='word_1_30' title='bbox 1231 612 1583 675; x_wconf 79' lang='lat' dir='ltr'><strong>immutatum</strong></span> 
     </span>
     <span class='ocr_line' id='line_1_7' title="bbox 191 700 1573 774; baseline 0.001 -17"><span class='ocrx_word' id='word_1_31' title='bbox 191 700 323 758; x_wconf 73' lang='lat' dir='ltr'><strong>tliat</strong></span> <span class='ocrx_word' id='word_1_32' title='bbox 342 701 443 756; x_wconf 72' lang='lat' dir='ltr'><strong>sub</strong></span> <span class='ocrx_word' id='word_1_33' title='bbox 465 702 690 770; x_wconf 85' lang='lat' dir='ltr'><strong>spiritus</strong></span> <span class='ocrx_word' id='word_1_34' title='bbox 713 710 1003 771; x_wconf 73' lang='lat' dir='ltr'><strong>potestate.</strong></span> <span class='ocrx_word' id='word_1_35' title='bbox 1031 702 1136 758; x_wconf 86' lang='lat' dir='ltr'><strong>Sed</strong></span> <span class='ocrx_word' id='word_1_36' title='bbox 1182 704 1393 758; x_wconf 84' lang='lat' dir='ltr'><strong>aestimo</strong></span> <span class='ocrx_word' id='word_1_37' title='bbox 1431 705 1573 774; x_wconf 92' lang='lat' dir='ltr'><strong>quod</strong></span> 
     </span>
     <span class='ocr_line' id='line_1_8' title="bbox 191 791 1572 864; baseline 0.002 -16"><span class='ocrx_word' id='word_1_38' title='bbox 191 791 571 863; x_wconf 60' lang='lat' dir='ltr'><strong>inritatio-iam</strong></span> <span class='ocrx_word' id='word_1_39' title='bbox 615 794 888 864; x_wconf 85' lang='lat' dir='ltr'><strong>acceperit</strong></span> <span class='ocrx_word' id='word_1_40' title='bbox 930 795 1094 848; x_wconf 79' lang='lat' dir='ltr'><strong>etiarn</strong></span> <span class='ocrx_word' id='word_1_41' title='bbox 1143 796 1194 849; x_wconf 90' lang='lat' dir='ltr'><strong>in</strong></span> <span class='ocrx_word' id='word_1_42' title='bbox 1236 796 1335 850; x_wconf 90' lang='lat' dir='ltr'><strong>hoc</strong></span> <span class='ocrx_word' id='word_1_43' title='bbox 1367 806 1572 864; x_wconf 82' lang='lat' dir='ltr'><strong>partem</strong></span> 
     </span>
     <span class='ocr_line' id='line_1_9' title="bbox 191 885 1575 957; baseline 0.002 -17"><span class='ocrx_word' id='word_1_44' title='bbox 191 887 297 941; x_wconf 79' lang='lat' dir='ltr'><strong>lam</strong></span> <span class='ocrx_word' id='word_1_45' title='bbox 327 885 625 956; x_wconf 86' lang='lat' dir='ltr'><strong>spiritualis</strong></span> <span class='ocrx_word' id='word_1_46' title='bbox 655 888 931 956; x_wconf 82' lang='lat' dir='ltr'><strong>corporis,.</strong></span> <span class='ocrx_word' id='word_1_47' title='bbox 952 902 1114 957; x_wconf 83' lang='lat' dir='ltr'><strong>quam</strong></span> <span class='ocrx_word' id='word_1_48' title='bbox 1146 899 1431 957; x_wconf 87' lang='lat' dir='ltr'><strong>acceptura</strong></span> <span class='ocrx_word' id='word_1_49' title='bbox 1458 899 1575 944; x_wconf 85' lang='lat' dir='ltr'><strong>erat</strong></span> 
     </span>
     <span class='ocr_line' id='line_1_10' title="bbox 191 977 806 1045; baseline 0.002 -14"><span class='ocrx_word' id='word_1_50' title='bbox 191 978 489 1033; x_wconf 81' lang='lat' dir='ltr'><strong>arrectione</strong></span> <span class='ocrx_word' id='word_1_51' title='bbox 511 977 806 1045; x_wconf 81' lang='lat' dir='ltr'><strong>iustorum.</strong></span> 
     </span>
     <span class='ocr_line' id='line_1_11' title="bbox 215 1068 1576 1139; baseline 0.002 -16"><span class='ocrx_word' id='word_1_52' title='bbox 215 1068 343 1124; x_wconf 79' lang='lat' dir='ltr'><strong>flaee</strong></span> <span class='ocrx_word' id='word_1_53' title='bbox 392 1083 525 1124; x_wconf 83' lang='lat' dir='ltr'><strong>vero</strong></span> <span class='ocrx_word' id='word_1_54' title='bbox 569 1070 678 1123; x_wconf 84' lang='lat' dir='ltr'><strong>dixi</strong></span> <span class='ocrx_word' id='word_1_55' title='bbox 718 1080 939 1139; x_wconf 90' lang='lat' dir='ltr'><strong>propter</strong></span> <span class='ocrx_word' id='word_1_56' title='bbox 981 1070 1176 1125; x_wconf 62' lang='lat' dir='ltr'><strong>animae</strong></span> <span class='ocrx_word' id='word_1_57' title='bbox 1229 1070 1576 1136; x_wconf 65' lang='lat' dir='ltr'><strong>aessritudines</strong></span> 
     </span>
     <span class='ocr_line' id='line_1_12' title="bbox 191 1162 1577 1232; baseline 0.001 -17"><span class='ocrx_word' id='word_1_58' title='bbox 191 1172 422 1230; x_wconf 85' lang='lat' dir='ltr'><strong>surpant</strong></span> <span class='ocrx_word' id='word_1_59' title='bbox 454 1162 865 1231; x_wconf 77' lang='lat' dir='ltr'><strong>permistionem</strong></span> <span class='ocrx_word' id='word_1_60' title='bbox 898 1162 1038 1217; x_wconf 90' lang='lat' dir='ltr'><strong>inter</strong></span> <span class='ocrx_word' id='word_1_61' title='bbox 1084 1162 1351 1216; x_wconf 85' lang='lat' dir='ltr'><strong>naturalia</strong></span> <span class='ocrx_word' id='word_1_62' title='bbox 1384 1176 1577 1232; x_wconf 88' lang='lat' dir='ltr'><strong>corpo·</strong></span> 
     </span>
     <span class='ocr_line' id='line_1_13' title="bbox 191 1248 1572 1317; baseline 0.004 -15"><span class='ocrx_word' id='word_1_63' title='bbox 191 1248 383 1304; x_wconf 86' lang='lat' dir='ltr'><strong>minde</strong></span> <span class='ocrx_word' id='word_1_64' title='bbox 413 1250 598 1303; x_wconf 91' lang='lat' dir='ltr'><strong>anima</strong></span> <span class='ocrx_word' id='word_1_65' title='bbox 635 1257 882 1305; x_wconf 80' lang='lat' dir='ltr'><strong>moretur</strong></span> <span class='ocrx_word' id='word_1_66' title='bbox 911 1251 962 1304; x_wconf 92' lang='lat' dir='ltr'><strong>in</strong></span> <span class='ocrx_word' id='word_1_67' title='bbox 994 1249 1119 1317; x_wconf 81' lang='lat' dir='ltr'><strong>illis,</strong></span> <span class='ocrx_word' id='word_1_68' title='bbox 1152 1252 1411 1306; x_wconf 77' lang='lat' dir='ltr'><strong>sectatrix</strong></span> <span class='ocrx_word' id='word_1_69' title='bbox 1443 1250 1572 1307; x_wconf 82' lang='lat' dir='ltr'><strong>ette-</strong></span> 
     </span>
     <span class='ocr_line' id='line_1_14' title="bbox 191 1338 1578 1411; baseline 0.003 -18"><span class='ocrx_word' id='word_1_70' title='bbox 191 1338 488 1407; x_wconf 74' lang='lat' dir='ltr'><strong>alignorum</strong></span> <span class='ocrx_word' id='word_1_71' title='bbox 531 1340 843 1411; x_wconf 80' lang='lat' dir='ltr'><strong>spirituum,</strong></span> <span class='ocrx_word' id='word_1_72' title='bbox 879 1350 937 1397; x_wconf 92' lang='lat' dir='ltr'><strong>ut</strong></span> <span class='ocrx_word' id='word_1_73' title='bbox 982 1351 1278 1411; x_wconf 78' lang='lat' dir='ltr'><strong>operentur</strong></span> <span class='ocrx_word' id='word_1_74' title='bbox 1307 1342 1362 1396; x_wconf 91' lang='lat' dir='ltr'><strong>in</strong></span> <span class='ocrx_word' id='word_1_75' title='bbox 1408 1357 1578 1397; x_wconf 88' lang='lat' dir='ltr'><strong>mern·</strong></span> 
     </span>
     <span class='ocr_line' id='line_1_15' title="bbox 191 1432 1574 1504; baseline 0.004 -18"><span class='ocrx_word' id='word_1_76' title='bbox 191 1432 272 1486; x_wconf 68' lang='lat' dir='ltr'><strong>&#39;ned</strong></span> <span class='ocrx_word' id='word_1_77' title='bbox 303 1433 464 1487; x_wconf 86' lang='lat' dir='ltr'><strong>etiarn</strong></span> <span class='ocrx_word' id='word_1_78' title='bbox 500 1434 744 1503; x_wconf 68' lang='lat' dir='ltr'><strong>praedixi,</strong></span> <span class='ocrx_word' id='word_1_79' title='bbox 775 1435 917 1504; x_wconf 89' lang='lat' dir='ltr'><strong>quod</strong></span> <span class='ocrx_word' id='word_1_80' title='bbox 944 1432 1140 1498; x_wconf 81' lang='lat' dir='ltr'><strong>habeat</strong></span> <span class='ocrx_word' id='word_1_81' title='bbox 1169 1434 1386 1504; x_wconf 83' lang='lat' dir='ltr'><strong>proprie</strong></span> <span class='ocrx_word' id='word_1_82' title='bbox 1410 1436 1574 1491; x_wconf 86' lang='lat' dir='ltr'><strong>etiam</strong></span> 
     </span>
     <span class='ocr_line' id='line_1_16' title="bbox 196 1523 1578 1599; baseline 0.004 -22"><span class='ocrx_word' id='word_1_83' title='bbox 196 1523 544 1580; x_wconf 89' lang='lat' dir='ltr'><strong>iscretionem</strong></span> <span class='ocrx_word' id='word_1_84' title='bbox 593 1524 810 1581; x_wconf 86' lang='lat' dir='ltr'><strong>borum.</strong></span> <span class='ocrx_word' id='word_1_85' title='bbox 853 1525 987 1581; x_wconf 82' lang='lat' dir='ltr'><strong>Nam</strong></span> <span class='ocrx_word' id='word_1_86' title='bbox 1043 1528 1318 1597; x_wconf 84' lang='lat' dir='ltr'><strong>superbia,</strong></span> <span class='ocrx_word' id='word_1_87' title='bbox 1349 1526 1578 1599; x_wconf 79' lang='lat' dir='ltr'><strong>languor</strong></span> 
     </span>
     <span class='ocr_line' id='line_1_17' title="bbox 191 1614 1575 1686; baseline 0.004 -18"><span class='ocrx_word' id='word_1_88' title='bbox 191 1616 355 1671; x_wconf 80' lang='lat' dir='ltr'><strong>isdem</strong></span> <span class='ocrx_word' id='word_1_89' title='bbox 384 1615 631 1684; x_wconf 87' lang='lat' dir='ltr'><strong>eorporis</strong></span> <span class='ocrx_word' id='word_1_90' title='bbox 662 1632 676 1669; x_wconf 71' lang='grc' dir='ltr'><strong>ι</strong></span> <span class='ocrx_word' id='word_1_91' title='bbox 700 1614 964 1684; x_wconf 81' lang='lat' dir='ltr'><strong>jactantia</strong></span> <span class='ocrx_word' id='word_1_92' title='bbox 1010 1631 1163 1683; x_wconf 80' lang='lat' dir='ltr'><strong>vero,</strong></span> <span class='ocrx_word' id='word_1_93' title='bbox 1199 1616 1463 1686; x_wconf 76' lang='lat' dir='ltr'><strong>aegritudo</strong></span> <span class='ocrx_word' id='word_1_94' title='bbox 1490 1626 1575 1673; x_wconf 87' lang='lat' dir='ltr'><strong>est</strong></span> 
     </span>
     <span class='ocr_line' id='line_1_18' title="bbox 191 1706 1572 1775; baseline -0.001 -15"><span class='ocrx_word' id='word_1_95' title='bbox 191 1720 245 1760; x_wconf 87' lang='lat' dir='ltr'><strong>ra</strong></span> <span class='ocrx_word' id='word_1_96' title='bbox 294 1721 530 1775; x_wconf 85' lang='lat' dir='ltr'><strong>corpus.</strong></span> <span class='ocrx_word' id='word_1_97' title='bbox 558 1706 685 1761; x_wconf 91' lang='lat' dir='ltr'><strong>item</strong></span> <span class='ocrx_word' id='word_1_98' title='bbox 736 1706 962 1772; x_wconf 88' lang='lat' dir='ltr'><strong>inllatio</strong></span> <span class='ocrx_word' id='word_1_99' title='bbox 990 1707 1200 1772; x_wconf 88' lang='lat' dir='ltr'><strong>odium,</strong></span> <span class='ocrx_word' id='word_1_100' title='bbox 1240 1706 1463 1773; x_wconf 88' lang='lat' dir='ltr'><strong>invidia,</strong></span> <span class='ocrx_word' id='word_1_101' title='bbox 1494 1707 1572 1761; x_wconf 88' lang='lat' dir='ltr'><strong>ira</strong></span> 
     </span>
     <span class='ocr_line' id='line_1_19' title="bbox 201 1796 1576 1869; baseline -0.001 -16"><span class='ocrx_word' id='word_1_102' title='bbox 201 1796 639 1867; x_wconf 70' lang='lat' dir='ltr'><strong>pusillanimitas,</strong></span> <span class='ocrx_word' id='word_1_103' title='bbox 688 1798 1024 1869; x_wconf 77' lang='lat' dir='ltr'><strong>impatientia</strong></span> <span class='ocrx_word' id='word_1_104' title='bbox 1071 1812 1291 1869; x_wconf 87' lang='lat' dir='ltr'><strong>qnoque</strong></span> <span class='ocrx_word' id='word_1_105' title='bbox 1338 1812 1403 1853; x_wconf 90' lang='lat' dir='ltr'><strong>ac</strong></span> <span class='ocrx_word' id='word_1_106' title='bbox 1449 1796 1576 1853; x_wconf 87' lang='lat' dir='ltr'><strong>reli-</strong></span> 
     </span>
     <span class='ocr_line' id='line_1_20' title="bbox 191 1893 1575 1963; baseline 0.002 -17"><span class='ocrx_word' id='word_1_107' title='bbox 191 1893 392 1947; x_wconf 73' lang='lat' dir='ltr'><strong>tinutiae</strong></span> <span class='ocrx_word' id='word_1_108' title='bbox 421 1895 633 1949; x_wconf 88' lang='lat' dir='ltr'><strong>horum.</strong></span> <span class='ocrx_word' id='word_1_109' title='bbox 658 1894 813 1963; x_wconf 82' lang='lat' dir='ltr'><strong>Quod</strong></span> <span class='ocrx_word' id='word_1_110' title='bbox 833 1895 882 1950; x_wconf 87' lang='lat' dir='ltr'><strong>si</strong></span> <span class='ocrx_word' id='word_1_111' title='bbox 909 1910 1036 1950; x_wconf 81' lang='lat' dir='ltr'><strong>vero</strong></span> <span class='ocrx_word' id='word_1_112' title='bbox 1058 1894 1351 1951; x_wconf 82' lang='lat' dir='ltr'><strong>crediderit</strong></span> <span class='ocrx_word' id='word_1_113' title='bbox 1380 1909 1440 1950; x_wconf 87' lang='lat' dir='ltr'><strong>se</strong></span> <span class='ocrx_word' id='word_1_114' title='bbox 1468 1893 1575 1949; x_wconf 84' lang='lat' dir='ltr'><strong>Deo</strong></span> 
     </span>
     <span class='ocr_line' id='line_1_21' title="bbox 191 1985 1576 2057; baseline -0.001 -16"><span class='ocrx_word' id='word_1_115' title='bbox 191 1999 217 2041; x_wconf 82' lang='lat' dir='ltr'><strong>o</strong></span> <span class='ocrx_word' id='word_1_116' title='bbox 242 1985 432 2054; x_wconf 76' lang='lat' dir='ltr'><strong>corde3</strong></span> <span class='ocrx_word' id='word_1_117' title='bbox 464 1994 595 2043; x_wconf 92' lang='lat' dir='ltr'><strong>tunc</strong></span> <span class='ocrx_word' id='word_1_118' title='bbox 627 1988 891 2057; x_wconf 75' lang='lat' dir='ltr'><strong>benignus</strong></span> <span class='ocrx_word' id='word_1_119' title='bbox 933 1987 1073 2042; x_wconf 85' lang='lat' dir='ltr'><strong>Deus</strong></span> <span class='ocrx_word' id='word_1_120' title='bbox 1127 1986 1316 2041; x_wconf 89' lang='lat' dir='ltr'><strong>tribuit</strong></span> <span class='ocrx_word' id='word_1_121' title='bbox 1340 1985 1389 2041; x_wconf 90' lang='lat' dir='ltr'><strong>ei</strong></span> <span class='ocrx_word' id='word_1_122' title='bbox 1417 1986 1576 2056; x_wconf 80' lang='lat' dir='ltr'><strong>spiri·</strong></span> 
     </span>
     <span class='ocr_line' id='line_1_22' title="bbox 191 2076 1576 2145; baseline -0.002 -12"><span class='ocrx_word' id='word_1_123' title='bbox 191 2076 496 2141; x_wconf 71' lang='grc' dir='ltr'>Βιιίιειιιὶω,</span> <span class='ocrx_word' id='word_1_124' title='bbox 522 2086 579 2134; x_wconf 89' lang='lat' dir='ltr'><strong>et</strong></span> <span class='ocrx_word' id='word_1_125' title='bbox 612 2077 930 2133; x_wconf 70' lang='lat' dir='ltr'><strong>testificatur</strong></span> <span class='ocrx_word' id='word_1_126' title='bbox 955 2077 1027 2131; x_wconf 89' lang='lat' dir='ltr'><strong>illi</strong></span> <span class='ocrx_word' id='word_1_127' title='bbox 1061 2085 1119 2130; x_wconf 91' lang='lat' dir='ltr'><strong>nt</strong></span> <span class='ocrx_word' id='word_1_128' title='bbox 1154 2076 1224 2132; x_wconf 88' lang='lat' dir='ltr'><strong>de</strong></span> <span class='ocrx_word' id='word_1_129' title='bbox 1252 2089 1576 2145; x_wconf 89' lang='lat' dir='ltr'><strong>unoquoque</strong></span> 
     </span>
     <span class='ocr_line' id='line_1_23' title="bbox 191 2152 1576 2239; baseline -0.001 -17"><span class='ocrx_word' id='word_1_130' title='bbox 191 2181 263 2222; x_wconf 75' lang='lat' dir='ltr'><strong>tre</strong></span> <span class='ocrx_word' id='word_1_131' title='bbox 302 2166 584 2238; x_wconf 68' lang='lat' dir='ltr'><strong>peniteat.</strong></span> <span class='ocrx_word' id='word_1_132' title='bbox 627 2165 854 2239; x_wconf 81' lang='lat' dir='ltr'><strong>Propter</strong></span> <span class='ocrx_word' id='word_1_133' title='bbox 891 2182 1012 2238; x_wconf 64' lang='lat' dir='ltr'><strong>quae</strong></span> <span class='ocrx_word' id='word_1_134' title='bbox 1060 2152 1576 2237; x_wconf 63' lang='lat' dir='ltr'><strong>adversarii&#39;probi-</strong></span> 
     </span>
     <span class='ocr_line' id='line_1_24' title="bbox 192 2261 1574 2331; baseline 0 -14"><span class='ocrx_word' id='word_1_135' title='bbox 192 2274 318 2317; x_wconf 84' lang='lat' dir='ltr'><strong>eam</strong></span> <span class='ocrx_word' id='word_1_136' title='bbox 349 2269 624 2317; x_wconf 89' lang='lat' dir='ltr'><strong>tentantes</strong></span> <span class='ocrx_word' id='word_1_137' title='bbox 662 2275 926 2331; x_wconf 86' lang='lat' dir='ltr'><strong>usurpare</strong></span> <span class='ocrx_word' id='word_1_138' title='bbox 957 2262 1080 2326; x_wconf 84' lang='lat' dir='ltr'><strong>sihi,</strong></span> <span class='ocrx_word' id='word_1_139' title='bbox 1117 2277 1217 2317; x_wconf 89' lang='lat' dir='ltr'><strong>nec</strong></span> <span class='ocrx_word' id='word_1_140' title='bbox 1241 2261 1428 2316; x_wconf 87' lang='lat' dir='ltr'><strong>sinunt</strong></span> <span class='ocrx_word' id='word_1_141' title='bbox 1458 2276 1574 2330; x_wconf 88' lang='lat' dir='ltr'><strong>poe·</strong></span> 
     </span>
     <span class='ocr_line' id='line_1_25' title="bbox 191 2351 1576 2431; baseline 0.002 -24"><span class='ocrx_word' id='word_1_142' title='bbox 191 2390 204 2407; x_wconf 92' lang='lat'><strong>.</strong></span> <span class='ocrx_word' id='word_1_143' title='bbox 256 2351 356 2420; x_wconf 82' lang='lat' dir='ltr'><strong>Qui</strong></span> <span class='ocrx_word' id='word_1_144' title='bbox 403 2352 449 2409; x_wconf 90' lang='lat' dir='ltr'><strong>si</strong></span> <span class='ocrx_word' id='word_1_145' title='bbox 477 2352 824 2431; x_wconf 75' lang='lat' dir='ltr'><strong>sustinuerit,</strong></span> <span class='ocrx_word' id='word_1_146' title='bbox 856 2354 1143 2420; x_wconf 85' lang='lat' dir='ltr'><strong>obediens,</strong></span> <span class='ocrx_word' id='word_1_147' title='bbox 1171 2354 1482 2409; x_wconf 76' lang='lat' dir='ltr'><strong>hortantem</strong></span> <span class='ocrx_word' id='word_1_148' title='bbox 1513 2370 1576 2410; x_wconf 88' lang='lat' dir='ltr'><strong>se</strong></span> 
     </span>
     <span class='ocr_line' id='line_1_26' title="bbox 191 2442 1574 2516; baseline 0.001 -17"><span class='ocrx_word' id='word_1_149' title='bbox 191 2459 257 2499; x_wconf 75' lang='lat' dir='ltr'><strong>itu</strong></span> <span class='ocrx_word' id='word_1_150' title='bbox 306 2442 378 2499; x_wconf 80' lang='lat' dir='ltr'><strong>ad</strong></span> <span class='ocrx_word' id='word_1_151' title='bbox 432 2444 834 2513; x_wconf 78' lang='lat' dir='ltr'><strong>poenitendttm;</strong></span> <span class='ocrx_word' id='word_1_152' title='bbox 875 2444 1106 2501; x_wconf 87' lang='lat' dir='ltr'><strong>Creator</strong></span> <span class='ocrx_word' id='word_1_153' title='bbox 1153 2460 1368 2516; x_wconf 85' lang='lat' dir='ltr'><strong>quoque</strong></span> <span class='ocrx_word' id='word_1_154' title='bbox 1412 2446 1574 2513; x_wconf 88' lang='lat' dir='ltr'><strong>illius,</strong></span> 
     </span>
     <span class='ocr_line' id='line_1_27' title="bbox 191 2535 1576 2608; baseline 0.002 -18"><span class='ocrx_word' id='word_1_155' title='bbox 191 2536 376 2593; x_wconf 79' lang='lat' dir='ltr'><strong>ttionis</strong></span> <span class='ocrx_word' id='word_1_156' title='bbox 425 2535 726 2592; x_wconf 75' lang='lat' dir='ltr'><strong>visceribus</strong></span> <span class='ocrx_word' id='word_1_157' title='bbox 765 2546 948 2591; x_wconf 86' lang='lat' dir='ltr'><strong>motus</strong></span> <span class='ocrx_word' id='word_1_158' title='bbox 1002 2552 1165 2607; x_wconf 89' lang='lat' dir='ltr'><strong>snpra</strong></span> <span class='ocrx_word' id='word_1_159' title='bbox 1218 2538 1431 2593; x_wconf 82' lang='lat' dir='ltr'><strong>labores</strong></span> <span class='ocrx_word' id='word_1_160' title='bbox 1459 2537 1576 2608; x_wconf 82' lang='lat' dir='ltr'><strong>ejus</strong></span> 
     </span>
     <span class='ocr_line' id='line_1_28' title="bbox 191 2627 1577 2701; baseline 0 -16"><span class='ocrx_word' id='word_1_161' title='bbox 191 2628 308 2685; x_wconf 85' lang='lat' dir='ltr'><strong>in</strong></span> <span class='ocrx_word' id='word_1_162' title='bbox 382 2629 720 2701; x_wconf 64' lang='lat' dir='ltr'><strong>egestatibus</strong></span> <span class='ocrx_word' id='word_1_163' title='bbox 760 2628 1067 2699; x_wconf 86' lang='lat' dir='ltr'><strong>corporeis,</strong></span> <span class='ocrx_word' id='word_1_164' title='bbox 1117 2629 1172 2683; x_wconf 91' lang='lat' dir='ltr'><strong>id</strong></span> <span class='ocrx_word' id='word_1_165' title='bbox 1227 2636 1313 2684; x_wconf 91' lang='lat' dir='ltr'><strong>est</strong></span> <span class='ocrx_word' id='word_1_166' title='bbox 1354 2627 1577 2699; x_wconf 81' lang='lat' dir='ltr'><strong>jejuniis</strong></span> 
     </span>
     <span class='ocr_line' id='line_1_29' title="bbox 192 2719 1574 2793; baseline -0.001 -17.995"><span class='ocrx_word' id='word_1_167' title='bbox 192 2719 268 2787; x_wconf 84' lang='lat' dir='ltr'><strong>is,</strong></span> <span class='ocrx_word' id='word_1_168' title='bbox 317 2720 372 2776; x_wconf 90' lang='lat' dir='ltr'><strong>in</strong></span> <span class='ocrx_word' id='word_1_169' title='bbox 425 2720 648 2793; x_wconf 74' lang='lat' dir='ltr'><strong>vigiliis,</strong></span> <span class='ocrx_word' id='word_1_170' title='bbox 700 2721 753 2775; x_wconf 88' lang='lat' dir='ltr'><strong>in</strong></span> <span class='ocrx_word' id='word_1_171' title='bbox 811 2719 1254 2777; x_wconf 83' lang='lat' dir='ltr'><strong>meditationibus</strong></span> <span class='ocrx_word' id='word_1_172' title='bbox 1284 2720 1494 2785; x_wconf 89' lang='lat' dir='ltr'><strong>multis,</strong></span> <span class='ocrx_word' id='word_1_173' title='bbox 1521 2721 1574 2774; x_wconf 93' lang='lat' dir='ltr'><strong>in</strong></span> 
     </span>
     <span class='ocr_line' id='line_1_30' title="bbox 196 2810 1578 2883; baseline 0.001 -17"><span class='ocrx_word' id='word_1_174' title='bbox 196 2812 315 2876; x_wconf 78' lang='lat' dir='ltr'><strong>Dei,</strong></span> <span class='ocrx_word' id='word_1_175' title='bbox 343 2827 410 2867; x_wconf 91' lang='lat' dir='ltr'><strong>ac</strong></span> <span class='ocrx_word' id='word_1_176' title='bbox 442 2810 698 2881; x_wconf 73' lang='lat' dir='ltr'><strong>precibus</strong></span> <span class='ocrx_word' id='word_1_177' title='bbox 726 2810 914 2883; x_wconf 73' lang='lat' dir='ltr'><strong>largis,</strong></span> <span class='ocrx_word' id='word_1_178' title='bbox 943 2812 1027 2868; x_wconf 83' lang='lat' dir='ltr'><strong>vel</strong></span> <span class='ocrx_word' id='word_1_179' title='bbox 1061 2812 1115 2867; x_wconf 92' lang='lat' dir='ltr'><strong>in</strong></span> <span class='ocrx_word' id='word_1_180' title='bbox 1142 2810 1578 2867; x_wconf 76' lang='lat' dir='ltr'><strong>abdicationibus</strong></span> 
     </span>
     <span class='ocr_line' id='line_1_31' title="bbox 191 2901 1576 2973; baseline 0.002 -18"><span class='ocrx_word' id='word_1_181' title='bbox 191 2902 321 2968; x_wconf 74' lang='lat' dir='ltr'><strong>inis,</strong></span> <span class='ocrx_word' id='word_1_182' title='bbox 351 2902 406 2956; x_wconf 94' lang='lat' dir='ltr'><strong>in</strong></span> <span class='ocrx_word' id='word_1_183' title='bbox 436 2902 759 2967; x_wconf 87' lang='lat' dir='ltr'><strong>hnmilitate,</strong></span> <span class='ocrx_word' id='word_1_184' title='bbox 799 2902 852 2957; x_wconf 86' lang='lat' dir='ltr'><strong>in</strong></span> <span class='ocrx_word' id='word_1_185' title='bbox 887 2910 1204 2973; x_wconf 88' lang='lat' dir='ltr'><strong>paupertate</strong></span> <span class='ocrx_word' id='word_1_186' title='bbox 1238 2901 1576 2973; x_wconf 75' lang='lat' dir='ltr'><strong>spiritus3‘in</strong></span> 
     </span>
     <span class='ocr_line' id='line_1_32' title="bbox 191 2993 1579 3065; baseline 0.001 -17"><span class='ocrx_word' id='word_1_187' title='bbox 191 3007 214 3048; x_wconf 80' lang='lat' dir='ltr'><strong>s</strong></span> <span class='ocrx_word' id='word_1_188' title='bbox 266 2995 478 3049; x_wconf 85' lang='lat' dir='ltr'><strong>cunctis</strong></span> <span class='ocrx_word' id='word_1_189' title='bbox 528 2994 879 3050; x_wconf 77' lang='lat' dir='ltr'><strong>sustinentem</strong></span> <span class='ocrx_word' id='word_1_190' title='bbox 931 2993 1075 3050; x_wconf 80' lang='lat' dir='ltr'><strong>Deus</strong></span> <span class='ocrx_word' id='word_1_191' title='bbox 1117 2994 1384 3064; x_wconf 70' lang='lat' dir='ltr'><strong>benignus</strong></span> <span class='ocrx_word' id='word_1_192' title='bbox 1435 2995 1579 3065; x_wconf 83' lang='lat' dir='ltr'><strong>aspi-</strong></span> 
     </span>
    </p>
   </div>
   <div class='ocr_carea' id='block_1_6' title="bbox 1675 518 3286 3070">
    <p class='ocr_par' dir='ltr' id='par_1_6' title="bbox 1675 518 3284 2065">
     <span class='ocr_line' id='line_1_33' title="bbox 1679 518 3245 594; baseline -0.003 -17"><span class='ocrx_word' id='word_1_193' title='bbox 1679 533 1731 577; x_wconf 89' lang='lat' dir='ltr'><strong>et</strong></span> <span class='ocrx_word' id='word_1_194' title='bbox 1760 524 1881 592; x_wconf 89' lang='lat' dir='ltr'><strong>quia</strong></span> <span class='ocrx_word' id='word_1_195' title='bbox 1920 524 2260 594; x_wconf 76' lang='lat' dir='ltr'><strong>magnificata</strong></span> <span class='ocrx_word' id='word_1_196' title='bbox 2290 537 2432 579; x_wconf 89' lang='lat' dir='ltr'><strong>esset</strong></span> <span class='ocrx_word' id='word_1_197' title='bbox 2460 525 2826 585; x_wconf 85' lang='lat' dir='ltr'><strong>vehementer,</strong></span> <span class='ocrx_word' id='word_1_198' title='bbox 2860 536 2956 591; x_wconf 87' lang='lat' dir='ltr'><strong>per</strong></span> <span class='ocrx_word' id='word_1_199' title='bbox 2986 535 3136 575; x_wconf 87' lang='lat' dir='ltr'><strong>suam</strong></span> <span class='ocrx_word' id='word_1_200' title='bbox 3163 518 3245 573; x_wconf 87' lang='lat' dir='ltr'><strong>ln·</strong></span> 
     </span>
     <span class='ocr_line' id='line_1_34' title="bbox 1679 609 3247 683; baseline -0.003 -14"><span class='ocrx_word' id='word_1_201' title='bbox 1679 614 2027 683; x_wconf 77' lang='lat' dir='ltr'><strong>dulgentiam,</strong></span> <span class='ocrx_word' id='word_1_202' title='bbox 2085 616 2445 670; x_wconf 77' lang='lat' dir='ltr'><strong>visitationem</strong></span> <span class='ocrx_word' id='word_1_203' title='bbox 2505 630 2690 670; x_wconf 89' lang='lat' dir='ltr'><strong>eorum</strong></span> <span class='ocrx_word' id='word_1_204' title='bbox 2755 609 2960 670; x_wconf 76' lang='lat' dir='ltr'><strong>faciens</strong></span> <span class='ocrx_word' id='word_1_205' title='bbox 3025 618 3247 681; x_wconf 87' lang='lat' dir='ltr'><strong>propter</strong></span> 
     </span>
     <span class='ocr_line' id='line_1_35' title="bbox 1676 700 3247 776; baseline -0.001 -17"><span class='ocrx_word' id='word_1_206' title='bbox 1676 707 1946 776; x_wconf 81' lang='lat' dir='ltr'><strong>propriant</strong></span> <span class='ocrx_word' id='word_1_207' title='bbox 1990 708 2305 771; x_wconf 81' lang='lat' dir='ltr'><strong>bonitatem,</strong></span> <span class='ocrx_word' id='word_1_208' title='bbox 2359 718 2477 776; x_wconf 75' lang='lat' dir='ltr'><strong>post</strong></span> <span class='ocrx_word' id='word_1_209' title='bbox 2507 706 2841 776; x_wconf 81' lang='lat' dir='ltr'><strong>aliquantum</strong></span> <span class='ocrx_word' id='word_1_210' title='bbox 2885 703 3141 774; x_wconf 87' lang='lat' dir='ltr'><strong>temporis</strong></span> <span class='ocrx_word' id='word_1_211' title='bbox 3169 700 3247 758; x_wconf 78' lang='lat' dir='ltr'><strong>le-</strong></span> 
     </span>
     <span class='ocr_line' id='line_1_36' title="bbox 1675 794 3243 870; baseline -0.003 -17"><span class='ocrx_word' id='word_1_212' title='bbox 1675 814 1794 869; x_wconf 79' lang='lat' dir='ltr'><strong>gem</strong></span> <span class='ocrx_word' id='word_1_213' title='bbox 1836 798 2018 870; x_wconf 87' lang='lat' dir='ltr'><strong>posuit</strong></span> <span class='ocrx_word' id='word_1_214' title='bbox 2059 800 2160 863; x_wconf 85' lang='lat' dir='ltr'><strong>eis,</strong></span> <span class='ocrx_word' id='word_1_215' title='bbox 2215 800 2358 854; x_wconf 90' lang='lat' dir='ltr'><strong>unde</strong></span> <span class='ocrx_word' id='word_1_216' title='bbox 2396 810 2451 854; x_wconf 93' lang='lat' dir='ltr'><strong>et</strong></span> <span class='ocrx_word' id='word_1_217' title='bbox 2487 806 2740 869; x_wconf 87' lang='lat' dir='ltr'><strong>operatus</strong></span> <span class='ocrx_word' id='word_1_218' title='bbox 2782 806 2862 853; x_wconf 90' lang='lat' dir='ltr'><strong>est</strong></span> <span class='ocrx_word' id='word_1_219' title='bbox 2910 811 3008 866; x_wconf 92' lang='lat' dir='ltr'><strong>per</strong></span> <span class='ocrx_word' id='word_1_220' title='bbox 3043 794 3243 849; x_wconf 71' lang='lat' dir='ltr'><strong>blosem</strong></span> 
     </span>
     <span class='ocr_line' id='line_1_37' title="bbox 1676 885 3246 963; baseline -0.004 -18"><span class='ocrx_word' id='word_1_221' title='bbox 1676 892 1964 961; x_wconf 81' lang='lat' dir='ltr'><strong>praebcndo</strong></span> <span class='ocrx_word' id='word_1_222' title='bbox 2017 893 2208 963; x_wconf 81' lang='lat' dir='ltr'><strong>legem.</strong></span> <span class='ocrx_word' id='word_1_223' title='bbox 2265 892 2330 947; x_wconf 84' lang='lat' dir='ltr'><strong>Et</strong></span> <span class='ocrx_word' id='word_1_224' title='bbox 2376 891 2551 947; x_wconf 76' lang='lat' dir='ltr'><strong>Moses</strong></span> <span class='ocrx_word' id='word_1_225' title='bbox 2597 892 2813 962; x_wconf 85' lang='lat' dir='ltr'><strong>quidem</strong></span> <span class='ocrx_word' id='word_1_226' title='bbox 2861 887 3110 943; x_wconf 80' lang='lat' dir='ltr'><strong>fundavit</strong></span> <span class='ocrx_word' id='word_1_227' title='bbox 3164 885 3246 940; x_wconf 87' lang='lat' dir='ltr'><strong>eis</strong></span> 
     </span>
     <span class='ocr_line' id='line_1_38' title="bbox 1677 978 3284 1058; baseline -0.004 -22"><span class='ocrx_word' id='word_1_228' title='bbox 1677 985 1925 1039; x_wconf 85' lang='lat' dir='ltr'><strong>veritatis</strong></span> <span class='ocrx_word' id='word_1_229' title='bbox 1961 986 2200 1051; x_wconf 80' lang='lat' dir='ltr'><strong>domum,</strong></span> <span class='ocrx_word' id='word_1_230' title='bbox 2256 1002 2447 1041; x_wconf 87' lang='lat' dir='ltr'><strong>curare</strong></span> <span class='ocrx_word' id='word_1_231' title='bbox 2480 984 2666 1040; x_wconf 86' lang='lat' dir='ltr'><strong>volens</strong></span> <span class='ocrx_word' id='word_1_232' title='bbox 2716 982 2963 1039; x_wconf 89' lang='lat' dir='ltr'><strong>eamdem</strong></span> <span class='ocrx_word' id='word_1_233' title='bbox 3009 978 3284 1058; x_wconf 50' lang='lat' dir='ltr'><strong>validam²</strong></span> 
     </span>
     <span class='ocr_line' id='line_1_39' title="bbox 1677 1070 3240 1149; baseline -0.007 -16"><span class='ocrx_word' id='word_1_234' title='bbox 1677 1078 1917 1149; x_wconf 64' lang='lat' dir='ltr'><strong>plagam</strong></span> <span class='ocrx_word' id='word_1_235' title='bbox 1962 1079 2055 1134; x_wconf 88' lang='lat' dir='ltr'><strong>sed</strong></span> <span class='ocrx_word' id='word_1_236' title='bbox 2104 1080 2362 1148; x_wconf 84' lang='lat' dir='ltr'><strong>perlicere</strong></span> <span class='ocrx_word' id='word_1_237' title='bbox 2418 1077 2659 1148; x_wconf 77' lang='lat' dir='ltr'><strong>nequivit</strong></span> <span class='ocrx_word' id='word_1_238' title='bbox 2690 1074 2977 1131; x_wconf 81' lang='lat' dir='ltr'><strong>aediticittm</strong></span> <span class='ocrx_word' id='word_1_239' title='bbox 3030 1070 3240 1126; x_wconf 84' lang='lat' dir='ltr'><strong>domus.</strong></span> 
     </span>
     <span class='ocr_line' id='line_1_40' title="bbox 1677 1163 3243 1240; baseline -0.004 -17"><span class='ocrx_word' id='word_1_240' title='bbox 1677 1169 1906 1240; x_wconf 79' lang='lat' dir='ltr'><strong>insuper</strong></span> <span class='ocrx_word' id='word_1_241' title='bbox 1928 1180 2107 1226; x_wconf 82' lang='lat' dir='ltr'><strong>autem</strong></span> <span class='ocrx_word' id='word_1_242' title='bbox 2137 1181 2190 1225; x_wconf 89' lang='lat' dir='ltr'><strong>et</strong></span> <span class='ocrx_word' id='word_1_243' title='bbox 2216 1171 2393 1225; x_wconf 90' lang='lat' dir='ltr'><strong>omnis</strong></span> <span class='ocrx_word' id='word_1_244' title='bbox 2420 1180 2732 1225; x_wconf 87' lang='lat' dir='ltr'><strong>sanctorum</strong></span> <span class='ocrx_word' id='word_1_245' title='bbox 2765 1169 2963 1223; x_wconf 89' lang='lat' dir='ltr'><strong>chorus</strong></span> <span class='ocrx_word' id='word_1_246' title='bbox 2987 1163 3243 1220; x_wconf 84' lang='lat' dir='ltr'><strong>collectus</strong></span> 
     </span>
     <span class='ocr_line' id='line_1_41' title="bbox 1678 1253 3241 1333; baseline -0.005 -18"><span class='ocrx_word' id='word_1_247' title='bbox 1678 1262 1730 1315; x_wconf 91' lang='lat' dir='ltr'><strong>in</strong></span> <span class='ocrx_word' id='word_1_248' title='bbox 1762 1277 1949 1328; x_wconf 83' lang='lat' dir='ltr'><strong>unum,</strong></span> <span class='ocrx_word' id='word_1_249' title='bbox 1996 1263 2148 1333; x_wconf 87' lang='lat' dir='ltr'><strong>petiit</strong></span> <span class='ocrx_word' id='word_1_250' title='bbox 2195 1262 2374 1317; x_wconf 85' lang='lat' dir='ltr'><strong>Patris</strong></span> <span class='ocrx_word' id='word_1_251' title='bbox 2428 1262 2723 1317; x_wconf 78' lang='lat' dir='ltr'><strong>bonitatem</strong></span> <span class='ocrx_word' id='word_1_252' title='bbox 2758 1260 2824 1315; x_wconf 91' lang='lat' dir='ltr'><strong>de</strong></span> <span class='ocrx_word' id='word_1_253' title='bbox 2875 1256 3096 1314; x_wconf 87' lang='lat' dir='ltr'><strong>salutari</strong></span> <span class='ocrx_word' id='word_1_254' title='bbox 3132 1253 3241 1324; x_wconf 74' lang='lat' dir='ltr'><strong>(ts)</strong></span> 
     </span>
     <span class='ocr_line' id='line_1_42' title="bbox 1678 1354 3242 1422; baseline -0.006 -15"><span class='ocrx_word' id='word_1_255' title='bbox 1678 1362 1884 1420; x_wconf 87' lang='lat' dir='ltr'><strong>nostro,</strong></span> <span class='ocrx_word' id='word_1_256' title='bbox 1920 1364 1979 1408; x_wconf 92' lang='lat' dir='ltr'><strong>ut</strong></span> <span class='ocrx_word' id='word_1_257' title='bbox 2015 1354 2246 1409; x_wconf 81' lang='lat' dir='ltr'><strong>calcaret</strong></span> <span class='ocrx_word' id='word_1_258' title='bbox 2278 1354 2333 1410; x_wconf 91' lang='lat' dir='ltr'><strong>in</strong></span> <span class='ocrx_word' id='word_1_259' title='bbox 2368 1354 2525 1408; x_wconf 85' lang='lat' dir='ltr'><strong>terris</strong></span> <span class='ocrx_word' id='word_1_260' title='bbox 2565 1368 2665 1422; x_wconf 90' lang='lat' dir='ltr'><strong>pro</strong></span> <span class='ocrx_word' id='word_1_261' title='bbox 2696 1362 2877 1407; x_wconf 87' lang='lat' dir='ltr'><strong>nostra</strong></span> <span class='ocrx_word' id='word_1_262' title='bbox 2926 1358 3242 1404; x_wconf 88' lang='lat' dir='ltr'><strong>cunctorum</strong></span> 
     </span>
     <span class='ocr_line' id='line_1_43' title="bbox 1677 1434 3244 1517; baseline -0.006 -18"><span class='ocrx_word' id='word_1_263' title='bbox 1677 1444 1873 1509; x_wconf 79' lang='lat' dir='ltr'><strong>salute.</strong></span> <span class='ocrx_word' id='word_1_264' title='bbox 1922 1446 2041 1516; x_wconf 84' lang='lat' dir='ltr'><strong>ipso</strong></span> <span class='ocrx_word' id='word_1_265' title='bbox 2079 1455 2264 1517; x_wconf 87' lang='lat' dir='ltr'><strong>utpote</strong></span> <span class='ocrx_word' id='word_1_266' title='bbox 2306 1453 2556 1502; x_wconf 85' lang='lat' dir='ltr'><strong>exstante</strong></span> <span class='ocrx_word' id='word_1_267' title='bbox 2588 1453 2771 1500; x_wconf 91' lang='lat' dir='ltr'><strong>nostro</strong></span> <span class='ocrx_word' id='word_1_268' title='bbox 2804 1454 3000 1512; x_wconf 73' lang='lat' dir='ltr'><strong>magne</strong></span> <span class='ocrx_word' id='word_1_269' title='bbox 3022 1448 3077 1494; x_wconf 91' lang='lat' dir='ltr'><strong>et</strong></span> <span class='ocrx_word' id='word_1_270' title='bbox 3105 1434 3244 1491; x_wconf 88' lang='lat' dir='ltr'><strong>lidcli</strong></span> 
     </span>
     <span class='ocr_line' id='line_1_44' title="bbox 1678 1532 3246 1604; baseline -0.004 -17"><span class='ocrx_word' id='word_1_271' title='bbox 1678 1532 1932 1602; x_wconf 88' lang='lat' dir='ltr'><strong>pontilice</strong></span> <span class='ocrx_word' id='word_1_272' title='bbox 1967 1550 2032 1590; x_wconf 90' lang='lat' dir='ltr'><strong>ac</strong></span> <span class='ocrx_word' id='word_1_273' title='bbox 2074 1536 2280 1591; x_wconf 88' lang='lat' dir='ltr'><strong>medico</strong></span> <span class='ocrx_word' id='word_1_274' title='bbox 2333 1550 2481 1594; x_wconf 77' lang='lat' dir='ltr'><strong>vero.</strong></span> <span class='ocrx_word' id='word_1_275' title='bbox 2518 1534 2607 1604; x_wconf 91' lang='lat' dir='ltr'><strong>qui</strong></span> <span class='ocrx_word' id='word_1_276' title='bbox 2652 1534 2797 1589; x_wconf 82' lang='lat' dir='ltr'><strong>solus</strong></span> <span class='ocrx_word' id='word_1_277' title='bbox 2835 1546 3032 1586; x_wconf 81' lang='lat' dir='ltr'><strong>sanare</strong></span> <span class='ocrx_word' id='word_1_278' title='bbox 3066 1534 3246 1597; x_wconf 89' lang='lat' dir='ltr'><strong>posset</strong></span> 
     </span>
     <span class='ocr_line' id='line_1_45' title="bbox 1679 1618 3247 1698; baseline -0.005 -19"><span class='ocrx_word' id='word_1_279' title='bbox 1679 1625 1817 1681; x_wconf 87' lang='lat' dir='ltr'><strong>banc</strong></span> <span class='ocrx_word' id='word_1_280' title='bbox 1851 1642 2128 1682; x_wconf 87' lang='lat' dir='ltr'><strong>enormem</strong></span> <span class='ocrx_word' id='word_1_281' title='bbox 2175 1628 2407 1698; x_wconf 76' lang='lat' dir='ltr'><strong>plagam.</strong></span> <span class='ocrx_word' id='word_1_282' title='bbox 2457 1627 2608 1684; x_wconf 76' lang='lat' dir='ltr'><strong>Unde</strong></span> <span class='ocrx_word' id='word_1_283' title='bbox 2652 1639 2706 1680; x_wconf 91' lang='lat' dir='ltr'><strong>et</strong></span> <span class='ocrx_word' id='word_1_284' title='bbox 2756 1625 3033 1679; x_wconf 73' lang='lat' dir='ltr'><strong>voluntate</strong></span> <span class='ocrx_word' id='word_1_285' title='bbox 3072 1618 3247 1674; x_wconf 82' lang='lat' dir='ltr'><strong>Patris</strong></span> 
     </span>
     <span class='ocr_line' id='line_1_46' title="bbox 1681 1717 3246 1789; baseline -0.001 -19"><span class='ocrx_word' id='word_1_286' title='bbox 1681 1718 1970 1771; x_wconf 75' lang='lat' dir='ltr'><strong>exinanivit</strong></span> <span class='ocrx_word' id='word_1_287' title='bbox 2025 1720 2359 1786; x_wconf 78' lang='lat' dir='ltr'><strong>semetipsam</strong></span> <span class='ocrx_word' id='word_1_288' title='bbox 2413 1718 2626 1789; x_wconf 81' lang='lat' dir='ltr'><strong>propria</strong></span> <span class='ocrx_word' id='word_1_289' title='bbox 2667 1717 2857 1787; x_wconf 75' lang='lat' dir='ltr'><strong>gloria,</strong></span> <span class='ocrx_word' id='word_1_290' title='bbox 2886 1717 3129 1782; x_wconf 78' lang='lat' dir='ltr'><strong>Deusque</strong></span> <span class='ocrx_word' id='word_1_291' title='bbox 3150 1728 3246 1768; x_wconf 85' lang='lat' dir='ltr'><strong>ex·</strong></span> 
     </span>
     <span class='ocr_line' id='line_1_47' title="bbox 1678 1795 3248 1880; baseline -0.004 -15"><span class='ocrx_word' id='word_1_292' title='bbox 1678 1811 1896 1876; x_wconf 84' lang='lat' dir='ltr'><strong>sistens,</strong></span> <span class='ocrx_word' id='word_1_293' title='bbox 1933 1811 2156 1880; x_wconf 75' lang='lat' dir='ltr'><strong>[ormam</strong></span> <span class='ocrx_word' id='word_1_294' title='bbox 2186 1812 2320 1866; x_wconf 78' lang='lat' dir='ltr'><strong>servi</strong></span> <span class='ocrx_word' id='word_1_295' title='bbox 2360 1810 2689 1880; x_wconf 66' lang='lat' dir='ltr'><strong>asssempsw,</strong></span> <span class='ocrx_word' id='word_1_296' title='bbox 2697 1820 2793 1865; x_wconf 90' lang='lat' dir='ltr'><strong>tra</strong></span> <span class='ocrx_word' id='word_1_297' title='bbox 2797 1810 2915 1864; x_wconf 87' lang='lat' dir='ltr'><strong>lens</strong></span> <span class='ocrx_word' id='word_1_298' title='bbox 2943 1822 3001 1863; x_wconf 88' lang='lat' dir='ltr'><strong>se</strong></span> <span class='ocrx_word' id='word_1_299' title='bbox 3029 1795 3248 1877; x_wconf 82' lang='lat' dir='ltr'><strong>p&#39;ropter</strong></span> 
     </span>
     <span class='ocr_line' id='line_1_48' title="bbox 1684 1899 3245 1974; baseline -0.003 -18"><span class='ocrx_word' id='word_1_300' title='bbox 1684 1912 1871 1958; x_wconf 85' lang='lat' dir='ltr'><strong>nostra</strong></span> <span class='ocrx_word' id='word_1_301' title='bbox 1898 1914 2138 1973; x_wconf 89' lang='lat' dir='ltr'><strong>peccata.</strong></span> <span class='ocrx_word' id='word_1_302' title='bbox 2163 1903 2228 1959; x_wconf 85' lang='lat' dir='ltr'><strong>Et</strong></span> <span class='ocrx_word' id='word_1_303' title='bbox 2254 1903 2444 1959; x_wconf 89' lang='lat' dir='ltr'><strong>delicta</strong></span> <span class='ocrx_word' id='word_1_304' title='bbox 2466 1903 2682 1974; x_wconf 86' lang='lat' dir='ltr'><strong>quidem</strong></span> <span class='ocrx_word' id='word_1_305' title='bbox 2714 1911 2900 1970; x_wconf 62' lang='lat' dir='ltr'><strong>nostr-t</strong></span> <span class='ocrx_word' id='word_1_306' title='bbox 2931 1899 3245 1954; x_wconf 74' lang='lat' dir='ltr'><strong>humiliave-</strong></span> 
     </span>
     <span class='ocr_line' id='line_1_49' title="bbox 1680 1987 3245 2065; baseline -0.004 -16"><span class='ocrx_word' id='word_1_307' title='bbox 1680 2003 1806 2049; x_wconf 86' lang='lat' dir='ltr'><strong>runt</strong></span> <span class='ocrx_word' id='word_1_308' title='bbox 1830 2009 1978 2063; x_wconf 80' lang='lat' dir='ltr'><strong>eum,</strong></span> <span class='ocrx_word' id='word_1_309' title='bbox 2007 1995 2101 2050; x_wconf 88' lang='lat' dir='ltr'><strong>sed</strong></span> <span class='ocrx_word' id='word_1_310' title='bbox 2135 1996 2297 2065; x_wconf 80' lang='lat' dir='ltr'><strong>livore</strong></span> <span class='ocrx_word' id='word_1_311' title='bbox 2328 1995 2440 2063; x_wconf 80' lang='lat' dir='ltr'><strong>ejus</strong></span> <span class='ocrx_word' id='word_1_312' title='bbox 2474 2011 2569 2049; x_wconf 80' lang='lat' dir='ltr'><strong>nos</strong></span> <span class='ocrx_word' id='word_1_313' title='bbox 2600 2011 2774 2048; x_wconf 82' lang='lat' dir='ltr'><strong>ontnes</strong></span> <span class='ocrx_word' id='word_1_314' title='bbox 2801 1994 2976 2046; x_wconf 79' lang='lat' dir='ltr'><strong>sanati</strong></span> <span class='ocrx_word' id='word_1_315' title='bbox 3006 2006 3187 2044; x_wconf 76' lang='lat' dir='ltr'><strong>sunites</strong></span> <span class='ocrx_word' id='word_1_316' title='bbox 3203 1987 3245 2042; x_wconf 78' lang='lat'><strong>⁸.</strong></span> 
     </span>
    </p>

    <p class='ocr_par' dir='ltr' id='par_1_7' title="bbox 1677 2079 3286 3070">
     <span class='ocr_line' id='line_1_50' title="bbox 1755 2079 3244 2152; baseline -0.005 -12"><span class='ocrx_word' id='word_1_317' title='bbox 1755 2082 1839 2141; x_wconf 87' lang='grc' dir='ltr'><strong>ΙΙΙ.</strong></span> <span class='ocrx_word' id='word_1_318' title='bbox 1874 2085 2259 2152; x_wconf 81' lang='lat' dir='ltr'><strong>Quamobrem,</strong></span> <span class='ocrx_word' id='word_1_319' title='bbox 2310 2079 2642 2140; x_wconf 76' lang='lat' dir='ltr'><strong>dilectissimi</strong></span> <span class='ocrx_word' id='word_1_320' title='bbox 2698 2084 2842 2139; x_wconf 79' lang='lat' dir='ltr'><strong>lilioli</strong></span> <span class='ocrx_word' id='word_1_321' title='bbox 2895 2084 2948 2137; x_wconf 90' lang='lat' dir='ltr'><strong>in</strong></span> <span class='ocrx_word' id='word_1_322' title='bbox 2999 2081 3244 2141; x_wconf 84' lang='lat' dir='ltr'><strong>Domino,</strong></span> 
     </span>
     <span class='ocr_line' id='line_1_51' title="bbox 1678 2172 3247 2248; baseline -0.004 -14"><span class='ocrx_word' id='word_1_323' title='bbox 1678 2178 1819 2234; x_wconf 88' lang='lat' dir='ltr'><strong>scire</strong></span> <span class='ocrx_word' id='word_1_324' title='bbox 1844 2193 1943 2234; x_wconf 82' lang='lat' dir='ltr'><strong>vos</strong></span> <span class='ocrx_word' id='word_1_325' title='bbox 1966 2178 2086 2232; x_wconf 78' lang='lat' dir='ltr'><strong>volo</strong></span> <span class='ocrx_word' id='word_1_326' title='bbox 2110 2179 2250 2248; x_wconf 64' lang='lat' dir='ltr'><strong>«titud</strong></span> <span class='ocrx_word' id='word_1_327' title='bbox 2277 2194 2372 2247; x_wconf 90' lang='lat' dir='ltr'><strong>pro</strong></span> <span class='ocrx_word' id='word_1_328' title='bbox 2398 2187 2578 2233; x_wconf 82' lang='lat' dir='ltr'><strong>nostra</strong></span> <span class='ocrx_word' id='word_1_329' title='bbox 2602 2178 2826 2233; x_wconf 85' lang='lat' dir='ltr'><strong>stultitia</strong></span> <span class='ocrx_word' id='word_1_330' title='bbox 2854 2175 3013 2246; x_wconf 75' lang='lat' dir='ltr'><strong>elegit</strong></span> <span class='ocrx_word' id='word_1_331' title='bbox 3036 2172 3247 2237; x_wconf 84' lang='lat' dir='ltr'><strong>stulta⁸,</strong></span> 
     </span>
     <span class='ocr_line' id='line_1_52' title="bbox 1679 2268 3244 2342; baseline -0.006 -15"><span class='ocrx_word' id='word_1_332' title='bbox 1679 2281 1730 2327; x_wconf 89' lang='lat' dir='ltr'><strong>et</strong></span> <span class='ocrx_word' id='word_1_333' title='bbox 1754 2286 1850 2342; x_wconf 92' lang='lat' dir='ltr'><strong>pro</strong></span> <span class='ocrx_word' id='word_1_334' title='bbox 1873 2279 2055 2326; x_wconf 91' lang='lat' dir='ltr'><strong>nostra</strong></span> <span class='ocrx_word' id='word_1_335' title='bbox 2081 2271 2400 2326; x_wconf 75' lang='lat' dir='ltr'><strong>infirmitate</strong></span> <span class='ocrx_word' id='word_1_336' title='bbox 2423 2271 2648 2325; x_wconf 82' lang='lat' dir='ltr'><strong>sormam</strong></span> <span class='ocrx_word' id='word_1_337' title='bbox 2677 2268 3005 2324; x_wconf 77' lang='lat' dir='ltr'><strong>infirmitatis</strong></span> <span class='ocrx_word' id='word_1_338' title='bbox 3033 2281 3244 2322; x_wconf 78' lang='lat' dir='ltr'><strong>assum·</strong></span> 
     </span>
     <span class='ocr_line' id='line_1_53' title="bbox 1678 2360 3244 2435; baseline -0.005 -17"><span class='ocrx_word' id='word_1_339' title='bbox 1678 2364 1896 2435; x_wconf 77' lang='lat' dir='ltr'><strong>psittob</strong></span> <span class='ocrx_word' id='word_1_340' title='bbox 1929 2379 2088 2433; x_wconf 87' lang='lat' dir='ltr'><strong>quam</strong></span> <span class='ocrx_word' id='word_1_341' title='bbox 2122 2374 2361 2419; x_wconf 86' lang='lat' dir='ltr'><strong>nostram</strong></span> <span class='ocrx_word' id='word_1_342' title='bbox 2402 2362 2708 2433; x_wconf 83' lang='lat' dir='ltr'><strong>pauperiem</strong></span> <span class='ocrx_word' id='word_1_343' title='bbox 2742 2360 2965 2415; x_wconf 70' lang='lat' dir='ltr'><strong>effectus</strong></span> <span class='ocrx_word' id='word_1_344' title='bbox 2995 2368 3079 2414; x_wconf 86' lang='lat' dir='ltr'><strong>est</strong></span> <span class='ocrx_word' id='word_1_345' title='bbox 3108 2371 3244 2427; x_wconf 89' lang='lat' dir='ltr'><strong>pau-</strong></span> 
     </span>
     <span class='ocr_line' id='line_1_54' title="bbox 1677 2449 3286 2527; baseline -0.004 -18"><span class='ocrx_word' id='word_1_346' title='bbox 1677 2470 1796 2527; x_wconf 85' lang='lat' dir='ltr'><strong>per,</strong></span> <span class='ocrx_word' id='word_1_347' title='bbox 1828 2466 1884 2510; x_wconf 89' lang='lat' dir='ltr'><strong>et</strong></span> <span class='ocrx_word' id='word_1_348' title='bbox 1916 2457 1985 2510; x_wconf 92' lang='lat' dir='ltr'><strong>ob</strong></span> <span class='ocrx_word' id='word_1_349' title='bbox 2017 2466 2258 2510; x_wconf 87' lang='lat' dir='ltr'><strong>nostram</strong></span> <span class='ocrx_word' id='word_1_350' title='bbox 2292 2464 2521 2514; x_wconf 86' lang='lat' dir='ltr'><strong>mortem</strong></span> <span class='ocrx_word' id='word_1_351' title='bbox 2564 2452 2789 2524; x_wconf 77' lang='lat' dir='ltr'><strong>liguram</strong></span> <span class='ocrx_word' id='word_1_352' title='bbox 2831 2450 3004 2506; x_wconf 89' lang='lat' dir='ltr'><strong>induit</strong></span> <span class='ocrx_word' id='word_1_353' title='bbox 3032 2449 3244 2504; x_wconf 86' lang='lat' dir='ltr'><strong>mortis.</strong></span> <span class='ocrx_word' id='word_1_354' title='bbox 3277 2513 3286 2521; x_wconf 47' lang='grc'><strong>,</strong></span> 
     </span>
     <span class='ocr_line' id='line_1_55' title="bbox 1680 2543 3247 2616; baseline -0.004 -15"><span class='ocrx_word' id='word_1_355' title='bbox 1680 2547 1820 2614; x_wconf 84' lang='lat' dir='ltr'><strong>Ergo</strong></span> <span class='ocrx_word' id='word_1_356' title='bbox 1845 2548 1970 2616; x_wconf 84' lang='lat' dir='ltr'><strong>qnia</strong></span> <span class='ocrx_word' id='word_1_357' title='bbox 1998 2548 2049 2601; x_wconf 89' lang='lat' dir='ltr'><strong>in</strong></span> <span class='ocrx_word' id='word_1_358' title='bbox 2078 2546 2164 2602; x_wconf 83' lang='lat' dir='ltr'><strong>his</strong></span> <span class='ocrx_word' id='word_1_359' title='bbox 2182 2546 2433 2601; x_wconf 88' lang='lat' dir='ltr'><strong>omnibus</strong></span> <span class='ocrx_word' id='word_1_360' title='bbox 2457 2543 2710 2600; x_wconf 85' lang='lat' dir='ltr'><strong>sustinuit</strong></span> <span class='ocrx_word' id='word_1_361' title='bbox 2735 2552 2951 2612; x_wconf 91' lang='lat' dir='ltr'><strong>propter</strong></span> <span class='ocrx_word' id='word_1_362' title='bbox 2974 2556 3094 2603; x_wconf 86' lang='lat' dir='ltr'><strong>nos,</strong></span> <span class='ocrx_word' id='word_1_363' title='bbox 3120 2553 3247 2613; x_wconf 79' lang='lat' dir='ltr'><strong>vere</strong></span> 
     </span>
     <span class='ocr_line' id='line_1_56' title="bbox 1682 2631 3248 2704; baseline -0.005 -11"><span class='ocrx_word' id='word_1_364' title='bbox 1682 2639 1825 2701; x_wconf 88' lang='lat' dir='ltr'><strong>dico,</strong></span> <span class='ocrx_word' id='word_1_365' title='bbox 1849 2636 2185 2693; x_wconf 83' lang='lat' dir='ltr'><strong>dilectissimi</strong></span> <span class='ocrx_word' id='word_1_366' title='bbox 2207 2636 2261 2690; x_wconf 90' lang='lat' dir='ltr'><strong>in</strong></span> <span class='ocrx_word' id='word_1_367' title='bbox 2286 2633 2533 2700; x_wconf 83' lang='lat' dir='ltr'><strong>Domino,</strong></span> <span class='ocrx_word' id='word_1_368' title='bbox 2558 2634 2683 2704; x_wconf 89' lang='lat' dir='ltr'><strong>quia</strong></span> <span class='ocrx_word' id='word_1_369' title='bbox 2704 2648 2808 2689; x_wconf 90' lang='lat' dir='ltr'><strong>non</strong></span> <span class='ocrx_word' id='word_1_370' title='bbox 2838 2632 3094 2688; x_wconf 81' lang='lat' dir='ltr'><strong>debemus</strong></span> <span class='ocrx_word' id='word_1_371' title='bbox 3118 2631 3248 2685; x_wconf 85' lang='lat' dir='ltr'><strong>dare</strong></span> 
     </span>
     <span class='ocr_line' id='line_1_57' title="bbox 1679 2722 3252 2797; baseline -0.004 -13"><span class='ocrx_word' id='word_1_372' title='bbox 1679 2744 1929 2784; x_wconf 89' lang='lat' dir='ltr'><strong>somnum</strong></span> <span class='ocrx_word' id='word_1_373' title='bbox 1978 2729 2151 2785; x_wconf 89' lang='lat' dir='ltr'><strong>oculis</strong></span> <span class='ocrx_word' id='word_1_374' title='bbox 2211 2727 2432 2792; x_wconf 82' lang='lat' dir='ltr'><strong>nostris,</strong></span> <span class='ocrx_word' id='word_1_375' title='bbox 2492 2741 2667 2797; x_wconf 84' lang='lat' dir='ltr'><strong>neque</strong></span> <span class='ocrx_word' id='word_1_376' title='bbox 2724 2724 2996 2795; x_wconf 83' lang='lat' dir='ltr'><strong>palpebris</strong></span> <span class='ocrx_word' id='word_1_377' title='bbox 3048 2722 3252 2778; x_wconf 80' lang='lat' dir='ltr'><strong>nostris</strong></span> 
     </span>
     <span class='ocr_line' id='line_1_58' title="bbox 1679 2809 3253 2890; baseline -0.005 -14"><span class='ocrx_word' id='word_1_378' title='bbox 1679 2820 2121 2877; x_wconf 81' lang='lat' dir='ltr'><strong>dormitationem</strong></span> <span class='ocrx_word' id='word_1_379' title='bbox 2153 2821 2195 2886; x_wconf 82' lang='lat'><strong>⁸,</strong></span> <span class='ocrx_word' id='word_1_380' title='bbox 2255 2818 2593 2890; x_wconf 84' lang='lat' dir='ltr'><strong>postulantes</strong></span> <span class='ocrx_word' id='word_1_381' title='bbox 2643 2831 2707 2871; x_wconf 89' lang='lat' dir='ltr'><strong>ac</strong></span> <span class='ocrx_word' id='word_1_382' title='bbox 2748 2820 3105 2887; x_wconf 77' lang='lat' dir='ltr'><strong>perurgentes</strong></span> <span class='ocrx_word' id='word_1_383' title='bbox 3157 2809 3253 2868; x_wconf 85' lang='lat' dir='ltr'><strong>Dei</strong></span> 
     </span>
     <span class='ocr_line' id='line_1_59' title="bbox 1680 2909 3253 2976; baseline -0.004 -11"><span class='ocrx_word' id='word_1_384' title='bbox 1680 2911 1861 2967; x_wconf 84' lang='lat' dir='ltr'><strong>Patris</strong></span> <span class='ocrx_word' id='word_1_385' title='bbox 1912 2910 2342 2967; x_wconf 67' lang='lat' dir='ltr'><strong>inaestimabilem</strong></span> <span class='ocrx_word' id='word_1_386' title='bbox 2394 2909 2715 2972; x_wconf 86' lang='lat' dir='ltr'><strong>bonitatem,</strong></span> <span class='ocrx_word' id='word_1_387' title='bbox 2770 2920 3050 2976; x_wconf 86' lang='lat' dir='ltr'><strong>usquequo</strong></span> <span class='ocrx_word' id='word_1_388' title='bbox 3093 2918 3253 2975; x_wconf 83' lang='lat' dir='ltr'><strong>egre-</strong></span> 
     </span>
     <span class='ocr_line' id='line_1_60' title="bbox 1678 2996 3247 3070; baseline -0.004 -15"><span class='ocrx_word' id='word_1_389' title='bbox 1678 3001 1858 3056; x_wconf 89' lang='lat' dir='ltr'><strong>diatur</strong></span> <span class='ocrx_word' id='word_1_390' title='bbox 1882 3002 2182 3065; x_wconf 85' lang='lat' dir='ltr'><strong>nobiscum,</strong></span> <span class='ocrx_word' id='word_1_391' title='bbox 2211 3008 2267 3056; x_wconf 91' lang='lat' dir='ltr'><strong>et</strong></span> <span class='ocrx_word' id='word_1_392' title='bbox 2308 3000 2361 3055; x_wconf 92' lang='lat' dir='ltr'><strong>in</strong></span> <span class='ocrx_word' id='word_1_393' title='bbox 2396 2999 2499 3055; x_wconf 82' lang='lat' dir='ltr'><strong>hoc</strong></span> <span class='ocrx_word' id='word_1_394' title='bbox 2553 2997 2791 3070; x_wconf 85' lang='lat' dir='ltr'><strong>requiem</strong></span> <span class='ocrx_word' id='word_1_395' title='bbox 2832 2997 3124 3052; x_wconf 84' lang='lat' dir='ltr'><strong>babeamus</strong></span> <span class='ocrx_word' id='word_1_396' title='bbox 3148 2996 3247 3050; x_wconf 89' lang='lat' dir='ltr'><strong>ad·</strong></span> 
     </span>
    </p>
   </div>
   <div class='ocr_carea' id='block_1_7' title="bbox 206 3077 3249 3165">
    <p class='ocr_par' dir='ltr' id='par_1_8' title="bbox 206 3077 3249 3165">
     <span class='ocr_line' id='line_1_61' title="bbox 206 3077 3249 3165; baseline 0.002 -28"><span class='ocrx_word' id='word_1_397' title='bbox 206 3095 261 3142; x_wconf 84' lang='lat' dir='ltr'><strong>et</strong></span> <span class='ocrx_word' id='word_1_398' title='bbox 301 3077 674 3152; x_wconf 72' lang='lat' dir='ltr'><strong>considerans,</strong></span> <span class='ocrx_word' id='word_1_399' title='bbox 702 3096 756 3142; x_wconf 77' lang='lat' dir='ltr'><strong>et</strong></span> <span class='ocrx_word' id='word_1_400' title='bbox 803 3088 1125 3157; x_wconf 80' lang='lat' dir='ltr'><strong>patientiam</strong></span> <span class='ocrx_word' id='word_1_401' title='bbox 1158 3085 1282 3154; x_wconf 80' lang='lat' dir='ltr'><strong>ejus</strong></span> <span class='ocrx_word' id='word_1_402' title='bbox 1314 3086 1368 3140; x_wconf 92' lang='lat' dir='ltr'><strong>in</strong></span> <span class='ocrx_word' id='word_1_403' title='bbox 1401 3095 1575 3142; x_wconf 87' lang='lat' dir='ltr'><strong>tenta·</strong></span> <span class='ocrx_word' id='word_1_404' title='bbox 1601 3105 1648 3165; x_wconf 68' lang='grc' dir='ltr'>ρ</span> <span class='ocrx_word' id='word_1_405' title='bbox 1684 3105 1872 3150; x_wconf 81' lang='lat' dir='ltr'><strong>ventus</strong></span> <span class='ocrx_word' id='word_1_406' title='bbox 1900 3093 2028 3150; x_wconf 82' lang='lat' dir='ltr'><strong>Jesu</strong></span> <span class='ocrx_word' id='word_1_407' title='bbox 2077 3102 2238 3165; x_wconf 86' lang='lat' dir='ltr'><strong>atquc</strong></span> <span class='ocrx_word' id='word_1_408' title='bbox 2270 3093 2507 3157; x_wconf 71' lang='lat' dir='ltr'><strong>virtutis»,</strong></span> <span class='ocrx_word' id='word_1_409' title='bbox 2557 3100 2617 3146; x_wconf 92' lang='lat' dir='ltr'><strong>ut</strong></span> <span class='ocrx_word' id='word_1_410' title='bbox 2663 3091 3021 3159; x_wconf 80' lang='lat' dir='ltr'><strong>obsequamur</strong></span> <span class='ocrx_word' id='word_1_411' title='bbox 3045 3088 3249 3143; x_wconf 83' lang='lat' dir='ltr'><strong>sanctis</strong></span> 
     </span>
    </p>
   </div>
   <div class='ocr_carea' id='block_1_8' title="bbox 191 3176 1448 3248">
    <p class='ocr_par' dir='ltr' id='par_1_9' title="bbox 191 3176 1448 3248">
     <span class='ocr_line' id='line_1_62' title="bbox 191 3176 1448 3248; baseline -0.001 -17"><span class='ocrx_word' id='word_1_412' title='bbox 191 3191 244 3234; x_wconf 79' lang='lat' dir='ltr'><strong>as</strong></span> <span class='ocrx_word' id='word_1_413' title='bbox 264 3178 645 3248; x_wconf 85' lang='lat' dir='ltr'><strong>perdurantem</strong></span> <span class='ocrx_word' id='word_1_414' title='bbox 678 3177 967 3241; x_wconf 81' lang='lat' dir='ltr'><strong>miserans,</strong></span> <span class='ocrx_word' id='word_1_415' title='bbox 1001 3176 1278 3247; x_wconf 80' lang='lat' dir='ltr'><strong>adjuvabit</strong></span> <span class='ocrx_word' id='word_1_416' title='bbox 1304 3185 1448 3232; x_wconf 79' lang='lat' dir='ltr'><strong>eunt.</strong></span> 
     </span>
    </p>
   </div>
   <div class='ocr_carea' id='block_1_9' title="bbox 190 3268 1584 4443">
    <p class='ocr_par' dir='ltr' id='par_1_10' title="bbox 561 3268 1211 3347">
     <span class='ocr_line' id='line_1_63' title="bbox 561 3268 1211 3347; baseline -0.003 -21"><span class='ocrx_word' id='word_1_417' title='bbox 561 3268 896 3326; x_wconf 65' lang='lat' dir='ltr'><strong>EPts‘rom</strong></span> <span class='ocrx_word' id='word_1_418' title='bbox 933 3268 996 3325; x_wconf 88' lang='lat' dir='ltr'><strong>ll.</strong></span> <span class='ocrx_word' id='word_1_419' title='bbox 1200 3338 1211 3347; x_wconf 87' lang='lat'><strong>.</strong></span> 
     </span>
    </p>

    <p class='ocr_par' dir='ltr' id='par_1_11' title="bbox 190 3350 1584 4443">
     <span class='ocr_line' id='line_1_64' title="bbox 525 3350 1365 3437; baseline 0.007 -18"><span class='ocrx_word' id='word_1_420' title='bbox 525 3380 631 3435; x_wconf 28' lang='lat' dir='ltr'><strong>*an</strong></span> <span class='ocrx_word' id='word_1_421' title='bbox 669 3350 1033 3437; x_wconf 57' lang='grc' dir='ltr'>Αιωιιοιτμῖ</span> <span class='ocrx_word' id='word_1_422' title='bbox 1098 3366 1109 3387; x_wconf 90' lang='grc'><strong>’“</strong></span> <span class='ocrx_word' id='word_1_423' title='bbox 1353 3415 1365 3425; x_wconf 71' lang='lat'><strong>.</strong></span> 
     </span>
     <span class='ocr_line' id='line_1_65' title="bbox 192 3454 1578 3527; baseline -0.001 -12"><span class='ocrx_word' id='word_1_424' title='bbox 192 3460 437 3517; x_wconf 63' lang='lat' dir='ltr'><strong>alonius.</strong></span> <span class='ocrx_word' id='word_1_425' title='bbox 460 3457 721 3510; x_wconf 73' lang='lat' dir='ltr'><strong>omuibus</strong></span> <span class='ocrx_word' id='word_1_426' title='bbox 768 3454 1135 3512; x_wconf 76' lang='lat' dir='ltr'><strong>dileetissimis</strong></span> <span class='ocrx_word' id='word_1_427' title='bbox 1192 3458 1284 3527; x_wconf 83' lang='lat' dir='ltr'><strong>qni</strong></span> <span class='ocrx_word' id='word_1_428' title='bbox 1332 3466 1463 3514; x_wconf 83' lang='lat' dir='ltr'><strong>sunt</strong></span> <span class='ocrx_word' id='word_1_429' title='bbox 1524 3458 1578 3513; x_wconf 82' lang='lat' dir='ltr'><strong>in</strong></span> 
     </span>
     <span class='ocr_line' id='line_1_66' title="bbox 191 3542 1577 3618; baseline 0.003 -18"><span class='ocrx_word' id='word_1_430' title='bbox 191 3553 280 3602; x_wconf 70' lang='lat' dir='ltr'><strong>»ite</strong></span> <span class='ocrx_word' id='word_1_431' title='bbox 329 3557 389 3601; x_wconf 90' lang='lat' dir='ltr'><strong>et</strong></span> <span class='ocrx_word' id='word_1_432' title='bbox 424 3548 480 3600; x_wconf 89' lang='lat' dir='ltr'><strong>iu</strong></span> <span class='ocrx_word' id='word_1_433' title='bbox 513 3542 776 3615; x_wconf 82' lang='lat' dir='ltr'><strong>parocbia</strong></span> <span class='ocrx_word' id='word_1_434' title='bbox 804 3546 941 3614; x_wconf 83' lang='lat' dir='ltr'><strong>eJus,</strong></span> <span class='ocrx_word' id='word_1_435' title='bbox 966 3546 1047 3602; x_wconf 82' lang='lat' dir='ltr'><strong>vel</strong></span> <span class='ocrx_word' id='word_1_436' title='bbox 1094 3550 1184 3618; x_wconf 89' lang='lat' dir='ltr'><strong>qni</strong></span> <span class='ocrx_word' id='word_1_437' title='bbox 1211 3563 1334 3604; x_wconf 87' lang='lat' dir='ltr'><strong>cum</strong></span> <span class='ocrx_word' id='word_1_438' title='bbox 1366 3548 1491 3617; x_wconf 86' lang='lat' dir='ltr'><strong>illis,</strong></span> <span class='ocrx_word' id='word_1_439' title='bbox 1524 3549 1577 3604; x_wconf 91' lang='lat' dir='ltr'><strong>in</strong></span> 
     </span>
     <span class='ocr_line' id='line_1_67' title="bbox 190 3636 536 3693; baseline 0.012 -4"><span class='ocrx_word' id='word_1_440' title='bbox 190 3654 239 3689; x_wconf 85' lang='grc' dir='ltr'><strong>ιο</strong></span> <span class='ocrx_word' id='word_1_441' title='bbox 278 3636 536 3693; x_wconf 75' lang='lat' dir='ltr'><strong>salutem.</strong></span> 
     </span>
     <span class='ocr_line' id='line_1_68' title="bbox 191 3729 1581 3806; baseline 0.012 -30"><span class='ocrx_word' id='word_1_442' title='bbox 191 3740 392 3797; x_wconf 63' lang='lat' dir='ltr'><strong>iversos</strong></span> <span class='ocrx_word' id='word_1_443' title='bbox 430 3740 525 3780; x_wconf 76' lang='lat' dir='ltr'><strong>vos</strong></span> <span class='ocrx_word' id='word_1_444' title='bbox 557 3737 771 3796; x_wconf 88' lang='lat' dir='ltr'><strong>paratos</strong></span> <span class='ocrx_word' id='word_1_445' title='bbox 801 3729 950 3806; x_wconf 76' lang='lat' dir='ltr'><strong>ubine</strong></span> <span class='ocrx_word' id='word_1_446' title='bbox 988 3733 1054 3786; x_wconf 88' lang='lat' dir='ltr'><strong>ad</strong></span> <span class='ocrx_word' id='word_1_447' title='bbox 1090 3733 1276 3798; x_wconf 84' lang='lat' dir='ltr'><strong>Deum.</strong></span> <span class='ocrx_word' id='word_1_448' title='bbox 1323 3735 1498 3792; x_wconf 89' lang='lat' dir='ltr'><strong>saluto</strong></span> <span class='ocrx_word' id='word_1_449' title='bbox 1527 3736 1581 3792; x_wconf 91' lang='lat' dir='ltr'><strong>in</strong></span> 
     </span>
     <span class='ocr_line' id='line_1_69' title="bbox 196 3818 1577 3905; baseline 0.011 -35"><span class='ocrx_word' id='word_1_450' title='bbox 196 3832 268 3884; x_wconf 84' lang='lat' dir='ltr'><strong>to,</strong></span> <span class='ocrx_word' id='word_1_451' title='bbox 297 3818 624 3885; x_wconf 86' lang='lat' dir='ltr'><strong>charissimi,</strong></span> <span class='ocrx_word' id='word_1_452' title='bbox 654 3835 686 3876; x_wconf 89' lang='lat' dir='ltr'><strong>a</strong></span> <span class='ocrx_word' id='word_1_453' title='bbox 720 3818 932 3905; x_wconf 80' lang='lat' dir='ltr'><strong>minore</strong></span> <span class='ocrx_word' id='word_1_454' title='bbox 963 3831 1134 3895; x_wconf 74' lang='lat' dir='ltr'><strong>usque</strong></span> <span class='ocrx_word' id='word_1_455' title='bbox 1161 3827 1229 3880; x_wconf 88' lang='lat' dir='ltr'><strong>ad</strong></span> <span class='ocrx_word' id='word_1_456' title='bbox 1263 3828 1577 3893; x_wconf 82' lang='lat' dir='ltr'><strong>maximum.</strong></span> 
     </span>
     <span class='ocr_line' id='line_1_70' title="bbox 191 3912 1577 3987; baseline 0.008 -23"><span class='ocrx_word' id='word_1_457' title='bbox 191 3912 433 3968; x_wconf 85' lang='lat' dir='ltr'><strong>nasculis</strong></span> <span class='ocrx_word' id='word_1_458' title='bbox 475 3927 644 3983; x_wconf 83' lang='lat' dir='ltr'><strong>usque</strong></span> <span class='ocrx_word' id='word_1_459' title='bbox 682 3917 750 3972; x_wconf 79' lang='lat' dir='ltr'><strong>ad</strong></span> <span class='ocrx_word' id='word_1_460' title='bbox 793 3915 1052 3979; x_wconf 72' lang='lat' dir='ltr'><strong>feminas.</strong></span> <span class='ocrx_word' id='word_1_461' title='bbox 1079 3918 1125 3975; x_wconf 88' lang='lat'>0</span> <span class='ocrx_word' id='word_1_462' title='bbox 1154 3918 1249 3977; x_wconf 85' lang='lat' dir='ltr'><strong>lilii</strong></span> <span class='ocrx_word' id='word_1_463' title='bbox 1293 3919 1577 3987; x_wconf 66' lang='lat' dir='ltr'><strong>israelitae,</strong></span> 
     </span>
     <span class='ocr_line' id='line_1_71' title="bbox 191 4005 1583 4067; baseline 0.006 -9"><span class='ocrx_word' id='word_1_464' title='bbox 191 4005 310 4059; x_wconf 89' lang='lat' dir='ltr'><strong>dum</strong></span> <span class='ocrx_word' id='word_1_465' title='bbox 375 4007 676 4063; x_wconf 84' lang='lat' dir='ltr'><strong>sensualem</strong></span> <span class='ocrx_word' id='word_1_466' title='bbox 742 4019 985 4064; x_wconf 82' lang='lat' dir='ltr'><strong>vestram</strong></span> <span class='ocrx_word' id='word_1_467' title='bbox 1048 4012 1399 4066; x_wconf 85' lang='lat' dir='ltr'><strong>exstantiam.</strong></span> <span class='ocrx_word' id='word_1_468' title='bbox 1442 4010 1583 4067; x_wconf 83' lang='lat' dir='ltr'><strong>Vere</strong></span> 
     </span>
     <span class='ocr_line' id='line_1_72' title="bbox 191 4095 1580 4171; baseline 0.005 -21"><span class='ocrx_word' id='word_1_469' title='bbox 191 4111 239 4161; x_wconf 81' lang='lat' dir='ltr'><strong>a,</strong></span> <span class='ocrx_word' id='word_1_470' title='bbox 276 4095 447 4164; x_wconf 85' lang='lat' dir='ltr'><strong>lilioli,</strong></span> <span class='ocrx_word' id='word_1_471' title='bbox 481 4100 700 4169; x_wconf 74' lang='lat' dir='ltr'><strong>grandis</strong></span> <span class='ocrx_word' id='word_1_472' title='bbox 746 4098 901 4156; x_wconf 79' lang='lat' dir='ltr'><strong>vebis</strong></span> <span class='ocrx_word' id='word_1_473' title='bbox 930 4100 988 4155; x_wconf 87' lang='lat' dir='ltr'><strong>in</strong></span> <span class='ocrx_word' id='word_1_474' title='bbox 1019 4105 1370 4171; x_wconf 77' lang='lat' dir='ltr'><strong>generatione</strong></span> <span class='ocrx_word' id='word_1_475' title='bbox 1402 4112 1580 4158; x_wconf 81' lang='lat' dir='ltr'><strong>vestra</strong></span> 
     </span>
     <span class='ocr_line' id='line_1_73' title="bbox 191 4189 1580 4263; baseline 0.003 -20"><span class='ocrx_word' id='word_1_476' title='bbox 191 4189 320 4247; x_wconf 83' lang='lat' dir='ltr'><strong>ssio.</strong></span> <span class='ocrx_word' id='word_1_477' title='bbox 376 4190 613 4245; x_wconf 83' lang='lat' dir='ltr'><strong>Decebat</strong></span> <span class='ocrx_word' id='word_1_478' title='bbox 663 4192 862 4262; x_wconf 84' lang='lat' dir='ltr'><strong>quippe</strong></span> <span class='ocrx_word' id='word_1_479' title='bbox 916 4206 1016 4247; x_wconf 77' lang='lat' dir='ltr'><strong>vos</strong></span> <span class='ocrx_word' id='word_1_480' title='bbox 1064 4202 1285 4263; x_wconf 89' lang='lat' dir='ltr'><strong>propter</strong></span> <span class='ocrx_word' id='word_1_481' title='bbox 1325 4208 1446 4249; x_wconf 89' lang='lat' dir='ltr'><strong>eum</strong></span> <span class='ocrx_word' id='word_1_482' title='bbox 1489 4193 1580 4262; x_wconf 89' lang='lat' dir='ltr'><strong>qui</strong></span> 
     </span>
     <span class='ocr_line' id='line_1_74' title="bbox 196 4279 1584 4354; baseline 0.002 -20"><span class='ocrx_word' id='word_1_483' title='bbox 196 4282 373 4336; x_wconf 88' lang='lat' dir='ltr'><strong>ionem</strong></span> <span class='ocrx_word' id='word_1_484' title='bbox 404 4281 574 4336; x_wconf 79' lang='lat' dir='ltr'><strong>vestri</strong></span> <span class='ocrx_word' id='word_1_485' title='bbox 617 4279 768 4347; x_wconf 74' lang='lat' dir='ltr'><strong>lecit,</strong></span> <span class='ocrx_word' id='word_1_486' title='bbox 815 4286 1160 4352; x_wconf 75' lang='lat' dir='ltr'><strong>nequaquam</strong></span> <span class='ocrx_word' id='word_1_487' title='bbox 1213 4282 1427 4354; x_wconf 76' lang='lat' dir='ltr'><strong>fatigari</strong></span> <span class='ocrx_word' id='word_1_488' title='bbox 1472 4297 1584 4339; x_wconf 87' lang='lat' dir='ltr'><strong>eer-</strong></span> 
     </span>
     <span class='ocr_line' id='line_1_75' title="bbox 192 4372 1578 4443; baseline 0.001 -17"><span class='ocrx_word' id='word_1_489' title='bbox 192 4413 209 4437; x_wconf 89' lang='lat'>,</span> <span class='ocrx_word' id='word_1_490' title='bbox 282 4373 459 4428; x_wconf 89' lang='lat' dir='ltr'><strong>donee</strong></span> <span class='ocrx_word' id='word_1_491' title='bbox 530 4372 891 4443; x_wconf 72' lang='lat' dir='ltr'><strong>vosmetipsos</strong></span> <span class='ocrx_word' id='word_1_492' title='bbox 938 4372 1206 4429; x_wconf 71' lang='lat' dir='ltr'><strong>offerretis</strong></span> <span class='ocrx_word' id='word_1_493' title='bbox 1255 4374 1578 4430; x_wconf 76' lang='lat' dir='ltr'><strong>sacrificium</strong></span> 
     </span>
    </p>
   </div>
   <div class='ocr_carea' id='block_1_10' title="bbox 192 4444 1653 4531">
    <p class='ocr_par' dir='ltr' id='par_1_12' title="bbox 192 4444 1653 4531">
     <span class='ocr_line' id='line_1_76' title="bbox 192 4444 1653 4531; baseline -0.001 -16"><span class='ocrx_word' id='word_1_494' title='bbox 192 4478 213 4515; x_wconf 88' lang='grc' dir='ltr'><strong>ι</strong></span> <span class='ocrx_word' id='word_1_495' title='bbox 234 4458 407 4519; x_wconf 77' lang='lat' dir='ltr'><strong>&#39;omni</strong></span> <span class='ocrx_word' id='word_1_496' title='bbox 455 4462 847 4527; x_wconf 81' lang='lat' dir='ltr'><strong>sanctimonia,</strong></span> <span class='ocrx_word' id='word_1_497' title='bbox 881 4462 1007 4516; x_wconf 89' lang='lat' dir='ltr'><strong>sine</strong></span> <span class='ocrx_word' id='word_1_498' title='bbox 1045 4476 1152 4531; x_wconf 89' lang='lat' dir='ltr'><strong>qua</strong></span> <span class='ocrx_word' id='word_1_499' title='bbox 1186 4475 1346 4516; x_wconf 91' lang='lat' dir='ltr'><strong>nemo</strong></span> <span class='ocrx_word' id='word_1_500' title='bbox 1383 4461 1579 4530; x_wconf 89' lang='lat' dir='ltr'><strong>poterit</strong></span> <span class='ocrx_word' id='word_1_501' title='bbox 1610 4444 1653 4499; x_wconf 83' lang='lat' dir='ltr'>D</span> 
     </span>
    </p>
   </div>
   <div class='ocr_carea' id='block_1_11' title="bbox 190 4551 1583 5539">
    <p class='ocr_par' dir='ltr' id='par_1_13' title="bbox 190 4551 1582 5344">
     <span class='ocr_line' id='line_1_77' title="bbox 191 4551 1581 4625; baseline 0 -19"><span class='ocrx_word' id='word_1_502' title='bbox 191 4553 331 4606; x_wconf 88' lang='lat' dir='ltr'><strong>itare</strong></span> <span class='ocrx_word' id='word_1_503' title='bbox 376 4552 565 4608; x_wconf 81' lang='lat' dir='ltr'><strong>Deum.</strong></span> <span class='ocrx_word' id='word_1_504' title='bbox 604 4551 741 4607; x_wconf 83' lang='lat' dir='ltr'><strong>Nam</strong></span> <span class='ocrx_word' id='word_1_505' title='bbox 774 4568 875 4623; x_wconf 89' lang='lat' dir='ltr'><strong>pro</strong></span> <span class='ocrx_word' id='word_1_506' title='bbox 902 4562 1074 4617; x_wconf 86' lang='lat' dir='ltr'><strong>certo,</strong></span> <span class='ocrx_word' id='word_1_507' title='bbox 1107 4551 1436 4615; x_wconf 84' lang='lat' dir='ltr'><strong>charissimi,</strong></span> <span class='ocrx_word' id='word_1_508' title='bbox 1474 4566 1581 4625; x_wconf 80' lang='lat' dir='ltr'><strong>ma·</strong></span> 
     </span>
     <span class='ocr_line' id='line_1_78' title="bbox 194 4641 1570 4713; baseline -0.003 -13"><span class='ocrx_word' id='word_1_509' title='bbox 194 4652 281 4700; x_wconf 86' lang='lat' dir='ltr'><strong>est</strong></span> <span class='ocrx_word' id='word_1_510' title='bbox 313 4644 468 4699; x_wconf 72' lang='lat' dir='ltr'><strong>vobis</strong></span> <span class='ocrx_word' id='word_1_511' title='bbox 521 4645 687 4711; x_wconf 84' lang='lat' dir='ltr'><strong>istud,</strong></span> <span class='ocrx_word' id='word_1_512' title='bbox 733 4651 792 4697; x_wconf 95' lang='lat' dir='ltr'><strong>ut</strong></span> <span class='ocrx_word' id='word_1_513' title='bbox 840 4642 1229 4713; x_wconf 84' lang='lat' dir='ltr'><strong>percontetnini</strong></span> <span class='ocrx_word' id='word_1_514' title='bbox 1281 4641 1348 4697; x_wconf 88' lang='lat' dir='ltr'><strong>de</strong></span> <span class='ocrx_word' id='word_1_515' title='bbox 1391 4643 1570 4711; x_wconf 77' lang='lat' dir='ltr'><strong>cogni·</strong></span> 
     </span>
     <span class='ocr_line' id='line_1_79' title="bbox 191 4732 1580 4804; baseline -0.001 -14"><span class='ocrx_word' id='word_1_516' title='bbox 191 4736 451 4790; x_wconf 77' lang='lat' dir='ltr'><strong>sensualis</strong></span> <span class='ocrx_word' id='word_1_517' title='bbox 494 4735 804 4800; x_wconf 65' lang='lat' dir='ltr'><strong>exstantiae,</strong></span> <span class='ocrx_word' id='word_1_518' title='bbox 834 4734 888 4789; x_wconf 86' lang='lat' dir='ltr'><strong>in</strong></span> <span class='ocrx_word' id='word_1_519' title='bbox 919 4748 1022 4804; x_wconf 89' lang='lat' dir='ltr'><strong>qua</strong></span> <span class='ocrx_word' id='word_1_520' title='bbox 1057 4749 1162 4788; x_wconf 91' lang='lat' dir='ltr'><strong>non</strong></span> <span class='ocrx_word' id='word_1_521' title='bbox 1195 4743 1277 4789; x_wconf 89' lang='lat' dir='ltr'><strong>est</strong></span> <span class='ocrx_word' id='word_1_522' title='bbox 1309 4732 1580 4789; x_wconf 85' lang='lat' dir='ltr'><strong>masculus</strong></span> 
     </span>
     <span class='ocr_line' id='line_1_80' title="bbox 226 4824 1578 4888; baseline -0.001 -8"><span class='ocrx_word' id='word_1_523' title='bbox 226 4825 450 4888; x_wconf 75' lang='lat' dir='ltr'><strong>fetniua.</strong></span> <span class='ocrx_word' id='word_1_524' title='bbox 488 4829 587 4882; x_wconf 87' lang='lat' dir='ltr'><strong>sed</strong></span> <span class='ocrx_word' id='word_1_525' title='bbox 638 4826 946 4882; x_wconf 83' lang='lat' dir='ltr'><strong>substantia</strong></span> <span class='ocrx_word' id='word_1_526' title='bbox 1001 4833 1214 4881; x_wconf 88' lang='lat' dir='ltr'><strong>tantum</strong></span> <span class='ocrx_word' id='word_1_527' title='bbox 1252 4824 1578 4879; x_wconf 89' lang='lat' dir='ltr'><strong>immortalis</strong></span> 
     </span>
     <span class='ocr_line' id='line_1_81' title="bbox 192 4912 1581 4989; baseline -0.001 -19"><span class='ocrx_word' id='word_1_528' title='bbox 192 4927 242 4981; x_wconf 84' lang='lat' dir='ltr'><strong>.t,</strong></span> <span class='ocrx_word' id='word_1_529' title='bbox 301 4917 511 4973; x_wconf 79' lang='lat' dir='ltr'><strong>habens</strong></span> <span class='ocrx_word' id='word_1_530' title='bbox 565 4919 783 4989; x_wconf 79' lang='lat' dir='ltr'><strong>quidem</strong></span> <span class='ocrx_word' id='word_1_531' title='bbox 835 4912 1180 4988; x_wconf 86' lang='lat' dir='ltr'><strong>principium,</strong></span> <span class='ocrx_word' id='word_1_532' title='bbox 1238 4915 1399 4970; x_wconf 80' lang='lat' dir='ltr'><strong>fiuent</strong></span> <span class='ocrx_word' id='word_1_533' title='bbox 1451 4927 1581 4969; x_wconf 81' lang='lat' dir='ltr'><strong>vero</strong></span> 
     </span>
     <span class='ocr_line' id='line_1_82' title="bbox 191 5002 1579 5079; baseline 0 -17"><span class='ocrx_word' id='word_1_534' title='bbox 191 5023 353 5077; x_wconf 87' lang='lat' dir='ltr'><strong>quam</strong></span> <span class='ocrx_word' id='word_1_535' title='bbox 387 5009 774 5079; x_wconf 81' lang='lat' dir='ltr'><strong>:debitumque</strong></span> <span class='ocrx_word' id='word_1_536' title='bbox 803 5009 961 5065; x_wconf 78' lang='lat' dir='ltr'><strong>vobis</strong></span> <span class='ocrx_word' id='word_1_537' title='bbox 987 5016 1108 5064; x_wconf 89' lang='lat' dir='ltr'><strong>erat</strong></span> <span class='ocrx_word' id='word_1_538' title='bbox 1153 5020 1480 5077; x_wconf 83' lang='lat' dir='ltr'><strong>cognoscere</strong></span> <span class='ocrx_word' id='word_1_539' title='bbox 1509 5002 1579 5062; x_wconf 86' lang='lat' dir='ltr'><strong>de</strong></span> 
     </span>
     <span class='ocr_line' id='line_1_83' title="bbox 192 5097 1582 5159; baseline -0.001 -4"><span class='ocrx_word' id='word_1_540' title='bbox 192 5103 395 5157; x_wconf 77' lang='lat' dir='ltr'><strong>mnodo</strong></span> <span class='ocrx_word' id='word_1_541' title='bbox 442 5104 664 5159; x_wconf 78' lang='lat' dir='ltr'><strong>otnuino</strong></span> <span class='ocrx_word' id='word_1_542' title='bbox 710 5101 974 5158; x_wconf 86' lang='lat' dir='ltr'><strong>deciderit</strong></span> <span class='ocrx_word' id='word_1_543' title='bbox 1017 5101 1070 5155; x_wconf 91' lang='lat' dir='ltr'><strong>in</strong></span> <span class='ocrx_word' id='word_1_544' title='bbox 1124 5109 1327 5153; x_wconf 92' lang='lat' dir='ltr'><strong>tantam</strong></span> <span class='ocrx_word' id='word_1_545' title='bbox 1359 5097 1582 5153; x_wconf 87' lang='lat' dir='ltr'><strong>humili·</strong></span> 
     </span>
     <span class='ocr_line' id='line_1_84' title="bbox 220 5193 1581 5266; baseline -0.001 -16"><span class='ocrx_word' id='word_1_546' title='bbox 220 5206 276 5250; x_wconf 91' lang='lat' dir='ltr'><strong>et</strong></span> <span class='ocrx_word' id='word_1_547' title='bbox 330 5195 705 5253; x_wconf 77' lang='lat' dir='ltr'><strong>confusionem</strong></span> <span class='ocrx_word' id='word_1_548' title='bbox 755 5196 1034 5260; x_wconf 84' lang='lat' dir='ltr'><strong>eximiam,</strong></span> <span class='ocrx_word' id='word_1_549' title='bbox 1066 5210 1185 5266; x_wconf 81' lang='lat' dir='ltr'><strong>quae</strong></span> <span class='ocrx_word' id='word_1_550' title='bbox 1217 5193 1581 5263; x_wconf 83' lang='lat' dir='ltr'><strong>pertransiens</strong></span> 
     </span>
     <span class='ocr_line' id='line_1_85' title="bbox 190 5286 807 5344; baseline 0.003 -5"><span class='ocrx_word' id='word_1_551' title='bbox 190 5287 344 5341; x_wconf 88' lang='lat' dir='ltr'><strong>nibus</strong></span> <span class='ocrx_word' id='word_1_552' title='bbox 378 5288 533 5344; x_wconf 82' lang='lat' dir='ltr'><strong>vobis</strong></span> <span class='ocrx_word' id='word_1_553' title='bbox 567 5286 807 5343; x_wconf 71' lang='lat' dir='ltr'><strong>advenit.</strong></span> 
     </span>
    </p>

    <p class='ocr_par' dir='ltr' id='par_1_14' title="bbox 191 5374 1583 5539">
     <span class='ocr_line' id='line_1_86' title="bbox 191 5374 1583 5449; baseline -0.001 -18"><span class='ocrx_word' id='word_1_554' title='bbox 191 5379 350 5448; x_wconf 81' lang='lat' dir='ltr'><strong>igitur</strong></span> <span class='ocrx_word' id='word_1_555' title='bbox 383 5380 597 5449; x_wconf 88' lang='lat' dir='ltr'><strong>qnando</strong></span> <span class='ocrx_word' id='word_1_556' title='bbox 643 5379 948 5435; x_wconf 85' lang='lat' dir='ltr'><strong>substantia</strong></span> <span class='ocrx_word' id='word_1_557' title='bbox 991 5377 1314 5433; x_wconf 84' lang='lat' dir='ltr'><strong>immortalis</strong></span> <span class='ocrx_word' id='word_1_558' title='bbox 1366 5374 1583 5431; x_wconf 78' lang='lat' dir='ltr'><strong>exsistit</strong></span> 
     </span>
     <span class='ocr_line' id='line_1_87' title="bbox 191 5465 1583 5539; baseline -0.001 -19"><span class='ocrx_word' id='word_1_559' title='bbox 191 5465 512 5522; x_wconf 71' lang='lat' dir='ltr'><strong>›usolvenda</strong></span> <span class='ocrx_word' id='word_1_560' title='bbox 548 5470 890 5539; x_wconf 82' lang='lat' dir='ltr'><strong>corporibus,</strong></span> <span class='ocrx_word' id='word_1_561' title='bbox 927 5466 1069 5522; x_wconf 89' lang='lat' dir='ltr'><strong>banc</strong></span> <span class='ocrx_word' id='word_1_562' title='bbox 1095 5469 1166 5521; x_wconf 91' lang='lat' dir='ltr'><strong>ob</strong></span> <span class='ocrx_word' id='word_1_563' title='bbox 1195 5479 1414 5522; x_wconf 89' lang='lat' dir='ltr'><strong>causam</strong></span> <span class='ocrx_word' id='word_1_564' title='bbox 1443 5465 1583 5522; x_wconf 73' lang='lat' dir='ltr'><strong>Deus</strong></span> 
     </span>
    </p>
   </div>
   <div class='ocr_carea' id='block_1_12' title="bbox 190 5583 643 5655">
    <p class='ocr_par' dir='ltr' id='par_1_15' title="bbox 190 5583 643 5655">
     <span class='ocr_line' id='line_1_88' title="bbox 190 5583 643 5655; baseline 0.012 -19"><span class='ocrx_word' id='word_1_565' title='bbox 190 5583 360 5655; x_wconf 71' lang='lat' dir='ltr'><strong>titipp.</strong></span> <span class='ocrx_word' id='word_1_566' title='bbox 401 5600 460 5648; x_wconf 84' lang='lat' dir='ltr'><strong>tt,</strong></span> <span class='ocrx_word' id='word_1_567' title='bbox 501 5584 643 5654; x_wconf 78' lang='lat'><strong>6,·1.</strong></span> 
     </span>
    </p>
   </div>
   <div class='ocr_carea' id='block_1_13' title="bbox 723 5582 2164 5650">
    <p class='ocr_par' dir='ltr' id='par_1_16' title="bbox 723 5582 2164 5650">
     <span class='ocr_line' id='line_1_89' title="bbox 723 5582 2164 5650; baseline -0.002 -11"><span class='ocrx_word' id='word_1_568' title='bbox 723 5585 1106 5650; x_wconf 50' lang='lat' dir='ltr'><strong>‘isa-um&amp;</strong></span> <span class='ocrx_word' id='word_1_569' title='bbox 1184 5582 1593 5650; x_wconf 76' lang='lat' dir='ltr'><strong>⁸1c0r.1,27.</strong></span> <span class='ocrx_word' id='word_1_570' title='bbox 1673 5582 2164 5646; x_wconf 67' lang='lat' dir='ltr'><strong>‘Psal.cxxxt.4.</strong></span> 
     </span>
    </p>
   </div>
   <div class='ocr_carea' id='block_1_14' title="bbox 1680 3181 3254 5538">
    <p class='ocr_par' dir='ltr' id='par_1_17' title="bbox 1680 3181 3249 3526">
     <span class='ocr_line' id='line_1_90' title="bbox 1682 3181 3247 3255; baseline 0 -16"><span class='ocrx_word' id='word_1_571' title='bbox 1682 3187 1772 3255; x_wconf 89' lang='lat' dir='ltr'><strong>qui</strong></span> <span class='ocrx_word' id='word_1_572' title='bbox 1816 3201 1914 3241; x_wconf 87' lang='lat' dir='ltr'><strong>nos</strong></span> <span class='ocrx_word' id='word_1_573' title='bbox 1957 3186 2206 3242; x_wconf 85' lang='lat' dir='ltr'><strong>excolere</strong></span> <span class='ocrx_word' id='word_1_574' title='bbox 2262 3185 2559 3247; x_wconf 79' lang='lat' dir='ltr'><strong>festinant,</strong></span> <span class='ocrx_word' id='word_1_575' title='bbox 2624 3194 2864 3255; x_wconf 80' lang='lat' dir='ltr'><strong>tempore</strong></span> <span class='ocrx_word' id='word_1_576' title='bbox 2913 3181 3247 3254; x_wconf 69' lang='lat' dir='ltr'><strong>negligentiae</strong></span> 
     </span>
     <span class='ocr_line' id='line_1_91' title="bbox 1682 3260 3249 3343; baseline -0.003 -12"><span class='ocrx_word' id='word_1_577' title='bbox 1682 3283 1881 3337; x_wconf 68' lang='lat' dir='ltr'><strong>nostrie</strong></span> <span class='ocrx_word' id='word_1_578' title='bbox 1909 3262 2262 3331; x_wconf 61' lang='lat' dir='ltr'><strong>alteritatem.</strong></span> <span class='ocrx_word' id='word_1_579' title='bbox 2289 3260 2593 3329; x_wconf 72' lang='lat' dir='ltr'><strong>antinoi-um</strong></span> <span class='ocrx_word' id='word_1_580' title='bbox 2633 3273 2823 3327; x_wconf 86' lang='lat' dir='ltr'><strong>dantes</strong></span> <span class='ocrx_word' id='word_1_581' title='bbox 2853 3274 2929 3335; x_wconf 85' lang='lat' dir='ltr'><strong>el.</strong></span> <span class='ocrx_word' id='word_1_582' title='bbox 2955 3273 3024 3326; x_wconf 84' lang='lat' dir='ltr'><strong>ad</strong></span> <span class='ocrx_word' id='word_1_583' title='bbox 3053 3271 3249 3343; x_wconf 73' lang='lat' dir='ltr'><strong>iuvan-</strong></span> 
     </span>
     <span class='ocr_line' id='line_1_92' title="bbox 1681 3362 3247 3436; baseline -0.003 -14"><span class='ocrx_word' id='word_1_584' title='bbox 1681 3367 1803 3422; x_wconf 90' lang='lat' dir='ltr'><strong>dum</strong></span> <span class='ocrx_word' id='word_1_585' title='bbox 1829 3379 1931 3422; x_wconf 80' lang='lat' dir='ltr'><strong>nos</strong></span> <span class='ocrx_word' id='word_1_586' title='bbox 1954 3366 2006 3421; x_wconf 89' lang='lat' dir='ltr'><strong>in</strong></span> <span class='ocrx_word' id='word_1_587' title='bbox 2036 3376 2279 3436; x_wconf 89' lang='lat' dir='ltr'><strong>tempore</strong></span> <span class='ocrx_word' id='word_1_588' title='bbox 2301 3363 2659 3420; x_wconf 86' lang='lat' dir='ltr'><strong>tribulationis</strong></span> <span class='ocrx_word' id='word_1_589' title='bbox 2684 3374 2883 3418; x_wconf 75' lang='lat' dir='ltr'><strong>nostra·</strong></span> <span class='ocrx_word' id='word_1_590' title='bbox 2907 3380 2920 3416; x_wconf 73' lang='grc' dir='ltr'><strong>ε</strong></span> <span class='ocrx_word' id='word_1_591' title='bbox 2947 3371 3074 3416; x_wconf 85' lang='lat' dir='ltr'><strong>tnnc</strong></span> <span class='ocrx_word' id='word_1_592' title='bbox 3102 3362 3247 3418; x_wconf 89' lang='lat' dir='ltr'><strong>enim</strong></span> 
     </span>
     <span class='ocr_line' id='line_1_93' title="bbox 1680 3453 2894 3526; baseline -0.004 -14"><span class='ocrx_word' id='word_1_593' title='bbox 1680 3456 1951 3512; x_wconf 86' lang='lat' dir='ltr'><strong>seminans</strong></span> <span class='ocrx_word' id='word_1_594' title='bbox 1980 3456 2182 3526; x_wconf 89' lang='lat' dir='ltr'><strong>pariter</strong></span> <span class='ocrx_word' id='word_1_595' title='bbox 2210 3471 2331 3511; x_wconf 90' lang='lat' dir='ltr'><strong>cum</strong></span> <span class='ocrx_word' id='word_1_596' title='bbox 2365 3461 2595 3509; x_wconf 89' lang='lat' dir='ltr'><strong>metente</strong></span> <span class='ocrx_word' id='word_1_597' title='bbox 2623 3453 2894 3524; x_wconf 74' lang='lat' dir='ltr'><strong>gaudebit.</strong></span> 
     </span>
    </p>

    <p class='ocr_par' dir='ltr' id='par_1_18' title="bbox 1681 3543 3254 5538">
     <span class='ocr_line' id='line_1_94' title="bbox 1750 3543 3246 3615; baseline -0.002 -14"><span class='ocrx_word' id='word_1_598' title='bbox 1750 3546 1840 3602; x_wconf 78' lang='lat' dir='ltr'><strong>tv.</strong></span> <span class='ocrx_word' id='word_1_599' title='bbox 1874 3547 2044 3605; x_wconf 83' lang='lat' dir='ltr'><strong>Nosse</strong></span> <span class='ocrx_word' id='word_1_600' title='bbox 2065 3549 2228 3603; x_wconf 85' lang='lat' dir='ltr'><strong>etiam</strong></span> <span class='ocrx_word' id='word_1_601' title='bbox 2259 3563 2354 3602; x_wconf 72' lang='lat' dir='ltr'><strong>vos</strong></span> <span class='ocrx_word' id='word_1_602' title='bbox 2378 3547 2552 3615; x_wconf 91' lang='lat' dir='ltr'><strong>cupi0,</strong></span> <span class='ocrx_word' id='word_1_603' title='bbox 2580 3544 2745 3608; x_wconf 81' lang='lat' dir='ltr'><strong>lilioli,</strong></span> <span class='ocrx_word' id='word_1_604' title='bbox 2771 3558 2932 3615; x_wconf 90' lang='lat' dir='ltr'><strong>quam</strong></span> <span class='ocrx_word' id='word_1_605' title='bbox 2958 3543 3246 3612; x_wconf 75' lang='lat' dir='ltr'><strong>Plurimum</strong></span> 
     </span>
     <span class='ocr_line' id='line_1_95' title="bbox 1682 3632 3249 3710; baseline -0.003 -17"><span class='ocrx_word' id='word_1_606' title='bbox 1682 3641 1922 3694; x_wconf 89' lang='lat' dir='ltr'><strong>dolorem</strong></span> <span class='ocrx_word' id='word_1_607' title='bbox 1975 3656 2152 3694; x_wconf 88' lang='lat' dir='ltr'><strong>meum</strong></span> <span class='ocrx_word' id='word_1_608' title='bbox 2195 3654 2354 3710; x_wconf 87' lang='lat' dir='ltr'><strong>quem</strong></span> <span class='ocrx_word' id='word_1_609' title='bbox 2411 3637 2583 3693; x_wconf 89' lang='lat' dir='ltr'><strong>habeo</strong></span> <span class='ocrx_word' id='word_1_610' title='bbox 2630 3652 2728 3706; x_wconf 91' lang='lat' dir='ltr'><strong>pro</strong></span> <span class='ocrx_word' id='word_1_611' title='bbox 2767 3633 2940 3698; x_wconf 75' lang='lat' dir='ltr'><strong>vobiS,</strong></span> <span class='ocrx_word' id='word_1_612' title='bbox 2979 3632 3249 3702; x_wconf 80' lang='lat' dir='ltr'><strong>aspiciens</strong></span> 
     </span>
     <span class='ocr_line' id='line_1_96' title="bbox 1681 3720 3249 3801; baseline -0.002 -17"><span class='ocrx_word' id='word_1_613' title='bbox 1681 3720 1938 3801; x_wconf 78' lang='lat' dir='ltr'><strong>grandem</strong></span> <span class='ocrx_word' id='word_1_614' title='bbox 1990 3731 2132 3786; x_wconf 87' lang='lat' dir='ltr'><strong>illam</strong></span> <span class='ocrx_word' id='word_1_615' title='bbox 2179 3730 2545 3786; x_wconf 74' lang='lat' dir='ltr'><strong>confusionem</strong></span> <span class='ocrx_word' id='word_1_616' title='bbox 2590 3742 2708 3797; x_wconf 82' lang='lat' dir='ltr'><strong>quae</strong></span> <span class='ocrx_word' id='word_1_617' title='bbox 2761 3741 2923 3796; x_wconf 88' lang='lat' dir='ltr'><strong>super</strong></span> <span class='ocrx_word' id='word_1_618' title='bbox 2970 3725 3249 3781; x_wconf 81' lang='lat' dir='ltr'><strong>universos</strong></span> 
     </span>
     <span class='ocr_line' id='line_1_97' title="bbox 1682 3820 3250 3891; baseline -0.003 -15"><span class='ocrx_word' id='word_1_619' title='bbox 1682 3822 1921 3891; x_wconf 77' lang='lat' dir='ltr'><strong>advenit,</strong></span> <span class='ocrx_word' id='word_1_620' title='bbox 1951 3834 2004 3879; x_wconf 92' lang='lat' dir='ltr'><strong>et</strong></span> <span class='ocrx_word' id='word_1_621' title='bbox 2033 3825 2381 3879; x_wconf 84' lang='lat' dir='ltr'><strong>considerans</strong></span> <span class='ocrx_word' id='word_1_622' title='bbox 2408 3821 2633 3878; x_wconf 84' lang='lat' dir='ltr'><strong>multum</strong></span> <span class='ocrx_word' id='word_1_623' title='bbox 2671 3821 2820 3875; x_wconf 90' lang='lat' dir='ltr'><strong>illum</strong></span> <span class='ocrx_word' id='word_1_624' title='bbox 2854 3820 3090 3872; x_wconf 85' lang='lat' dir='ltr'><strong>laborem</strong></span> <span class='ocrx_word' id='word_1_625' title='bbox 3120 3835 3250 3872; x_wconf 90' lang='lat' dir='ltr'><strong>san-</strong></span> 
     </span>
     <span class='ocr_line' id='line_1_98' title="bbox 1681 3911 3249 3984; baseline -0.01 -8"><span class='ocrx_word' id='word_1_626' title='bbox 1681 3929 1892 3976; x_wconf 89' lang='lat' dir='ltr'><strong>ctorum</strong></span> <span class='ocrx_word' id='word_1_627' title='bbox 1920 3917 2160 3972; x_wconf 89' lang='lat' dir='ltr'><strong>omnium</strong></span> <span class='ocrx_word' id='word_1_628' title='bbox 2201 3924 2365 3984; x_wconf 88' lang='lat' dir='ltr'><strong>atque</strong></span> <span class='ocrx_word' id='word_1_629' title='bbox 2393 3914 2648 3983; x_wconf 78' lang='lat' dir='ltr'><strong>gemitum</strong></span> <span class='ocrx_word' id='word_1_630' title='bbox 2682 3927 2842 3981; x_wconf 87' lang='lat' dir='ltr'><strong>quent</strong></span> <span class='ocrx_word' id='word_1_631' title='bbox 2874 3911 3125 3965; x_wconf 89' lang='lat' dir='ltr'><strong>emittunt</strong></span> <span class='ocrx_word' id='word_1_632' title='bbox 3152 3926 3249 3981; x_wconf 87' lang='lat' dir='ltr'><strong>pro</strong></span> 
     </span>
     <span class='ocr_line' id='line_1_99' title="bbox 1683 4000 3247 4077; baseline -0.008 -12"><span class='ocrx_word' id='word_1_633' title='bbox 1683 4009 1834 4065; x_wconf 81' lang='lat' dir='ltr'><strong>vobis</strong></span> <span class='ocrx_word' id='word_1_634' title='bbox 1864 4021 2075 4077; x_wconf 88' lang='lat' dir='ltr'><strong>semper</strong></span> <span class='ocrx_word' id='word_1_635' title='bbox 2119 4006 2186 4060; x_wconf 88' lang='lat' dir='ltr'><strong>ad</strong></span> <span class='ocrx_word' id='word_1_636' title='bbox 2240 4004 2429 4068; x_wconf 83' lang='lat' dir='ltr'><strong>Deum,</strong></span> <span class='ocrx_word' id='word_1_637' title='bbox 2464 4011 2747 4056; x_wconf 86' lang='lat' dir='ltr'><strong>cernentes</strong></span> <span class='ocrx_word' id='word_1_638' title='bbox 2775 4001 3013 4054; x_wconf 89' lang='lat' dir='ltr'><strong>laborent</strong></span> <span class='ocrx_word' id='word_1_639' title='bbox 3047 4000 3247 4069; x_wconf 89' lang='lat' dir='ltr'><strong>proprii</strong></span> 
     </span>
     <span class='ocr_line' id='line_1_100' title="bbox 1681 4090 3250 4164; baseline -0.006 -9"><span class='ocrx_word' id='word_1_640' title='bbox 1681 4097 2013 4162; x_wconf 74' lang='lat' dir='ltr'><strong>Conditori5‚</strong></span> <span class='ocrx_word' id='word_1_641' title='bbox 2040 4109 2334 4164; x_wconf 89' lang='lat' dir='ltr'><strong>omnesque</strong></span> <span class='ocrx_word' id='word_1_642' title='bbox 2373 4091 2605 4147; x_wconf 86' lang='lat' dir='ltr'><strong>malitias</strong></span> <span class='ocrx_word' id='word_1_643' title='bbox 2646 4090 3117 4160; x_wconf 85' lang='lat' dir='ltr'><strong>parvipendentes,</strong></span> <span class='ocrx_word' id='word_1_644' title='bbox 3152 4105 3250 4145; x_wconf 85' lang='lat' dir='ltr'><strong>nec</strong></span> 
     </span>
     <span class='ocr_line' id='line_1_101' title="bbox 1684 4179 3246 4257; baseline -0.008 -13"><span class='ocrx_word' id='word_1_645' title='bbox 1684 4206 1788 4244; x_wconf 90' lang='lat' dir='ltr'><strong>non</strong></span> <span class='ocrx_word' id='word_1_646' title='bbox 1821 4198 1874 4243; x_wconf 92' lang='lat' dir='ltr'><strong>et</strong></span> <span class='ocrx_word' id='word_1_647' title='bbox 1903 4185 2177 4257; x_wconf 87' lang='lat' dir='ltr'><strong>decipulas</strong></span> <span class='ocrx_word' id='word_1_648' title='bbox 2203 4181 2396 4238; x_wconf 89' lang='lat' dir='ltr'><strong>diaboli</strong></span> <span class='ocrx_word' id='word_1_649' title='bbox 2424 4192 2477 4238; x_wconf 89' lang='lat' dir='ltr'><strong>et</strong></span> <span class='ocrx_word' id='word_1_650' title='bbox 2500 4181 2810 4252; x_wconf 75' lang='lat' dir='ltr'><strong>angelorum</strong></span> <span class='ocrx_word' id='word_1_651' title='bbox 2842 4181 2957 4250; x_wconf 84' lang='lat' dir='ltr'><strong>ejus</strong></span> <span class='ocrx_word' id='word_1_652' title='bbox 2986 4179 3246 4233; x_wconf 89' lang='lat' dir='ltr'><strong>insidian-</strong></span> 
     </span>
     <span class='ocr_line' id='line_1_102' title="bbox 1686 4269 3250 4349; baseline -0.007 -16"><span class='ocrx_word' id='word_1_653' title='bbox 1686 4281 1840 4340; x_wconf 86' lang='lat' dir='ltr'><strong>tium.</strong></span> <span class='ocrx_word' id='word_1_654' title='bbox 1864 4276 2023 4349; x_wconf 79' lang='lat' dir='ltr'><strong>juges</strong></span> <span class='ocrx_word' id='word_1_655' title='bbox 2077 4275 2143 4330; x_wconf 90' lang='lat' dir='ltr'><strong>ad</strong></span> <span class='ocrx_word' id='word_1_656' title='bbox 2195 4275 2551 4346; x_wconf 82' lang='lat' dir='ltr'><strong>perditionem</strong></span> <span class='ocrx_word' id='word_1_657' title='bbox 2584 4282 2840 4329; x_wconf 85' lang='lat' dir='ltr'><strong>nostram.</strong></span> <span class='ocrx_word' id='word_1_658' title='bbox 2872 4269 3134 4338; x_wconf 85' lang='lat' dir='ltr'><strong>Quoniam</strong></span> <span class='ocrx_word' id='word_1_659' title='bbox 3166 4280 3250 4323; x_wconf 88' lang='lat' dir='ltr'><strong>et-</strong></span> 
     </span>
     <span class='ocr_line' id='line_1_103' title="bbox 1684 4361 3253 4438; baseline -0.006 -13"><span class='ocrx_word' id='word_1_660' title='bbox 1684 4373 1826 4425; x_wconf 90' lang='lat' dir='ltr'><strong>enim</strong></span> <span class='ocrx_word' id='word_1_661' title='bbox 1861 4368 2035 4438; x_wconf 88' lang='lat' dir='ltr'><strong>portio</strong></span> <span class='ocrx_word' id='word_1_662' title='bbox 2062 4381 2251 4423; x_wconf 88' lang='lat' dir='ltr'><strong>eorum</strong></span> <span class='ocrx_word' id='word_1_663' title='bbox 2284 4368 2337 4421; x_wconf 89' lang='lat' dir='ltr'><strong>in</strong></span> <span class='ocrx_word' id='word_1_664' title='bbox 2368 4366 2631 4421; x_wconf 76' lang='lat' dir='ltr'><strong>infernum</strong></span> <span class='ocrx_word' id='word_1_665' title='bbox 2666 4365 2824 4419; x_wconf 84' lang='lat' dir='ltr'><strong>habet</strong></span> <span class='ocrx_word' id='word_1_666' title='bbox 2846 4367 2947 4428; x_wconf 83' lang='lat' dir='ltr'><strong>ire,</strong></span> <span class='ocrx_word' id='word_1_667' title='bbox 2971 4361 3172 4417; x_wconf 90' lang='lat' dir='ltr'><strong>idcirco</strong></span> <span class='ocrx_word' id='word_1_668' title='bbox 3199 4370 3253 4416; x_wconf 87' lang='lat' dir='ltr'><strong>et</strong></span> 
     </span>
     <span class='ocr_line' id='line_1_104' title="bbox 1684 4446 3251 4526; baseline -0.007 -9"><span class='ocrx_word' id='word_1_669' title='bbox 1684 4462 1756 4517; x_wconf 91' lang='lat' dir='ltr'><strong>illi</strong></span> <span class='ocrx_word' id='word_1_670' title='bbox 1775 4446 1978 4515; x_wconf 80' lang='lat' dir='ltr'><strong>&#39;volunt</strong></span> <span class='ocrx_word' id='word_1_671' title='bbox 2010 4457 2255 4513; x_wconf 82' lang='lat' dir='ltr'><strong>nostrum</strong></span> <span class='ocrx_word' id='word_1_672' title='bbox 2290 4471 2505 4526; x_wconf 83' lang='lat' dir='ltr'><strong>quoque</strong></span> <span class='ocrx_word' id='word_1_673' title='bbox 2549 4453 2784 4509; x_wconf 87' lang='lat' dir='ltr'><strong>studium</strong></span> <span class='ocrx_word' id='word_1_674' title='bbox 2823 4469 2925 4508; x_wconf 79' lang='lat' dir='ltr'><strong>una</strong></span> <span class='ocrx_word' id='word_1_675' title='bbox 2958 4468 3140 4507; x_wconf 78' lang='lat' dir='ltr'><strong>seeum</strong></span> <span class='ocrx_word' id='word_1_676' title='bbox 3168 4463 3251 4507; x_wconf 90' lang='lat' dir='ltr'><strong>at-</strong></span> 
     </span>
     <span class='ocr_line' id='line_1_105' title="bbox 1687 4545 3254 4619; baseline -0.004 -14"><span class='ocrx_word' id='word_1_677' title='bbox 1687 4551 1922 4606; x_wconf 82' lang='lat' dir='ltr'><strong>trahere.</strong></span> <span class='ocrx_word' id='word_1_678' title='bbox 1966 4549 2103 4603; x_wconf 83' lang='lat' dir='ltr'><strong>Vere</strong></span> <span class='ocrx_word' id='word_1_679' title='bbox 2153 4547 2337 4619; x_wconf 77' lang='lat' dir='ltr'><strong>igitur,</strong></span> <span class='ocrx_word' id='word_1_680' title='bbox 2372 4546 2680 4602; x_wconf 82' lang='lat' dir='ltr'><strong>charissimi</strong></span> <span class='ocrx_word' id='word_1_681' title='bbox 2729 4547 2782 4598; x_wconf 91' lang='lat' dir='ltr'><strong>in</strong></span> <span class='ocrx_word' id='word_1_682' title='bbox 2821 4546 3064 4607; x_wconf 85' lang='lat' dir='ltr'><strong>Domino,</strong></span> <span class='ocrx_word' id='word_1_683' title='bbox 3112 4545 3254 4600; x_wconf 90' lang='lat' dir='ltr'><strong>sicut</strong></span> 
     </span>
     <span class='ocr_line' id='line_1_106' title="bbox 1685 4634 3253 4711; baseline -0.002 -18"><span class='ocrx_word' id='word_1_684' title='bbox 1685 4639 2038 4711; x_wconf 89' lang='lat' dir='ltr'><strong>prudentibus</strong></span> <span class='ocrx_word' id='word_1_685' title='bbox 2071 4638 2317 4708; x_wconf 84' lang='lat' dir='ltr'><strong>loqnnr’,</strong></span> <span class='ocrx_word' id='word_1_686' title='bbox 2342 4645 2401 4691; x_wconf 89' lang='lat' dir='ltr'><strong>nt</strong></span> <span class='ocrx_word' id='word_1_687' title='bbox 2425 4635 2766 4707; x_wconf 81' lang='lat' dir='ltr'><strong>cognoscatis</strong></span> <span class='ocrx_word' id='word_1_688' title='bbox 2798 4645 3022 4699; x_wconf 83' lang='lat' dir='ltr'><strong>cttnctas</strong></span> <span class='ocrx_word' id='word_1_689' title='bbox 3036 4634 3253 4703; x_wconf 69' lang='lat' dir='ltr'><strong>Opilii-is</strong></span> 
     </span>
     <span class='ocr_line' id='line_1_107' title="bbox 1686 4726 3252 4800; baseline -0.004 -14"><span class='ocrx_word' id='word_1_690' title='bbox 1686 4732 1854 4787; x_wconf 88' lang='lat' dir='ltr'><strong>nostri</strong></span> <span class='ocrx_word' id='word_1_691' title='bbox 1900 4729 2328 4800; x_wconf 82' lang='lat' dir='ltr'><strong>dispensationes</strong></span> <span class='ocrx_word' id='word_1_692' title='bbox 2360 4744 2455 4798; x_wconf 92' lang='lat' dir='ltr'><strong>pro</strong></span> <span class='ocrx_word' id='word_1_693' title='bbox 2490 4728 2641 4783; x_wconf 87' lang='lat' dir='ltr'><strong>nobis</strong></span> <span class='ocrx_word' id='word_1_694' title='bbox 2670 4728 2862 4791; x_wconf 67' lang='lat' dir='ltr'><strong>saletas,</strong></span> <span class='ocrx_word' id='word_1_695' title='bbox 2898 4743 3017 4796; x_wconf 67' lang='lat' dir='ltr'><strong>quae</strong></span> <span class='ocrx_word' id='word_1_696' title='bbox 3038 4736 3092 4781; x_wconf 88' lang='lat' dir='ltr'><strong>et</strong></span> <span class='ocrx_word' id='word_1_697' title='bbox 3123 4726 3252 4780; x_wconf 83' lang='lat' dir='ltr'><strong>visi·</strong></span> 
     </span>
     <span class='ocr_line' id='line_1_108' title="bbox 1686 4818 3250 4890; baseline -0.006 -10"><span class='ocrx_word' id='word_1_698' title='bbox 1686 4827 1940 4880; x_wconf 89' lang='lat' dir='ltr'><strong>tationem</strong></span> <span class='ocrx_word' id='word_1_699' title='bbox 1998 4822 2167 4876; x_wconf 82' lang='lat' dir='ltr'><strong>nostri</strong></span> <span class='ocrx_word' id='word_1_700' title='bbox 2216 4821 2420 4877; x_wconf 80' lang='lat' dir='ltr'><strong>faciunt</strong></span> <span class='ocrx_word' id='word_1_701' title='bbox 2471 4836 2566 4890; x_wconf 91' lang='lat' dir='ltr'><strong>per</strong></span> <span class='ocrx_word' id='word_1_702' title='bbox 2615 4819 2899 4873; x_wconf 83' lang='lat' dir='ltr'><strong>manifesta</strong></span> <span class='ocrx_word' id='word_1_703' title='bbox 2940 4829 2992 4873; x_wconf 91' lang='lat' dir='ltr'><strong>et</strong></span> <span class='ocrx_word' id='word_1_704' title='bbox 3040 4818 3250 4874; x_wconf 86' lang='lat' dir='ltr'><strong>occulta</strong></span> 
     </span>
     <span class='ocr_line' id='line_1_109' title="bbox 1686 4910 3251 4987; baseline -0.004 -16"><span class='ocrx_word' id='word_1_705' title='bbox 1686 4915 1975 4987; x_wconf 54' lang='lat' dir='ltr'><strong>praeconia.</strong></span> <span class='ocrx_word' id='word_1_706' title='bbox 2006 4913 2115 4969; x_wconf 86' lang='lat' dir='ltr'><strong>Nos</strong></span> <span class='ocrx_word' id='word_1_707' title='bbox 2161 4929 2346 4968; x_wconf 84' lang='lat' dir='ltr'><strong>sumus</strong></span> <span class='ocrx_word' id='word_1_708' title='bbox 2397 4912 2749 4966; x_wconf 86' lang='lat' dir='ltr'><strong>rationabiles</strong></span> <span class='ocrx_word' id='word_1_709' title='bbox 2798 4910 3117 4979; x_wconf 78' lang='lat' dir='ltr'><strong>nuncupati3</strong></span> <span class='ocrx_word' id='word_1_710' title='bbox 3154 4910 3251 4965; x_wconf 87' lang='lat' dir='ltr'><strong>sed</strong></span> 
     </span>
     <span class='ocr_line' id='line_1_110' title="bbox 1686 5003 3252 5079; baseline -0.004 -15"><span class='ocrx_word' id='word_1_711' title='bbox 1686 5010 1920 5079; x_wconf 81' lang='lat' dir='ltr'><strong>get-imus</strong></span> <span class='ocrx_word' id='word_1_712' title='bbox 1983 5005 2403 5061; x_wconf 86' lang='lat' dir='ltr'><strong>irrationabilem</strong></span> <span class='ocrx_word' id='word_1_713' title='bbox 2457 5020 2674 5060; x_wconf 89' lang='lat' dir='ltr'><strong>sensum</strong></span> <span class='ocrx_word' id='word_1_714' title='bbox 2696 5045 2713 5071; x_wconf 83' lang='lat'><strong>,</strong></span> <span class='ocrx_word' id='word_1_715' title='bbox 2767 5003 2903 5069; x_wconf 64' lang='lat' dir='ltr'><strong>datu</strong></span> <span class='ocrx_word' id='word_1_716' title='bbox 2940 5003 3252 5070; x_wconf 75' lang='lat' dir='ltr'><strong>ignoramus</strong></span> 
     </span>
     <span class='ocr_line' id='line_1_111' title="bbox 1686 5091 3249 5160; baseline -0.004 -5"><span class='ocrx_word' id='word_1_717' title='bbox 1686 5099 1926 5156; x_wconf 85' lang='lat' dir='ltr'><strong>occultas</strong></span> <span class='ocrx_word' id='word_1_718' title='bbox 1976 5098 2300 5153; x_wconf 89' lang='lat' dir='ltr'><strong>calliditates</strong></span> <span class='ocrx_word' id='word_1_719' title='bbox 2345 5104 2398 5151; x_wconf 93' lang='lat' dir='ltr'><strong>et</strong></span> <span class='ocrx_word' id='word_1_720' title='bbox 2434 5106 2581 5150; x_wconf 90' lang='lat' dir='ltr'><strong>artes</strong></span> <span class='ocrx_word' id='word_1_721' title='bbox 2622 5092 2819 5148; x_wconf 88' lang='lat' dir='ltr'><strong>diaboli</strong></span> <span class='ocrx_word' id='word_1_722' title='bbox 2869 5091 3249 5160; x_wconf 77' lang='lat' dir='ltr'><strong>multiformes,</strong></span> 
     </span>
     <span class='ocr_line' id='line_1_112' title="bbox 1687 5185 3250 5262; baseline -0.003 -16"><span class='ocrx_word' id='word_1_723' title='bbox 1687 5208 1804 5262; x_wconf 74' lang='lat' dir='ltr'><strong>qum</strong></span> <span class='ocrx_word' id='word_1_724' title='bbox 1832 5193 1961 5258; x_wconf 84' lang='lat' dir='ltr'><strong>sint,</strong></span> <span class='ocrx_word' id='word_1_725' title='bbox 1997 5191 2288 5261; x_wconf 87' lang='lat' dir='ltr'><strong>qualesque</strong></span> <span class='ocrx_word' id='word_1_726' title='bbox 2323 5199 2632 5243; x_wconf 82' lang='lat' dir='ltr'><strong>noscantur.</strong></span> <span class='ocrx_word' id='word_1_727' title='bbox 2671 5185 2898 5254; x_wconf 88' lang='lat' dir='ltr'><strong>Quando</strong></span> <span class='ocrx_word' id='word_1_728' title='bbox 2928 5188 3072 5243; x_wconf 88' lang='lat' dir='ltr'><strong>enim</strong></span> <span class='ocrx_word' id='word_1_729' title='bbox 3099 5201 3250 5242; x_wconf 81' lang='lat' dir='ltr'><strong>cont·</strong></span> 
     </span>
     <span class='ocr_line' id='line_1_113' title="bbox 1689 5279 3250 5357; baseline -0.002 -18"><span class='ocrx_word' id='word_1_730' title='bbox 1689 5284 1926 5357; x_wconf 77' lang='lat' dir='ltr'><strong>pererint</strong></span> <span class='ocrx_word' id='word_1_731' title='bbox 1955 5281 2141 5339; x_wconf 89' lang='lat' dir='ltr'><strong>conari</strong></span> <span class='ocrx_word' id='word_1_732' title='bbox 2165 5297 2261 5336; x_wconf 85' lang='lat' dir='ltr'><strong>nos</strong></span> <span class='ocrx_word' id='word_1_733' title='bbox 2283 5279 2652 5342; x_wconf 77' lang='lat' dir='ltr'><strong>confusionem</strong></span> <span class='ocrx_word' id='word_1_734' title='bbox 2685 5291 2925 5335; x_wconf 83' lang='lat' dir='ltr'><strong>nostram</strong></span> <span class='ocrx_word' id='word_1_735' title='bbox 2953 5294 3250 5351; x_wconf 73' lang='lat' dir='ltr'><strong>cognosce·</strong></span> 
     </span>
     <span class='ocr_line' id='line_1_114' title="bbox 1689 5371 3250 5446; baseline -0.003 -15"><span class='ocrx_word' id='word_1_736' title='bbox 1689 5376 1770 5443; x_wconf 66' lang='lat' dir='ltr'><strong>re}</strong></span> <span class='ocrx_word' id='word_1_737' title='bbox 1825 5386 1881 5431; x_wconf 88' lang='lat' dir='ltr'><strong>et</strong></span> <span class='ocrx_word' id='word_1_738' title='bbox 1926 5374 2068 5446; x_wconf 87' lang='lat' dir='ltr'><strong>quod</strong></span> <span class='ocrx_word' id='word_1_739' title='bbox 2103 5388 2407 5444; x_wconf 63' lang='lat' dir='ltr'><strong>quaeramus</strong></span> <span class='ocrx_word' id='word_1_740' title='bbox 2441 5373 2658 5428; x_wconf 76' lang='lat' dir='ltr'><strong>niodum</strong></span> <span class='ocrx_word' id='word_1_741' title='bbox 2711 5371 2965 5428; x_wconf 76' lang='lat' dir='ltr'><strong>efficaciae</strong></span> <span class='ocrx_word' id='word_1_742' title='bbox 3013 5371 3250 5439; x_wconf 82' lang='lat' dir='ltr'><strong>thorum.</strong></span> 
     </span>
     <span class='ocr_line' id='line_1_115' title="bbox 1689 5463 3246 5538; baseline -0.003 -16"><span class='ocrx_word' id='word_1_743' title='bbox 1689 5477 1978 5538; x_wconf 86' lang='lat' dir='ltr'><strong>operantes</strong></span> <span class='ocrx_word' id='word_1_744' title='bbox 2029 5468 2082 5521; x_wconf 90' lang='lat' dir='ltr'><strong>in</strong></span> <span class='ocrx_word' id='word_1_745' title='bbox 2122 5464 2306 5526; x_wconf 75' lang='lat' dir='ltr'><strong>nobis:</strong></span> <span class='ocrx_word' id='word_1_746' title='bbox 2350 5473 2404 5518; x_wconf 91' lang='lat' dir='ltr'><strong>et</strong></span> <span class='ocrx_word' id='word_1_747' title='bbox 2432 5479 2538 5519; x_wconf 91' lang='lat' dir='ltr'><strong>non</strong></span> <span class='ocrx_word' id='word_1_748' title='bbox 2567 5474 2773 5523; x_wconf 87' lang='lat' dir='ltr'><strong>tantum</strong></span> <span class='ocrx_word' id='word_1_749' title='bbox 2801 5476 2857 5520; x_wconf 93' lang='grc' dir='ltr'><strong>ιιι</strong></span> <span class='ocrx_word' id='word_1_750' title='bbox 2889 5480 2993 5521; x_wconf 86' lang='grc' dir='ltr'>ιιοιι</span> <span class='ocrx_word' id='word_1_751' title='bbox 3029 5463 3246 5520; x_wconf 88' lang='lat' dir='ltr'><strong>obedia·</strong></span> 
     </span>
    </p>
   </div>
   <div class='ocr_carea' id='block_1_15' title="bbox 2247 5579 2688 5646">
    <p class='ocr_par' dir='ltr' id='par_1_19' title="bbox 2247 5579 2688 5646">
     <span class='ocr_line' id='line_1_116' title="bbox 2247 5579 2688 5646; baseline 0.012 -13"><span class='ocrx_word' id='word_1_752' title='bbox 2247 5582 2265 5611; x_wconf 86' lang='lat'>⁷</span> <span class='ocrx_word' id='word_1_753' title='bbox 2299 5579 2470 5635; x_wconf 89' lang='lat' dir='ltr'><strong>lCor.</strong></span> <span class='ocrx_word' id='word_1_754' title='bbox 2519 5598 2573 5646; x_wconf 83' lang='lat' dir='ltr'><strong>x,</strong></span> <span class='ocrx_word' id='word_1_755' title='bbox 2602 5582 2688 5637; x_wconf 76' lang='lat'><strong>15</strong></span> 
     </span>
    </p>
   </div>
   <div class='ocr_carea' id='block_1_16' title="bbox 232 5690 3183 5783">
    <p class='ocr_par' dir='ltr' id='par_1_20' title="bbox 232 5690 3183 5783">
     <span class='ocr_line' id='line_1_117' title="bbox 232 5690 3183 5783; baseline -0.003 -29"><span class='ocrx_word' id='word_1_756' title='bbox 232 5697 310 5754; x_wconf 80' lang='lat' dir='ltr'><strong>De</strong></span> <span class='ocrx_word' id='word_1_757' title='bbox 338 5701 589 5756; x_wconf 79' lang='lat' dir='ltr'><strong>salutari.</strong></span> <span class='ocrx_word' id='word_1_758' title='bbox 623 5700 706 5756; x_wconf 90' lang='lat' dir='ltr'><strong>ct.</strong></span> <span class='ocrx_word' id='word_1_759' title='bbox 734 5699 997 5756; x_wconf 79' lang='lat' dir='ltr'><strong>Toutteus</strong></span> <span class='ocrx_word' id='word_1_760' title='bbox 1031 5700 1244 5755; x_wconf 88' lang='lat' dir='ltr'><strong>dissert.</strong></span> <span class='ocrx_word' id='word_1_761' title='bbox 1300 5698 1580 5783; x_wconf 75' lang='lat' dir='ltr'><strong>lllerill.</strong></span> <span class='ocrx_word' id='word_1_762' title='bbox 1623 5710 1769 5756; x_wconf 87' lang='lat' dir='ltr'><strong>num.</strong></span> <span class='ocrx_word' id='word_1_763' title='bbox 1803 5700 1894 5765; x_wconf 66' lang='grc' dir='ltr'><strong>ΞΒ,</strong></span> <span class='ocrx_word' id='word_1_764' title='bbox 1929 5714 2047 5768; x_wconf 70' lang='lat' dir='ltr'><strong>pag.</strong></span> <span class='ocrx_word' id='word_1_765' title='bbox 2092 5712 2232 5765; x_wconf 72' lang='lat' dir='ltr'><strong>cut,</strong></span> <span class='ocrx_word' id='word_1_766' title='bbox 2264 5694 2547 5768; x_wconf 63' lang='lat' dir='ltr'><strong>legendum</strong></span> <span class='ocrx_word' id='word_1_767' title='bbox 2582 5703 2765 5752; x_wconf 85' lang='lat' dir='ltr'><strong>monet</strong></span> <span class='ocrx_word' id='word_1_768' title='bbox 2796 5695 2861 5750; x_wconf 74' lang='lat' dir='ltr'><strong>de</strong></span> <span class='ocrx_word' id='word_1_769' title='bbox 2890 5690 3183 5751; x_wconf 75' lang='lat' dir='ltr'><strong>salvatore.</strong></span> 
     </span>
    </p>
   </div>
   <div class='ocr_carea' id='block_1_17' title="bbox 191 5770 1509 5843">
    <p class='ocr_par' dir='ltr' id='par_1_21' title="bbox 191 5770 1509 5843">
     <span class='ocr_line' id='line_1_118' title="bbox 191 5770 1509 5843; baseline 0.004 -21.086"><span class='ocrx_word' id='word_1_770' title='bbox 191 5773 439 5843; x_wconf 62' lang='lat' dir='ltr'><strong>equidem</strong></span> <span class='ocrx_word' id='word_1_771' title='bbox 474 5771 705 5827; x_wconf 85' lang='lat' dir='ltr'><strong>minime</strong></span> <span class='ocrx_word' id='word_1_772' title='bbox 732 5771 1098 5827; x_wconf 81' lang='lat' dir='ltr'><strong>necessarlum</strong></span> <span class='ocrx_word' id='word_1_773' title='bbox 1131 5770 1509 5828; x_wconf 85' lang='lat' dir='ltr'><strong>existimarim.</strong></span> 
     </span>
    </p>
   </div>
  </div>
 </body>
</html>
