3725 6125
345 290 446 357 t-7‘ss

1603 299 1663 357 S.
1703 297 1975 355 Asmntt
2012 295 2316 355 uastant

3488 289 3592 352 ¹73

345 416 695 487 tranquillum
717 416 1000 486 quemdam
1045 424 1279 484 portum.
1321 422 1484 484 atque
1529 414 1594 469 ab
1632 414 1776 470 omni
1811 412 1911 467 llu-
1937 419 1986 478 Α
2013 408 2151 467 ιῐναι
2197 412 2304 467 τῶν
2333 406 2554 464 δικαίων
2579 406 2765 479 φησίν.
2802 407 2891 461 Ἐν
2937 404 3156 479 Χριστῷ
3206 407 3317 479 γὰρ
3368 410 3594 466 πάντων

342 519 526 569 ctuum
554 508 844 578 agitatione
872 506 1112 575 quietum
1165 506 1365 571 locum,
1407 505 1561 560 dicit.
1601 503 1657 559 ln
1689 504 1908 560 Christo

343 600 510 665 enim,
533 608 775 653 nostrum
793 596 1032 649 omnium
1053 594 1199 649 salus
1214 604 1314 660 est,
1333 610 1396 650 ac
1419 610 1540 664 spes
1555 594 1912 664 exspectatio·

348 708 454 765 que
487 690 651 745 futuri
682 687 888 752 saeculi,
922 687 1012 756 qui
1048 685 1342 741 secundum
1379 686 1671 740 humanam
1702 685 1908 740 seriem

347 799 414 840 ex
461 794 621 837 carne
660 777 953 833 Aliraliami
1002 792 1227 846 germen
1300 776 1726 845 promittatque
1776 775 1912 831 adeo

345 869 612 929 existimo,
646 865 745 919 viri
772 865 920 919 senis
946 864 1202 917 honorem
1230 871 1285 917 et
1307 864 1470 917 decus
1494 862 1545 915 in
1577 864 1911 919 Salvatorem

345 958 567 1021 referri.
596 955 688 1026 qui
722 963 805 1009 est
829 954 992 1024 judex
1024 967 1086 1006 ac
1113 952 1418 1020 praemiator
1441 951 1674 1015 virtutis,
1701 951 1911 1020 justos·

344 1064 449 1121 que
498 1046 690 1103 blanda
734 1045 821 1099 illa
870 1059 933 1098 ac
975 1042 1294 1097 demulcenti
1340 1055 1468 1096 voce
1513 1040 1912 1111 compellat.ae

342 1138 511 1196 dicit:
553 1135 760 1198 Venite,
791 1133 1046 1188 benedicti
1093 1129 1272 1186 Patris
1312 1131 1436 1196 mei,
1480 1130 1739 1200 possideto
1759 1146 1913 1201 para·

341 1242 452 1285 tum
477 1226 619 1284 vobis
649 1242 865 1297 regnum
891 1225 937 1281 ⁸.
1231 1233 1246 1273 i

416 1318 644 1373 Factum
675 1326 749 1372 est
779 1327 954 1372 autem
984 1322 1038 1368 ut
1071 1324 1594 1381 pauper-moreretur.
1626 1314 1741 1370 Duo
1769 1328 1915 1384 quat·

343 1411 467 1468 dam
513 1409 656 1464 circa
708 1419 994 1478 pauperem
1035 1411 1332 1469 notantur;
1377 1418 1568 1472 nempe
1620 1404 1911 1461 necessarii

345 1509 680 1559 commeatus
708 1498 954 1569 penuria,
990 1504 1043 1550 et
1079 1496 1338 1550 modestia
1384 1496 1574 1564 animi,
1609 1512 1672 1551 ac
1694 1496 1914 1552 humilis

344 1608 556 1649 morum
592 1589 926 1659 compositio.
975 1586 1051 1643 Ne
1093 1601 1222 1658 ergo
1280 1587 1526 1657 quisquis
1573 1602 1775 1658 pauper
1803 1597 1910 1655 est,

346 1700 414 1742 nc
442 1684 680 1757 pecuniae
711 1681 944 1750 indigus,
975 1680 1279 1749 pannisque
1301 1679 1534 1745 obsitus,
1565 1679 1781 1733 virtutis
1807 1678 1909 1734 sibi

2012 505 2169 577 ἡμῶν
2186 506 2219 575 ἠ
2238 502 2479 574 σωτηρία
2492 500 2587 555 καὶ
2604 502 2637 571 ἠ
2654 498 2930 569 ἀπεκδοχὴ
2949 499 3043 555 τοῦ
3069 498 3355 572 μέλλοντος
3369 502 3591 569 αίῶνος,

2011 596 2088 667 τῷ
2117 599 2181 649 ἐκ
2209 596 2309 665 τῆς
2348 593 2548 665 σαρκὸς
2578 591 2673 645 τοῦ
2707 591 2961 663 Ἀδραάμ
3012 592 3152 645 κατὰ
3183 590 3284 663 τὴν
3314 591 3596 665 ἀνθρωπι-

2012 686 2112 758 κὴν
2153 684 2473 739 ἀκολουθίαν
2513 683 2899 754 βλαστήσαντι.
2936 680 3046 735 Καί
3081 699 3171 752 μοι
3204 682 3359 736 δοκεῖ
3391 684 3431 755 ἡ
3464 687 3595 758 περὶ

2009 776 2103 830 τὸν
2125 776 2355 846 γέροντα
2382 774 2571 827 τοῦτον
2607 771 2743 844 τιμὴ
2798 773 2881 835 είς
2925 772 3019 825 τὸν
3048 772 3280 843 Σωτῆρα
3320 772 3425 844 τὴν
3452 775 3594 829 ἀνα-

2010 865 2185 935 φορὰν
2216 864 2383 935 ἔχειν,
2408 863 2500 916 τὸν
2527 861 2722 933 κριτὴν
2761 862 2891 915 δντα
2918 862 3014 915 καὶ
3048 861 3456 933 μισθαποδότην
3487 864 3590 936 τῆς

2010 958 2229 1029 ἀρετῆς,
2265 957 2361 1010 καὶ
2390 957 2457 1025 τῇ
2487 954 2855 1025 θεραπευτικῇ
2900 956 3050 1023 φωνῇ
3089 953 3581 1024 προσκαλούμενον

2008 1050 2135 1113 τοὺς
2162 1047 2417 1110 δικαίους,
2450 1047 2545 1101 καὶ
2574 1046 2801 1114 λέγοντα
2819 1064 2833 1076 ·
2869 1045 3070 1110 Δεῦτε,
3108 1048 3161 1097 οἱ
3188 1046 3578 1116 εὐλογημένοι

2010 1138 2118 1194 τοῦ
2165 1140 2397 1206 Πατρός
2433 1154 2554 1207 μου
2571 1153 2585 1167 ·
2635 1135 3129 1206 κληρονομήσατε
3176 1136 3297 1203 τὴν
3346 1138 3581 1208 ἡτοιμα-

2010 1232 2245 1303 σμένην
2277 1231 2422 1301 ὑμῖν
2454 1230 2801 1295 βασιλείαν.

2093 1323 2354 1395 Ἐγένετο
2392 1321 2463 1376 δὲ
2495 1320 2821 1377 ἀποθανεῖν
2854 1321 2964 1374 τὸν
3006 1322 3266 1390 πτωχόν.
3302 1321 3483 1392 Διπλῆ
3509 1340 3594 1388 τις

2012 1417 2162 1471 ἐστὶν
2202 1415 2395 1486 ἠπερὶ
2435 1415 2529 1468 τὸν
2561 1413 2776 1484 πτωχὸν
2818 1412 3089 1483 σημασία·
3134 1414 3168 1484 ὴ
3214 1415 3316 1484 μὲν
3356 1413 3593 1485 δηλοῦσα

2009 1507 2119 1561 τῶν
2153 1506 2465 1576 ἀναγκαίων
2502 1506 2603 1578 τὴν
2649 1504 2855 1558 ἔνδειαν
2876 1520 2891 1534 ·
2927 1505 2960 1574 ἠ
3009 1502 3066 1556 δὲ
3116 1504 3215 1575 τὴν
3251 1521 3590 1578 μετριοφρο-

2014 1597 2178 1669 σύνην
2209 1598 2303 1652 καὶ
2331 1597 2425 1651 τοῦ
2469 1595 2632 1667 ἤθους
2683 1595 2783 1666 τὴν
2832 1592 3216 1664 ταπεινότητα.
3260 1595 3361 1666 Μὴ
3410 1596 3578 1649 τοίνυν

2011 1690 2040 1742 ὁ
2070 1688 2183 1742 τῶν
2210 1686 2350 1741 ὑλῶν
2380 1687 2600 1757 ἀπόρως
2628 1684 2786 1755 ἔχων,
2824 1683 2919 1737 καὶ
2959 1682 3255 1751 πενόμενος
3297 1683 3576 1754 ἀργυρίου,

344 1776 578 1830 vindicet
614 1772 847 1836 landem,
890 1779 980 1824 aut
1014 1779 1313 1840 egestatem
1346 1770 1477 1823 satis
1507 1770 1706 1823 habere
1728 1770 1796 1823 ad
1819 1783 1912 1825 sa-
1940 1754 1983 1809 B
2012 1777 2385 1849 ἠμφιεσμένος
2408 1777 2466 1830 δὲ
2492 1776 2591 1847 τὴν
2630 1773 2867 1845 ἐλεεινὴν
2910 1771 3221 1843 ἐφεστρίδα,
3267 1772 3583 1827 οἰκειούσθω

343 1866 510 1922 lutem
541 1864 834 1919 existimet.
872 1860 990 1917 Non
1030 1861 1176 1916 enim
1229 1860 1436 1916 laudem
1479 1860 1644 1915 ltabet
1690 1861 1781 1930 qui
1822 1875 1915 1916 ue-

346 1958 603 2014 cessitate
625 1963 709 2009 est
733 1968 935 2024 pauper
965 1970 979 2007 t
1014 1955 1106 2007 sed
1139 1952 1184 2008 is
1218 1952 1436 2007 demum
1471 1950 1524 2005 in
1555 1951 1916 2007 admiratione

349 2060 454 2113 est,
497 2047 588 2118 qui
632 2057 822 2116 sponte
857 2060 922 2101 ac
969 2045 1132 2101 animi
1183 2045 1428 2111 decreto,
1487 2045 1731 2101 modeste
1787 2044 1910 2100 sert.

349 2140 562 2209 Alioqui
613 2140 779 2202 enim,
838 2146 1108 2206 utcunque
1150 2138 1227 2209 (7)
1281 2152 1457 2192 rerum
1498 2138 1721 2206 penuria
1771 2136 1918 2192 labo-

354 2230 618 2297 rantibus,
654 2237 712 2283 ut
755 2227 790 2282 ii
837 2228 1019 2297 pravis
1043 2226 1284 2283 moribus
1311 2228 1423 2283 sint
1453 2242 1518 2282 ac
1552 2226 1918 2282 inemendabi-

346 2321 446 2389 les,
470 2331 655 2376 coacta
707 2328 995 2389 paupertas
1042 2319 1107 2373 ad
1155 2318 1322 2373 multa
1364 2332 1430 2373 ac
1474 2316 1610 2371 mala
1646 2315 1915 2380 facinora.

245 2434 258 2445 ·
345 2409 601 2465 viaticum
637 2409 868 2465 exsistit.
913 2408 1058 2463 Sane
1104 2420 1254 2471 vero,
1285 2405 1333 2461 si
1368 2406 1582 2473 quando
1615 2406 1684 2459 ad
1722 2405 1912 2474 praesi—

345 2502 429 2558 dis
455 2500 694 2556 tribuual
730 2498 932 2554 accessi
963 2538 979 2563 ,
1014 2495 1300 2565 parietum
1351 2495 1687 2566 perfossores
1726 2510 1918 2551 omnes

346 2609 409 2650 ac
455 2591 748 2663 plagiarios
773 2630 789 2655 ,
839 2597 1320 2660 grassatoresque‚
1362 2598 1418 2643 et
1457 2588 1624 2656 iures,
1667 2604 1731 2644 ac
1770 2589 1917 2659 ipsos

352 2684 676 2749 homicidas,
717 2682 903 2750 inopes
939 2695 1004 2735 ac
1045 2681 1324 2751 ignobiles,
1361 2682 1477 2738 sine
1507 2680 1623 2737 lare
1657 2696 1721 2736 ac
1772 2681 1917 2736 sedi-

349 2782 451 2834 bus
499 2774 768 2840 homines,
808 2773 943 2829 vidi.
993 2770 1150 2828 Unde
1194 2782 1405 2828 constat
1453 2774 1653 2844 liquido
1698 2775 1916 2829 beatum

352 2870 440 2925 liic
469 2881 756 2939 pauperem
803 2865 950 2919 illum
990 2880 1021 2920 a
1069 2865 1347 2937 Scriptura
1386 2867 1690 2936 praedicari,
1740 2867 1830 2935 qui
1885 2880 1920 2922 e

350 2958 686 3032 philosophia
738 2956 1040 3025 composito
1080 2957 1261 3018 animo
1307 2957 1547 3015 laborem
1605 2974 1669 3013 ac
1708 2972 1912 3013 erum-

2011 1870 2112 1941 τῆς
2153 1869 2353 1940 ἀρετῆς
2409 1867 2501 1921 τὸν
2548 1866 2792 1929 ῐπαινον,
2830 1864 2965 1935 μηδὲ
3007 1863 3280 1934 νομιζέτω
3332 1865 3587 1937 ἀρκέσειν

2012 1959 2162 2030 αὐτῷ
2210 1958 2308 2031 τὴν
2358 1956 2563 2011 ἔνδειαν
2610 1957 2749 2029 πρὸς
2796 1954 3090 2026 σωτηρίαν.
3134 1952 3216 2010 Οὐ
3246 1955 3362 2028 γάρ
3402 1957 3433 2009 ό
3475 1957 3591 2010 κατ’

2014 2051 2262 2121 ἀνάγκην
2292 2048 2587 2119 πενόμενος
2629 2047 2967 2101 ἐπαινείται·
2999 2045 3114 2099 ἀλλ’
3141 2046 3172 2099 ὀ
3215 2046 3317 2117 τὴν
3370 2046 3593 2119 γνώμην

2014 2140 2352 2213 αὐθαιρέτως
2440 2138 2746 2211 μετριάζων
2820 2137 3181 2208 θαυμάζεται.
3250 2138 3413 2191 Ἐπεὶ
3482 2141 3597 2202 τοῖς

2015 2232 2405 2305 ἀπορουμένοις
2430 2231 2638 2295 ἀπλῶς,
2682 2230 2865 2300 έχουσι
2895 2228 2952 2282 δὲ
2990 2230 3080 2282 τὸν
3111 2229 3319 2302 τρόπον
3350 2229 3587 2299 ἀδιαγώ-

2013 2325 2247 2399 γητον·ῆ
2277 2324 2675 2395 ἀκατόρθωτον,
2717 2322 2926 2391 ἐφόδιον
2977 2322 3184 2389 γίνεται
3235 2321 3453 2375 πολλῶν
3499 2322 3593 2374 καὶ

2015 2415 2269 2487 πονηρῶν
2295 2413 2657 2485 τολμημάτων
2690 2414 2725 2483 ἡ
2758 2411 2894 2483 πρὸς
2926 2411 3176 2482 ἀνάγκην
3203 2412 3350 2483 ἀκτη
3360 2412 3586 2483 μοσύνη.

2015 2506 2127 2562 Καὶ
2179 2506 2387 2570 πάντας
2432 2504 2544 2574 ἐγὼ
2576 2504 2703 2566 τοὺς
2753 2501 3123 2574 τοιχωρύχους
3166 2502 3267 2555 καὶ
3321 2502 3592 2572 ἀνδραπο·

2014 2597 2218 2662 διο-τὰς,
2255 2596 2337 2651 έτι
2382 2594 2487 2667 μὴν
2517 2593 2860 2658 λωποδύτας,
2906 2594 3000 2647 καὶ
3029 2592 3293 2657 κλέπτας,
3335 2593 3436 2648 καὶ
3473 2594 3597 2656 τοὺς

2016 2684 2376 2758 ἀνδροφόνους
2409 2683 2630 2746 αὐτοὺς,
2665 2682 2720 2735 εἴ
2760 2699 2890 2736 ποτε
2931 2681 3248 2754 παρέόαλον
3284 2684 3594 2755 ἀρχοντικῷ

2015 2776 2303 2850 κριτηρίῳ,
2331 2756 2574 2847 πένητας
2610 2772 2947 2844 ἐθεασάμην,
2975 2774 3314 2842 ἀγνώστους,
3358 2775 3593 2839 ἀοίκους,

2014 2869 2311 2931 ἀνῖστίως.
2350 2867 2438 2931 Ὦς
2469 2868 2535 2919 ἐκ
2585 2864 2779 2918 τούτου
2821 2861 3088 2935 πρόδηλον
3132 2858 3295 2931 εἶναι,
3338 2864 3425 2917 ὅτι
3496 2882 3593 2935 μα-

2018 2959 2235 3030 καρίζει
2263 2956 2361 3012 νῦν
2396 2957 2432 3026 ἡ
2468 2954 2661 3025 Γραφὴ
2701 2953 2794 3007 τὸν
2826 2952 3042 3022 πτωχὸν
3084 2953 3294 3005 ἐκεῖνον
3324 2952 3419 3007 τὸν
3456 2954 3597 3023 φιλο-

352 3069 474 3110 uam
505 3049 728 3121 perlert,
747 3048 1062 3120 fortiterque
1089 3066 1155 3106 ae
1186 3059 1500 3108 constanter
1543 3051 1799 3107 adversos
1838 3059 1918 3106 to·
1943 3089 1987 3147 c
2024 3048 2177 3118 σόφῳ
2208 3046 2356 3118 ψυχῇ
2401 3044 2527 3109 τοὺς
2570 3042 2802 3115 μόχθους
2832 3041 3200 3114 βαστάζοντα·
3229 3044 3596 3117 καρτεροῦντα

355 3145 490 3198 lerat
510 3157 693 3208 casus,
724 3156 788 3196 ac
820 3142 950 3196 nillil
979 3142 1064 3197 vel
1089 3142 1310 3198 sceleris
1337 3141 1420 3197 vel
1445 3141 1631 3210 flagitii
1676 3141 1915 3206 molitur,

353 3242 412 3288 ut
435 3233 585 3287 carni
609 3246 706 3301 per
743 3232 1071 3302 voluptatem
1101 3241 1266 3300 atque
1299 3231 1522 3287 delicias
1566 3232 1916 3300 gratificetur.

352 3323 523 3392 Quem
576 3323 751 3394 ipsum
805 3325 1045 3394 apertius
1090 3324 1349 3380 describit
1379 3322 1637 3376 Dominus
1666 3323 1718 3377 in
1749 3325 1919 3393 prima

357 3417 708 3481 beatitudine,
755 3430 877 3471 cum
917 3416 992 3469 ait
1025 3433 1038 3469 :
1075 3414 1224 3469 Beati
1246 3430 1497 3485 pauperes
1515 3412 1706 3482 spiritu
1724 3413 1776 3468 ⁹.
1812 3413 1921 3470 Νο-

351 3523 457 3577 que
507 3507 668 3578 igitur
713 3505 892 3560 omnis
936 3518 1138 3574 pauper
1172 3504 1346 3571 justus
1373 3542 1388 3567 ‚
1435 3503 1526 3557 sed
1587 3503 1632 3557 is
1688 3513 1918 3568 tantum,

356 3597 444 3666 qui
479 3607 563 3652 est
599 3595 807 3650 Lazaro
831 3595 1071 3650 moribus
1110 3593 1336 3657 similis;
1367 3606 1539 3662 neque
1566 3593 1713 3648 dives
1740 3594 1921 3649 omnis

355 3687 638 3758 reprobus,
668 3687 760 3741 sed
787 3685 878 3756 qui
917 3685 1080 3739 vitam
1115 3684 1188 3739 ita
1229 3683 1482 3751 instituit,
1516 3696 1571 3739 ut
1600 3685 1686 3740 ille
1712 3684 1922 3740 Lazaro

352 3777 572 3847 oequalis
599 3796 612 3832 ε
656 3791 719 3830 ac
746 3775 837 3846 qui
867 3776 1066 3844 reipsa,
1089 3789 1153 3829 ac
1174 3774 1371 3844 quibus
1393 3774 1581 3829 eadem
1605 3774 1677 3827 illi
1707 3775 1919 3834 vivunt,

351 3869 596 3940 ejusdem
628 3868 752 3922 vitae
787 3866 1255 3922 testes-manifesti
1285 3867 1576 3920 exsistunt.
1612 3864 1750 3931 Quid
1771 3864 1915 3919 enirn

352 3958 655 4016 admirabili
715 3955 852 4010 sobo
906 3955 1258 4024 opulentius?
1318 3954 1501 4024 Neque
1570 3964 1744 4009 tamen
1797 3969 1919 4009 eum

357 4051 520 4105 nimia
557 4048 642 4102 illa
675 4060 853 4101 rerum
885 4045 1039 4115 copia
1067 4059 1129 4099 ac
1168 4044 1466 4112 affluentia,
1516 4054 1605 4099 aut
1645 4061 1674 4099 a
1711 4045 1919 4116 justitia

356 4139 589 4194 alienum
628 4136 788 4201 fecit;
841 4144 953 4198 aut,
988 4143 1046 4189 ut
1072 4136 1309 4190 breviter
1330 4135 1530 4200 dicam,
1555 4150 1583 4188 a
1609 4135 1808 4190 virtute
1828 4135 1923 4189 de-

362 4233 548 4288 movit.
577 4228 776 4284 Contra
803 4241 957 4290 vero,
983 4227 1117 4295 quid
1153 4226 1409 4281 iscariote
1427 4225 1774 4295 pauperius?
1815 4224 1920 4280 Ne-

358 4338 463 4392 que
496 4331 676 4375 tamen
707 4318 790 4373 vel
823 4317 1102 4372 minimum
1133 4318 1197 4373 ad
1230 4320 1454 4372 salutem
1481 4315 1763 4386 eiproluit
1796 4331 1921 4387 ege-

2020 3140 2077 3194 δὲ
2120 3137 2384 3208 γενναίως
2433 3136 2569 3208 πρὸς
2616 3135 2717 3200 τὰς
2759 3134 3114 3208 περιστάσεις
3162 3133 3263 3189 τοῦ
3320 3135 3457 3208 βίον,
3502 3138 3597 3191 κοί

2020 3231 2175 3286 οὐδὲν
2219 3228 2631 3299 κακουργοῦντα
2672 3227 2931 3299 πονηρὸν,
2978 3227 3068 3282 ἶνα
3109 3229 3177 3298 τῇ
3233 3229 3394 3300 σαρκὶ
3432 3227 3589 3298 χαρί-

2022 3338 2181 3393 σηται
2212 3320 2313 3390 τῆς
2337 3319 2548 3391 τρυφῆς
2573 3319 2672 3391 τὴν
2702 3319 3022 3372 ἀπόλαυσιν.
3058 3320 3158 3372 ’ον
3204 3320 3303 3374 καὶ
3335 3318 3582 3388 σαφέστε-

2023 3431 2114 3486 ρον
2161 3410 2453 3484 διαγράφει
2500 3411 2560 3463 ἐν
2608 3408 2685 3481 τῷ
2734 3408 2936 3482 πρώτῳ
2988 3407 3098 3463 τῶν
3155 3408 3588 3483 pampinaria-h

2020 3509 2246 3581 Κύριος,
2273 3506 2447 3575 λέγων
2464 3521 2479 3537 ·
2512 3502 2800 3572 Μακάριοι
2826 3504 2884 3558 οί
2903 3503 3126 3572 πτωχοὶ
3167 3504 3250 3568 τῷ
3278 3506 3594 3574 πνεύματι.

2019 3600 2156 3655 Οὔτε
2186 3594 2280 3653 οὗν
2313 3598 2420 3661 πᾶς
2450 3595 2663 3667 πτωχὸς
2718 3595 2959 3660 δίκαιος,
3003 3593 3121 3647 ἀλλ’
3159 3594 3381 3660 ἐκεῖνος
3423 3588 3542 3658 οἶος
3564 3596 3603 3648 ’ό

2021 3672 2458 3762 Λάζαρος·ὀῦτε
2494 3689 2605 3751 πᾶς
2639 3685 2891 3750 πλούσιος
2936 3684 3387 3754 ἀπεγνωσμένος,
3427 3687 3546 3740 ἀλλ’
3572 3688 3605 3738 ό

2024 3780 2161 3853 μετὰ
2205 3776 2459 3848 τοιαύτης
2505 3776 2613 3841 ζῶν
2658 3775 3060 3849 προαιρέσεως,
3102 3774 3222 3830 οίαν
3267 3773 3419 3846 εἶχεν
3446 3779 3478 3829 ό
3506 3775 3603 3832 τοῦ

2020 3872 2270 3942 Λαζάρου
2321 3867 2642 3938 σύγχρονος,
2687 3868 2785 3920 καὶ
2827 3865 3019 3919 τούτου
3052 3867 3101 3919 οἱ
3131 3865 3222 3920 διά
3263 3867 3367 3936 τῆς·
3393 3867 3600 3937 πείρας

2018 3961 2112 4017 τοῦ
2145 3961 2261 4032 βίου
2292 3959 2564 4032 μάρτυρες
2602 3956 2880 4030 πρόδηλοι.
2911 3957 2976 4009 Τί
3006 3957 3117 4029 γὰρ
3147 3954 3236 4011 τοῦ
3267 3953 3414 4006 θείου
3466 3954 3590 4005 Ἰὼδ

2005 4049 2455 4121 ·πλουσιώτερον;
2496 4048 2634 4102 Ἀλλ’
2661 4049 2824 4119 ὅμως
2856 4048 2889 4117 ἡ
2922 4048 3003 4111 είς
3048 4046 3188 4116 ἄγαν
3221 4042 3440 4113 eutropia
3482 4042 3574 4094 τὸν

2020 4143 2221 4214 ἀνδρα,
2273 4140 2397 4196 οὔτε
2443 4142 2542 4212 τῆς
2594 4139 2938 4210 δικαιοσύνης
2988 4137 3368 4215 ἠλλοτρίωσεν,
3391 4133 3575 4198 οὔτε,

2024 4230 2321 4302 συλλήδδην
2375 4230 2571 4293 εἰπεῖν,
2619 4230 2715 4299 τῆς
2767 4228 2971 4300 ἀρετῆς
3040 4225 3327 4298 ἐξώρισεν.
3380 4225 3448 4279 ΤΞ
3493 4224 3583 4277 τοῦ

2034 4320 2383 4395 Ἰσκαριώτου
2432 4321 2793 4389 πενέστερον;
2842 4318 3006 4373 υύδὲν
3059 4315 3318 4371 ἀπώνατο
3362 4314 3465 4386 τῆς
3507 4317 3594 4368 ἐν·

357 4424 468 4467 stas
496 4428 512 4478 ;
542 4423 726 4462 verum
763 4420 885 4461 cum
926 4407 1173 4462 undecim
1217 4421 1281 4462 ac
1323 4406 1674 4478 philosophie..
1712 4406 1920 4477 ipsique
1950 4422 1997 4482 ι)
2021 4411 2169 4475 δειας
2210 4412 2291 4474 εἰς
2338 4409 2638 4480 σωτηρίαν·
2688 4407 2823 4462 ἀλλὰ
2871 4411 2981 4471 τοῖς
3021 4406 3213 4460 ἕνδεκα
3259 4404 3601 4476 nimo-“222

363 4503 498 4558 adeo
533 4499 781 4562 Domino.
824 4499 914 4568 qui
949 4509 1139 4568 sponte
1173 4512 1377 4569 pauper
1405 4498 1576 4553 nostri
1611 4512 1770 4553 causa
1797 4495 1928 4554 effe·
2023 4502 2329 4576 φιλοσόφοις
2364 4499 2833 4571 συνδιαιτώμενος,
2862 4500 2956 4553 καὶ
2987 4495 3136 4567 αὐτῷ
3167 4513 3234 4566 γε
3268 4495 3349 4566 τῷ
3382 4496 3601 4569 Κυρίῳ,

361 4603 482 4649 ctus
502 4600 588 4648 est
617 4591 685 4653 ¹⁹,
715 4591 1070 4646 contubernio
1104 4590 1326 4660 junctus
1350 4597 1520 4655 esset,
1552 4589 1716 4643 animi
1742 4589 1923 4658 pravi-

2022 4595 2099 4666 τῷ
2124 4596 2191 4649 δι’
2218 4595 2363 4665 ἡμᾶς
2399 4592 2737 4664 αὐθαιρέτως
2778 4590 3175 4662 πτωχεύσαντι,
3206 4588 3378 4658 κακία
3407 4604 3605 4660 προαι-

360 4693 470 4739 tate
502 4684 553 4739 in
581 4682 869 4737 avaritiam
901 4683 1155 4751 abreptus
1202 4680 1379 4750 ipsam
1403 4680 1528 4736 inde
1564 4679 1922 4751 proditionem
2025 4685 2225 4758 ρέσεως
2255 4684 2336 4746 είς
2375 4681 2737 4755 φιλαργυρίαν
2801 4679 3187 4752 παρενεχθεὶς,
3235 4677 3455 4731 ἐκεῖθεν
3497 4678 3598 4732 καὶ

361 4777 580 4834 molitus
611 4783 712 4830 esl-
2018 4777 2117 4849 τὴν
2146 4771 2433 4848 προδοσίαν
2457 4773 2897 4847 ὲρᾳδιούργησεν.

432 4865 623 4934 Operae
655 4862 891 4934 pretium
922 4872 1102 4918 autem
1135 4862 1275 4928 erit,
1314 4863 1593 4933 utriusque
1630 4860 1918 4918 elationem
2098 4862 2279 4929 Ἄξιον
2307 4861 2373 4916 δὲ.
2393 4862 2485 4916 καὶ
2509 4861 2605 4933 τὴν
2634 4861 2872 4932 ἐκφορὰν
2904 4858 3163 4930 ἐκατέρου
3192 4856 3301 4911 τῶν
3319 4856 3603 4928 ..τεθνηκό-

365 4955 602 5011 del'uncti
645 4955 937 5024 prudenter
985 4954 1320 5008 examinare.
1369 4952 1586 5024 Pauper
1620 4954 1762 5008 enim
1799 4969 1922 5009 cum
2027 4970 2134 5007 των
2155 4952 2387 5015 συνετῶς
2402 4951 2717 5022 δοκιμάσαι.
2748 4952 2927 5022 Ὁμὲν
2954 4950 3063 5022 γὰρ
3078 4950 3291 5020 πτωχὸς
3313 4951 3605 5021 κοιμηθεὶς

363 5045 760 5107 obdormisset,
811 5041 1032 5112 angelos
1080 5043 1228 5113 ipsos
1278 5044 1541 5112 stipantes
1590 5045 1808 5110 habuit,
1850 5060 1916 5101 ac
2029 5042 2289 5112 ἀγγέλους
2314 5038 2459 5114 εἶχεν
2494 5042 2821 5114 δορυφόρους
2840 5042 2938 5094 καὶ
2955 5040 3332 5113 θεραπευτὰς,
3363 5038 3605 5107 ἄγοντας

361 5134 622 5205 obsequio
650 5134 924 5198 foventes,
950 5132 1039 5200 qui
1069 5132 1135 5186 ad
1168 5131 1337 5185 locum
1371 5132 1569 5202 quietis
1589 5173 1607 5198 ‚
1635 5134 1784 5188 bonae
1812 5134 1927 5199 spei
2026 5133 2190 5188 αὐτὸν
2221 5133 2358 5204 μετὰ
2372 5132 2541 5205 καλῆς
2572 5133 2673 5203 τῆς
2699 5132 2912 5197 ἐλπίδος
2933 5133 3015 5196 εἲς
3041 5131 3129 5183 τὸν
3150 5129 3313 5183 τόπον
3330 5131 3432 5200 τῆς
3461 5133 3605 5185 ἀνα-

369 5224 582 5293 plenunt
619 5224 1008 5293 perducerent:
1049 5233 1286 5277 mortuas
1319 5234 1490 5278 autem
1520 5223 1683 5288 dit-es,
1715 5225 1926 5295 inquit.,
2028 5223 2301 5288 παύσεως·
2320 5226 2353 5278 ό
2372 5223 2438 5277 δὲ
2496 5226 2791 5289 πλούσιος
2812 5219 3149 5285 ἀποθανὼν,
3174 5221 3601 5292 φησιν,ὲτάφη.

444 5425 466 5457 ⁸
491 5423 678 5478 Mattlt.
715 5437 839 5484 xxv,
880 5422 967 5477 34.
1043 5424 1064 5454 ⁹
1097 5423 1285 5477 Matth.
1318 5439 1368 5488 v,
1394 5423 1445 5477 3.
1527 5424 1569 5455 ¹⁰
1593 5423 1634 5477 ll
1665 5423 1790 5478 Cor.
1824 5440 1939 5492 vtu,
1969 5424 2023 5480 9.

437 5577 515 5648 (7)
552 5575 760 5645 Alioqui
789 5576 923 5630 enim
960 5587 1237 5647 riv-unque,
1269 5586 1374 5630 etc.
1407 5571 1509 5629 Pro
1550 5573 1662 5638 ἐπί,
1704 5575 1926 5631 restituo
2030 5571 2560 5645 τοῖς-ἀπορουμένοις
2593 5572 2798 5638 ἀπλως,
2828 5575 2895 5629 ad
2919 5577 3224 5645 superiora.
3260 5589 3478 5643 unaque
3508 5576 3606 5631 itta

366 5647 508 5704 ἐπεί.
533 5645 646 5712 Qua
674 5647 773 5701 levi
800 5647 1088 5714 imitatione
1111 5656 1322 5701 constat
1348 5645 1490 5699 clara
1527 5644 1726 5707 littera,
1764 5660 1924 5712 quam
2030 5657 2162 5698 voce
2186 5644 2432 5707 reddens,
2473 5643 2525 5695 in
2552 5655 2876 5713 paupertate,
2905 5646 3046 5716 qnod
3083 5644 3233 5701 valde
3251 5644 3507 5716 jeiuuum
3538 5660 3608 5701 ae

364 5719 632 5788 interpres
675 5715 815 5772 male
859 5717 1128 5782 obseurat,
1175 5718 1437 5771 reducens
1471 5716 1633 5771 rerba
1685 5715 1771 5770 illa
1804 5715 1926 5768 ἐπεὶ
2032 5720 2659 5784 angustumpaupertate
2690 5722 2791 5769 est,
