3725 6125
318 280 420 336 283

1600 283 1660 339 S.
1701 282 1977 339 ASTEtttt
2014 281 2315 338 AMASENt

3468 276 3572 334 28t

319 406 662 467 gustassent,
701 399 892 485 hostes
921 398 1262 469 impugnans,
1305 399 1595 455 consolans
1634 401 1892 456 domesti-
1920 406 1965 461 Α
1992 402 2120 464 τοὺς
2151 398 2384 461 οἰκείους
2411 394 2768 468 παρακαλῶν,
2795 392 3050 467 διωγμῶν
3094 393 3440 465 ἀνεχόμενος,
3482 397 3576 465 φέ-

323 505 444 556 cns,
481 492 886 561 persecutiones
927 492 1227 553 sustinens,
1267 504 1549 547 carcerum
1589 492 1890 549 molestiam

271 606 277 612 ·
324 581 527 649 serens,
547 582 732 636 multis
757 581 927 635 modis
946 579 1222 651 Evangelii
1240 596 1402 635 causa
1424 581 1659 651 pericula
1680 583 1890 637 adiens.

396 670 657 725 Processu
683 670 877 723 deinde
912 670 1192 739 temporiS,
1229 671 1416 724 urbem
1445 672 1646 740 regiam
1681 681 1891 740 petens,

325 762 451 815 iude
493 763 559 814 ad
597 775 814 828 regnum
864 760 1127 813 excurrit.
1174 758 1315 813 Nero
1345 760 1488 815 enim
1521 762 1572 814 in
1607 762 1739 815 iram
1770 777 1895 829 pro·

261 883 272 899 .
323 861 566 916 vocatus,
600 851 678 903 uti
710 849 836 903 olim
869 848 1111 904 llerodes
1144 851 1195 903 in
1246 849 1554 917 Palaestina,
1585 867 1705 905 cum
1733 850 1892 905 Chri-

217 988 220 991 .
319 951 458 996 stum
484 956 660 1011 regem
698 942 835 1013 magi
863 943 1280 1004 annuntiarent:
1306 943 1429 998 aliis
1449 943 1663 1013 quidem
1691 943 1894 1013 spretis

319 1031 707 1102 suppliciorum
754 1034 1064 1103 generibus,
1098 1032 1204 1087 lata
1249 1033 1519 1088 sententia
1559 1042 1641 1089 ter
1676 1035 1892 1089 beatum

319 1124 622 1194 apostolum
670 1123 810 1196 afligi
863 1125 1016 1180 eruci
1069 1126 1336 1188 deceruit,
1373 1134 1429 1180 ut
1465 1126 1660 1181 nedum
1701 1124 1896 1182 Petrus

320 1231 470 1272 mare
502 1217 755 1288 gradiens
795 1216 1080 1271 Dominum
1131 1216 1473 1281 imitaretur,
1510 1231 1695 1271 verum
1729 1216 1892 1271 etiam

320 1307 374 1363 in
425 1306 569 1378 liguo
607 1322 915 1375 suspensus.
955 1308 1241 1378 Tanquam
1293 1307 1641 1363 nihilominus
1677 1308 1895 1366 humilis

322 1398 673 1469 sapiensque,
708 1400 789 1454 vcl
816 1400 868 1453 in
901 1400 1021 1470 ipso
1050 1400 1370 1466 certaminis
1394 1409 1634 1469 tempore
1659 1415 1723 1455 ac
1751 1399 1893 1454 lucta

323 1503 444 1544 cunt
477 1490 668 1545 mortis
697 1505 914 1558 pavore,
949 1502 1287 1562 perspectum
1322 1491 1526 1546 hahens
1549 1492 1676 1561 quid
1714 1491 1897 1547 Domi-

323 1594 451 1635 num
485 1581 625 1635 inter
657 1596 720 1637 ac
754 1597 968 1635 servum
1006 1581 1321 1648 interesset,
1355 1598 1521 1637 unum
1555 1584 1684 1653 quid
1720 1582 1891 1639 bene·

323 1671 428 1726 licii
457 1672 576 1727 loco
604 1670 673 1725 ab
697 1672 944 1727 hostibus
973 1673 1202 1745 rogavit,
1229 1687 1295 1726 ne
1323 1672 1534 1729 scilicet
1557 1673 1744 1742 eadem
1769 1690 1892 1729 cum

323 1763 552 1820 Domino
582 1764 750 1834 ligura
784 1762 1062 1834 affigerent
1091 1765 1256 1835 ligno,
1287 1765 1381 1820 sed
1412 1780 1567 1821 verso
1601 1765 1666 1819 ad
1693 1772 1894 1821 terrant
1926 1742 1971 1802 Β

322 1856 500 1925 capite
532 1854 936 1925 crucifigerent.
976 1854 1131 1910 Haud
1167 1856 1367 1927 quippe
1405 1871 1504 1927 par
1534 1871 1681 1922 esse,
1719 1866 1778 1912 ut
1810 1856 1896 1912 vel

323 1947 376 2001 in
412 1957 614 2013 morte,
657 1948 888 2019 :equales
917 1950 1061 2003 servi
1102 1948 1433 2019 Domitiique
1476 1959 1654 2020 partes
1689 1960 1892 2007 esser-t.

327 2038 492 2106 Dixit,
525 2054 587 2094 ae
617 2040 723 2094 voti
759 2055 983 2110 compos
1011 2041 1236 2098 effectus
1261 2052 1366 2109 est,
1396 2045 1682 2115 crucisque
1718 2046 1897 2101 medio

326 2131 394 2186 ad
422 2145 543 2186 eum
573 2130 726 2195 abiit,
761 2132 851 2202 qui
881 2133 1209 2199 crucilixus,
1244 2137 1541 2192 resurrexit
1575 2156 1589 2191 :
1626 2138 1740 2209 ipse
1772 2138 1895 2207 qui-

328 2222 453 2277 dem
491 2221 732 2293 martyrii
778 2237 979 2277 corona
1029 2224 1297 2291 donattts;
1356 2227 1510 2283 nohis
1559 2238 1739 2283 autem
1795 2229 1896 2296 lta-

328 2328 511 2368 rumce
545 2312 900 2371 svsttvttntmu
932 2314 1126 2381 gaudia
1161 2315 1493 2386 relinquens.

393 2486 519 2544 naec
548 2503 646 2543 nos
677 2502 895 2558 quoqne
920 2488 1042 2554 tibi,
1067 2504 1100 2545 o
1129 2490 1354 2546 charum
1381 2508 1445 2548 ac
1469 2509 1682 2549 sacrum
1711 2505 1895 2564 caput,

321 2592 421 2649 pro
468 2591 652 2634 nostra
703 2578 846 2632 virili
903 2578 1159 2636 facultate
1215 2582 1502 2637 multarum
1543 2584 1895 2654 gratulatoria

323 2670 580 2725 virtutum
611 2667 996 2740 gestorumque
1022 2672 1293 2729 reddenda
1323 2676 1629 2731 habuimus.
1662 2676 1899 2746 Tempus

325 2777 459 2819 vero
483 2771 591 2825 est,
622 2771 680 2816 ut
703 2763 769 2817 ad
794 2763 1023 2835 pugilem
1054 2764 1282 2821 alterum
1333 2783 1636 2825 sermonem
1668 2784 1898 2826 conver·

331 2862 534 2921 tamus,
570 2852 637 2909 ad
669 2864 790 2920 tuae,
828 2854 1067 2926 inquam,
1104 2857 1321 2914 virtutis
1346 2860 1550 2915 socium
1580 2861 1727 2916 illum
1759 2861 1897 2916 Tar-

326 2959 540 3001 sensem
575 2963 589 3000 ε
617 2961 762 3011 eum,
790 2950 1029 3017 iuquam,
1077 2949 1168 3019 qui
1197 2950 1411 3006 diverso
1441 2951 1659 3021 quidem
1688 2953 1893 3022 suppli-

302 3038 396 3095 ·‹·ii
426 3052 622 3112 genere
643 3079 660 3106 ,
701 3055 889 3095 rerunt
921 3054 1029 3095 uuo
1059 3040 1358 3113 eodemque
1383 3042 1600 3113 pietatis
1633 3044 1761 3113 line,
1792 3061 1895 3101 una
1924 3083 1966 3140 c

329 3145 503 3192 tecum
527 3137 593 3194 ad
621 3136 901 3193 Christum
939 3135 1214 3208 profectus
1245 3148 1346 3194 est.

400 3227 595 3285 Paulus
618 3229 705 3282 ille
734 3228 1088 3293 admirabilis,
1113 3243 1314 3283 canora
1346 3221 1434 3284 illa
1460 3229 1731 3301 Evangelii
1752 3233 1896 3298 luha,

334 3320 485 3388 prius
507 3318 722 3390 quidem
749 3319 981 3374 acerbus
1011 3319 1665 3401 Christianorumssestis,
1694 3335 1922 3403 postre-b

335 3421 479 3461 unum
513 3421 642 3462 vero
673 3406 999 3462 fortissimus
1030 3406 1284 3465 Ecclesiae
1325 3421 1606 3480 patronus,
1642 3414 1901 3485 apostolis

330 3499 550 3569 quidem
592 3499 867 3553 recentior
900 3499 1086 3568 gratian
1116 3509 1270 3568 partu
1300 3501 1499 3564 editus.
1535 3518 1598 3559 ac
1631 3507 1902 3574 posterior

333 3598 576 3661 tempore
603 3589 804 3645 Christi
833 3588 1113 3659 discipulis
1142 3605 1425 3659 accensus,
1462 3594 1601 3648 idem
1629 3597 1903 3651 nihilomi-

335 3697 436 3738 nus
468 3682 691 3750 probata
732 3683 951 3747 virtute,
991 3692 1142 3739 utne
1172 3683 1299 3753 qnid
1335 3685 1567 3753 amplius
1601 3688 1799 3752 dicam,
1840 3704 1904 3741 ac

335 3771 614 3825 duodecim
669 3771 882 3825 illorum
932 3786 1099 3827 canos
1143 3774 1344 3842 pudore
1390 3774 1648 3842 alliciam,
1703 3763 1904 3846 Moysis

334 3861 581 3932 wqualis,
613 3863 893 3916 aemulator
923 3864 1158 3930 fervens,
1181 3875 1237 3918 ut
1269 3867 1390 3934 quis
1419 3867 1579 3933 alius,
1613 3867 1747 3936 legis
1774 3882 1903 3936 pro·

335 3955 719 4026 pugnaculum,
751 3954 961 4009 Veteris
990 3955 1321 4010 Testamenti
1356 3957 1518 4012 turris
1546 3957 1699 4013 firma
1729 3973 1794 4013 ac
1825 3957 1907 4012 in-

337 4059 634 4111 concussa;
673 4046 845 4100 donec
880 4049 1106 4099 mutavit
1155 4045 1416 4111 animum,
1468 4047 1671 4118 grande
1714 4062 1903 4101 eorum

339 4136 637 4204 periculum
693 4137 785 4204 qui
837 4135 1112 4190 Christum
1163 4137 1538 4208 loquerentur;
1585 4148 1908 4207 nostrosque

341 4224 535 4294 ubique
582 4225 820 4279 terrebat
873 4240 939 4279 ac
990 4225 1042 4279 in
1097 4224 1274 4295 sugant
1308 4225 1534 4293 agebat;
1580 4239 1705 4279 vere
1747 4223 1903 4292 juxta

341 4317 736 4384 prmdictionem
763 4314 952 4379 Jacob,
981 4314 1258 4385 Benjamin
1285 4316 1442 4393 lupus
1474 4331 1640 4385 rapax
1672 4315 1724 4381 ⁸,
1763 4313 1905 4383 opti·

1999 508 2106 559 ρων
2134 488 2401 561 ἀχθηδόνα
2432 485 2840 558 δεσμωτηρίων.
2879 484 3235 557 πολυτρόποις
3259 484 3358 540 τοῦ
3400 487 3577 558 Εὔαγ-

1997 581 2180 650 γελίου
2209 576 2664 651 προκινδυνεύων.
2811 641 2816 646 1

2065 669 2274 741 Χρόνου
2301 668 2358 723 δὲ
2389 667 2689 739 προϊόντος,
2727 665 2844 738 τήν·
2863 664 3250 738 βασιλεύουσαν
3281 664 3444 720 πόλιν
3470 666 3579 724 τῶν

1995 758 2296 832 ἀνθρώπων
2322 756 2525 821 λαθὼν,
2551 756 2761 810 έκεῖθεν
2790 757 2883 811 ἐπὶ
2921 756 3019 829 τὴν
3050 754 3330 827 βασιλείαν
3354 756 3581 829 ἀνέδρα·

1999 867 2117 921 μεν.
2169 848 2607 922 Ἀναῤῥιπισθεὶς
2663 848 2774 920 γὰρ
2823 849 2853 901 ό
2894 848 3085 920 Νέρων
3134 849 3215 910 είς
3260 846 3456 919 ὀργὴν,
3506 849 3581 914 ὣς

1996 960 2126 998 ποτε
2156 943 2302 998 κατὰ
2329 942 2428 1013 τὴν
2452 941 2816 1013 Παλαιστίνην
2849 940 3115 1013 Ἡρώδης,
3145 940 3314 1011 ἡνίκα
3357 938 3583 1009 βασιλέα

1994 1034 2085 1090 τὸν
2135 1033 2371 1105 Χριστὸν
2416 1034 2467 1088 οἱ
2509 1034 2673 1105 μάγοι
2724 1032 3060 1106 διήγγελλον,
3108 1031 3439 1103 ὑπερδαίνει
3485 1034 3583 1104 μὲν

1994 1127 2122 1189 τοὺς
2156 1125 2351 1189 ἄλλους
2393 1124 2502 1178 τῶν
2542 1125 2817 1180 κολάσεων
2849 1124 3104 1196 τρόπους,
3133 1123 3368 1193 ψηφίζει
3400 1123 3457 1178 δὲ
3492 1122 3580 1178 τὸν

1994 1218 2394 1290 τρισμακάριον
2427 1214 2844 1289 προσηλωθῆναι
2879 1213 3117 1287 σταυρῷ,
3162 1215 3249 1269 ἵνα
3300 1216 3383 1286 μὴ
3425 1215 3574 1286 μόνον

1996 1307 2243 1372 πεζεύων
2274 1308 2548 1362 θάλασσαν
2580 1306 2788 1379 Πέτρος
2830 1307 2923 1361 τὸν
2966 1307 3244 1376 Δεσπότην
3295 1308 3556 1378 μιμεῖται,

1996 1401 2130 1456 ἀλλὰ
2162 1401 2258 1457 καὶ
2288 1401 2382 1457 ἐπὶ
2411 1400 2572 1468 ξύλου
2609 1399 2975 1473 κρεμάμενος.
3005 1401 3216 1470 Ὅμως,
3239 1400 3320 1463 ὡς
3352 1398 3562 1472 εὐλαβής

1996 1490 2091 1545 καὶ
2106 1489 2268 1560 σοφὸς
2282 1491 2385 1545 κάν
2398 1490 2477 1561 τῷ
2504 1489 2683 1561 καιρῷ
2703 1490 2802 1560 τῆς
2819 1489 3078 1558 ἀγωνίας,
3096 1489 3274 1553 εἰδὼς,
3291 1490 3380 1556 τίς
3400 1490 3574 1559 διαφο-

1998 1581 2069 1654 ρὰ
2091 1582 2297 1654 Κυρίου
2317 1581 2453 1653 πρὸς
2470 1579 2676 1646 δοῦλον,
2715 1580 2845 1651 μίαν
2874 1580 3045 1651 ᾔτησε
3064 1580 3344 1651 παράτῶν
3372 1580 3577 1652 ὲχθριῖιν

1997 1676 2175 1747 χάριν,
2203 1676 2334 1748 μήτι
2360 1692 2423 1742 γε
2453 1676 2511 1728 ὲν
2539 1673 2710 1745 ὁμοίῳ
2743 1672 2821 1744 τῷ
2849 1674 3086 1745 σχήματι
3117 1673 3194 1744 τῷ
3225 1673 3374 1746 ξύλῳ
3418 1690 3579 1745 προο-

1998 1767 2246 1834 αγαγεῖν,
2283 1763 2420 1818 ἀλλὰ
2454 1764 2552 1835 τὴν
2599 1762 2842 1834 κεφαλὴν
2873 1762 2952 1834 τῷ
2990 1762 3269 1835 προσγείῳ
3300 1762 3464 1835 μέρει
3488 1763 3579 1817 τοῦ

2000 1853 2236 1928 σταυροῦ
2295 1854 2777 1927 προσηλώσαντας.
2826 1853 2901 1906 Οὐ
2953 1852 3063 1923 γὰρ
3126 1851 3302 1918 ἄξιον,
3347 1851 3476 1907 οὐδὲ
3524 1854 3581 1905 ἐν

1999 1947 2165 2003 πάθει
2192 1945 2306 2000 τῶν
2341 1948 2472 2001 ἴσων
2503 1947 2596 2000 τὸν
2628 1944 2810 1999 δοῦλον
2837 1943 2914 2016 τῷ
2951 1943 3197 2014 Δεσπότῃ
3237 1945 3445 2014 τυχεῖν.
3485 1938 3578 1997 Εἷ-

1998 2056 2119 2105 πεν,
2163 2039 2258 2094 καὶ
2302 2038 2494 2109 ἔτυχεν
2526 2031 2601 2092 ὢν
2647 2036 2919 2099 ὲὸούλετο,
2953 2037 3047 2090 καὶ
3076 2035 3166 2089 διὰ
3202 2034 3300 2089 τοῦ
3345 2035 3581 2108 σταυροῦ

1998 2131 2137 2203 πρὸς
2160 2132 2252 2186 τὸν
2296 2129 2679 2203 σταυρωθέντα
2718 2128 2811 2183 καὶ
2852 2128 3162 2184 ἀναστάντα
3191 2126 3457 2199 ἀπῆλθεν,
3485 2130 3579 2182 αὖ·

1996 2223 2089 2287 τὸς
2134 2223 2233 2293 μὲν
2279 2222 2370 2276 τὸν
2418 2220 2515 2275 τοῦ
2570 2220 2871 2293 μαρτυρίου
2923 2218 3338 2289 ἀναδησάμενος
3379 2219 3577 2288 στέφα-

1998 2332 2109 2380 νον,
2148 2317 2281 2387 ἡμῖν
2317 2314 2373 2369 δὲ
2400 2312 2609 2367 τούτων
2637 2312 2747 2369 τῶν
2785 2309 2987 2383 ἑορτῶν
3014 2308 3335 2363 καταλιπὼν
3380 2309 3481 2374 τὰς
3505 2312 3582 2364 αί-

1998 2409 2137 2472 τίας.

2069 2497 2257 2553 Ταῦτά
2307 2514 2389 2551 σοι
2420 2496 2514 2551 καὶ
2567 2497 2728 2567 ἡμεῖς
2771 2493 2912 2549 κατὰ
2955 2493 3206 2565 δύναμιν,
3239 2489 3289 2549 ὦ
3318 2493 3448 2565 φίλη
3489 2494 3579 2546 καὶ

2002 2591 2124 2663 ἱερὰ
2158 2589 2392 2661 κεφαλὴ,
2431 2588 2541 2642 τῶν
2575 2585 2783 2640 πολλῶν
2825 2585 3266 2657 κατορθωμάτων
3302 2587 3580 2640 ἀπεδώκα-

2003 2700 2102 2753 μεν
2142 2682 2505 2755 χαριστήρια·
2540 2680 2659 2751 ὣρα
2708 2677 2764 2730 δὲ
2810 2670 3138 2740 λοιπὸν,”ὲπ’
3177 2677 3343 2732 ἄλλον
3382 2678 3572 2745 ἀγωνι-

2001 2772 2129 2845 στὴν
2157 2773 2354 2844 τρέψαι
2394 2772 2483 2825 τὸν
2511 2770 2686 2839 λόγον,
2713 2768 2805 2823 τὸν
2835 2769 3009 2823 κοινὸν
3037 2768 3060 2800 ⁸
3086 2768 3189 2841 τῆς
3228 2769 3328 2842 σῆς
3350 2768 3574 2841 ἀρετῆς,

1999 2863 2089 2918 τὸν
2118 2862 2355 2936 Ταρσέα,
2384 2861 2476 2915 τὸν
2506 2860 2743 2931 διαφόρῳ
2786 2859 2885 2931 μὲν
2921 2858 3107 2931 τρόπῳ
3139 2859 3241 2931 τῆς
3278 2859 3580 2930 τιμωρίας,

2000 2957 2080 3011 ἑνὶ
2104 2956 2160 3010 δὲ
2196 2953 2383 3023 σκοπῷ
2409 2953 2510 3024 τῆς
2546 2952 2824 3024 εὐσεβείας
2864 2952 3004 3024 μετὰ
3043 2950 3139 3005 σοῦ
3181 2951 3321 3023 πρὸς
3347 2952 3584 3023 Χριστὸν

2000 3041 2360 3096 ἀναλύσαντα.

2072 3222 2284 3286 Παῦλος
2324 3220 2353 3274 ὀ
2381 3220 2686 3285 θεσπέσιος,
2711 3222 2745 3290 ἡ
2783 3218 3165 3291 μεγαλόφωνος
3189 3217 3275 3272 τοῦ
3313 3217 3554 3282 Εὖαγγε·

1953 3384 1960 3391 ,
1999 3318 2130 3383 λεῖον
2155 3313 2411 3387 σάλπιγξ,
2440 3315 2469 3367 ὁ
2503 3313 2765 3385 πρότερον
2796 3313 2894 3382 μὲν
2924 3312 3120 3383 πικρὸς
3137 3306 3387 3378 δυσμενὴς
3420 3305 3553 3377 Χρι-

2003 3406 2252 3472 στιανῶν,
2298 3404 2649 3477 ίσχυράτατος
2689 3403 2748 3471 δὲ.
2779 3404 3087 3458 τελευταῖον
3111 3400 3204 3473 τῆς
3234 3397 3561 3468 'finitumae

2004 3502 2323 3572 συνήγορος,
2354 3495 2620 3569 νεώτερος
2668 3495 2766 3568 μὲν
2804 3484 3230 3568 ὲπετέχθᾳςρίξ
3243 3486 3584 3561 Μτῷῡις

2002 3592 2153 3662 παρὰ
2180 3590 2282 3660 τῆς
2320 3591 2572 3661 χάριτος·
2617 3587 2713 3640 καὶ
2755 3586 2834 3658 τῷ
2877 3587 3051 3659 χρόνῳ
3080 3584 3332 3657 δεύτερος
3363 3576 3435 3656 ἦν
3467 3581 3582 3638 τῶν

2006 3680 2261 3750 μαθητῶν
2297 3677 2392 3732 τοῦ
2421 3676 2680 3748 Χριστοῦ,
2714 3674 2825 3739 ἴσος
2856 3675 2910 3729 δὲ
2950 3675 3092 3730 κατὰ
3134 3675 3201 3728 τὸ
3238 3674 3457 3745 &extum
3481 3673 3582 3743 τῆς

1999 3773 2225 3840 ἀρετῆς,
2261 3771 2347 3824 ἵνα
2376 3771 2539 3841 μηδὲν
2570 3770 2705 3822 εἴπω
2740 3767 2920 3834 πλέον,
2972 3767 3064 3840 τὴν
3101 3768 3300 3822 πολιὰν
3335 3767 3588 3840 ἐρυθριά-

2008 3877 2107 3924 σας
2140 3859 2248 3913 τῶν
2276 3857 2501 3924 δώδεκα,
2534 3857 2781 3928 ζηλωτὴς
2818 3855 2876 3909 δὲ
2917 3855 3119 3928 θερμὸς
3149 3854 3249 3910 τοῦ
3280 3854 3585 3918 Μωῦσέως,

2004 3952 2160 4022 εἴπερ
2198 3967 2281 4013 τις
2308 3945 2514 4019 1ἕτερος,
2541 3951 2713 4018 τεῖχος
2760 3946 2844 4000 τοῦ
2873 3947 3060 4017 νόμου,
3096 3944 3312 4017 πύργος
3344 3945 3445 4016 τῆς
3473 3946 3580 3998 ssa·

2005 4041 2161 4104 λαιᾶς
2202 4040 2477 4113 Διαθήκης
2509 4040 2776 4112 καρτερὸς
2809 4039 2903 4093 καὶ
2934 4037 3184 4099 ἀσειστος
3204 4053 3218 4066 ·
3251 4036 3350 4090 καὶ
3395 4036 3580 4107 μέχρις

2006 4129 2066 4187 οῦ
2115 4134 2213 4204 τὴν
2269 4131 2492 4204 γνώμην
2529 4131 2905 4202 άμετὰὃλητον
2940 4125 3102 4198 εἶχεν,
3144 4128 3325 4200 μέγας
3372 4127 3582 4198 ὑπῆρχε

2007 4224 2247 4289 κίνδυνος
2292 4223 2398 4277 τῶν
2434 4224 2524 4277 τὸν
2556 4223 2788 4295 Χριστὸν
2820 4221 3140 4285 λαλούντων,
3170 4220 3265 4273 καὶ
3304 4215 3582 4289 πανταχοῦ

2007 4318 2240 4371 διεπτόει
2277 4319 2400 4380 τοὺς
2446 4316 2742 4387 ἡμετέρους
2774 4317 2869 4369 καὶ
2908 4313 3351 4384 ὲφυγάδευσεν”“·
3385 4312 3581 4374 ὅντως,

343 4424 458 4463 tuos
490 4423 731 4477 quosque
775 4405 909 4462 Novi
960 4405 1292 4462 Testamenti
1335 4408 1650 4477 discerpens
1703 4422 1766 4461 ac
1797 4406 1907 4460 dis-
1939 4427 1981 4481 ι)
2011 4408 2153 4463 κατὰ
2188 4408 2288 4479 τήν
2332 4408 2633 4479 πρόρρησιν
2665 4406 2759 4460 τοῦ
2800 4405 3014 4467 Ἰακὼδ,
3050 4403 3357 4474 Βενιαμὴν
3394 4403 3580 4462 λύκος

343 4513 570 4569 pergens
595 4512 808 4569 greges-

411 4682 545 4750 Quia
561 4698 684 4738 vero
715 4682 877 4737 etiam
911 4681 1082 4737 sancti
1117 4681 1372 4752 Stephani
1401 4680 1636 4737 fabulam
1666 4683 1890 4748 luserat,

347 4778 625 4846 adhucque
656 4791 849 4832 cruore
880 4775 1095 4832 loedatis
1139 4774 1387 4831 manibus
1429 4773 1749 4829 Damascum
1787 4789 1909 4840 per-

341 4870 536 4941 gebat,
591 4869 1124 4940 persecutionemque
1168 4865 1564 4938 persecutioni,
1622 4880 1686 4920 ac
1736 4867 1911 4920 coetles

344 4961 578 5017 eoediltus
632 4969 875 5027 nectere,
937 4968 1213 5029 totumque
1270 4955 1528 5013 radicitus
1590 4954 1912 5011 Christiani-

345 5067 542 5119 smum,
577 5053 810 5124 primum
842 5048 1420 5106 hactenus’llorentem
1452 5055 1652 5111 ortum,
1681 5046 1911 5102 evellere

348 5146 663 5216 satagebam
704 5159 819 5200 rem
855 5144 995 5198 Deus
1036 5143 1203 5213 probe
1227 5139 1414 5207 sidit,
1450 5139 1704 5194 nimirum
1753 5138 1905 5203 lore,

347 5244 408 5291 ut
435 5238 576 5293 acris
607 5237 775 5293 hostis
801 5251 864 5292 ac
885 5235 1111 5303 validus,
1140 5232 1387 5299 generosi
1413 5231 1647 5302 pectoris
1670 5246 1732 5287 ac
1757 5231 1913 5287 l'ortis

349 5329 513 5386 animi
557 5326 859 5384 efficeretur
888 5329 1094 5384 anticus
1129 5346 1143 5383 ι
1179 5325 1464 5396 subitoque
1498 5324 1913 5397 circumfulgens

349 5417 571 5486 lumine,
605 5417 878 5487 percellit,
910 5433 972 5473 ac
1002 5419 1071 5474 ad
1107 5415 1461 5474 humilitatem
1492 5418 1790 5482 convertit,
1829 5417 1914 5470 in·

349 5521 512 5564 eusso
535 5505 747 5576 quidem
784 5507 976 5564 timore
1005 5522 1035 5563 a
1066 5522 1229 5564 cursu
1260 5503 1546 5570 cohihens3
1575 5502 1913 5560 flammantes

2009 4498 2228 4568 ἅρπαξ,
2266 4498 2596 4570 σπαράσσων
2631 4499 2731 4569 τῆς
2765 4498 2910 4560 Νέας
2951 4495 3225 4568 Διαθήκης
3266 4497 3395 4559 τοὺς
3436 4491 3586 4566 ἀμεί·

2008 4607 2153 4653 νους,
2186 4590 2284 4656 καὶ
2317 4589 2626 4662 σκορπίζων
2654 4589 2721 4642 τά
2753 4588 2995 4659 ποίμνια.

2094 4680 2315 4752 Ἐπειδὴ
2356 4681 2413 4734 δὲ
2441 4680 2617 4734 καὶτὸ
2647 4681 2831 4751 δρᾶμα
2864 4679 2924 4732 τὸ
2964 4678 3107 4733 κατὰ
3139 4676 3230 4731 τὸν
3264 4676 3421 4746 ἅγιον
3456 4674 3584 4728 zet·

2011 4789 2175 4843 φανον
2210 4771 2587 4845 ἐξειργάσατο,
2616 4773 2711 4825 καὶ
2742 4772 2837 4835 τὰς
2865 4775 3053 4843 χεῖρας
3080 4769 3217 4841 ἔχων
3250 4769 3332 4823 ἔτι
3360 4769 3589 4841 μεμολυ-

2014 4864 2215 4938 σμένας
2236 4864 2312 4937 τῷ
2328 4864 2519 4935 αἵματι
2537 4904 2551 4928 ,
2569 4865 2668 4933 τὴν
2687 4864 2781 4917 ἐπὶ
2796 4864 3082 4936 Δαμασκὸν
3100 4863 3342 4935 ἔτρεχεν,
3359 4860 3581 4932 διωγμῷ

2011 4956 2250 5026 διωγμὸν
2278 4956 2374 5010 καιΙ
2417 4956 2598 5026 φόνοις
2621 4956 2827 5022 φόνους
2867 4954 3099 5024 συνάψαι
3121 4955 3466 5026 βουλόμενος,
3491 4953 3581 5008 καὶ

2013 5048 2325 5102 ἀνασπάσαι
2362 5047 2453 5102 τὸν
2505 5044 2929 5118 Χριστιανισμὸν
2958 5045 3273 5118 πρόρριζον,
3316 5047 3445 5118 ἄρτι
3484 5045 3582 5117 τήν

2015 5137 2237 5212 πρώτην
2270 5137 2534 5195 ἀνθοῦντα
2564 5139 2735 5210 φυήν·
2769 5134 2905 5192 εἶδεν
2937 5136 3115 5201 καλῶς
3146 5138 3175 5189 ό
3208 5136 3341 5200 Θεὸς
3372 5137 3533 5209 ήμῶν
3556 5134 3586 5187 δ

2018 5228 2341 5301 πεποίηκεν,
2374 5230 2458 5283 ὅτι
2483 5231 2511 5282 ό
2542 5229 2757 5300 ἰσχυρὸς
2784 5227 2971 5299 ἐχθρὸς
2997 5227 3176 5300 γένητ’
3210 5227 3277 5284 ἂν
3308 5229 3404 5281 καὶ
3433 5227 3584 5297 φίλος

2018 5322 2262 5392 γενναῖος
2281 5337 2295 5353 ·
2331 5322 2425 5375 καὶ
2452 5309 2798 5392 περιλάμψας
2829 5319 2988 5373 αὑτὸν
3030 5319 3291 5389 αἰφνίδιον
3311 5317 3390 5390 τῷ
3421 5317 3583 5388 φωτὶ,

2018 5411 2383 5482 καταπλήττει
2414 5411 2507 5464 καὶ
2535 5409 2859 5481 μεταὸάλλει
2882 5407 3017 5480 πρὸς
3043 5408 3430 5480 ταπεινότητα,
3457 5410 3585 5480 στή-

2023 5519 2118 5565 σας
2158 5502 2254 5571 μὲν
2292 5501 2384 5555 τοῦ
2430 5501 2627 5572 δρόμου
2661 5501 2747 5554 διὰ
2786 5500 2874 5553 τὸν
2908 5498 3091 5568 φόὸον,
3138 5498 3263 5563 τοὺς
3295 5497 3351 5552 δὲ
3390 5499 3449 5553 τὸ
3481 5516 3588 5551 πυ·

429 5707 449 5742 ⁸
486 5708 618 5764 Gen.
649 5724 793 5766 xutx.
821 5707 908 5760 27.
987 5707 1008 5739 ⁴
1048 5703 1453 5772 t.ae·g.x0tvmvsv.
1507 5702 1702 5773 ⁸‘·L‹·g.
1743 5702 2085 5773 ἐφυγάδευεν.
