3725 6125
159 338 171 350 '
239 360 337 418 sot

1410 355 1689 413 ttotttbts
1725 355 1816 412 lx.
1853 354 1921 411 IN
1956 355 2015 412 S.
2050 356 2359 414 PttocAM.

3389 370 3498 429 502

240 474 405 546 μόνον
437 471 569 535 τοῦς
603 466 1003 540 ὶπιθυμοῦντας
1028 468 1230 543 ἀρετῆς
1255 472 1350 526 καὶ
1369 472 1828 540 εὐσεόείας,ἀλλά
1853 488 1903 543 Α
1931 477 2059 531 tatis
2098 476 2369 532 desiderio
2424 485 2675 532 tenentur
2701 520 2716 545 ,
2760 493 3011 536 sermone
3067 483 3269 548 erudit,
3309 500 3495 543 verum
3537 549 3541 554 ,

241 565 341 620 καὶ
359 562 464 627 τὰς
491 560 712 634 πράξεις
733 559 844 613 τῶν
873 559 1216 631 βεὸιωκότων
1245 562 1422 636 ὀρθῶς
1457 566 1709 639 ἐναργεῖς
1736 566 1818 620 δι·-

247 652 553 716 δασκάλους
571 648 869 723 προτίθησι.
895 650 988 705 Ate
1007 653 1103 706 καὶ
1122 654 1153 705 ὁ
1173 652 1379 725 Κύριος
1399 654 1577 727 ἡμῶν,
1596 656 1695 720 τὰς
1712 656 1821 711 τῶν

253 748 488 819 ἀρίστων
531 742 967 815 κατορθωμάτων
1026 746 1308 818 ὑποθήκας
1348 747 1567 813 διδοὺς,
1619 748 1816 820 φησίν·

261 843 367 906 ‘Oc
386 838 438 891 δ’
464 836 539 891 ἂν
567 834 796 905 ποιήσῃ
830 836 930 891 καί
964 835 1178 907 διδάξῃ
1200 878 1215 899 ,
1245 833 1425 903 οὗτος
1463 837 1652 909 μέγας
1682 842 1824 906 κλη-

257 932 483 997 θήσεται
498 945 513 960 ·
559 928 658 983 καὶ
695 926 933 999 ἀλλαχοῦ
954 945 968 959 ·
1006 928 1309 999 Λαμψάτω
1356 930 1421 983 τὸ
1475 930 1604 1000 φῶς
1655 930 1823 1002 ὑμῶν

246 1025 574 1094 ἔμπροσθεν
613 1020 738 1075 τῶν
771 1019 1097 1089 ἀνθρώπων
1110 1060 1126 1085 ,
1162 1019 1322 1088 ὅπως
1350 1020 1524 1076 ἴδωσι
1551 1020 1624 1075 τὰ
1665 1022 1825 1077 καλὰ

236 1117 388 1191 ἔργα,
413 1116 513 1170 καί
544 1113 862 1179 δοξάσωσι
881 1113 990 1167 τὸν
1015 1111 1248 1181 Πατέρα
1273 1111 1442 1183 ὑμῶν
1469 1112 1578 1168 τὸν
1604 1114 1675 1168 ἐν
1699 1114 1825 1182 τοῖς

231 1201 530 1270 οὐρανοῖς.
583 1202 652 1255 Ἢ
686 1200 797 1273 γάρ
826 1199 1017 1271 λογικὴ
1052 1201 1353 1267 παίδευσις,
1384 1202 1486 1270 τῆς
1515 1203 1825 1275 πρακτικῆς

229 1296 511 1367 ἐνεργείας
559 1295 742 1365 ἥττων
770 1295 866 1349 καὶ
915 1293 1278 1368 ἀσθενεστέρα
1330 1293 1648 1360 διδάσκαλος
1667 1311 1680 1325 ·
1732 1294 1826 1349 καὶ

231 1388 343 1458 ὅσῳ
365 1388 466 1457 τῆς
501 1386 676 1456 ἀκοῆς
709 1385 812 1457 τὴν
836 1384 975 1464 4ὄψιν
1005 1385 1409 1458 ἀκριῦεστὲραν
1437 1381 1576 1441 εἷναί
1611 1403 1788 1457 φαμεν
1807 1425 1824 1452 ,

240 1474 482 1545 τοσούτῳ
521 1474 920 1546 διωμολόγηται
962 1474 1054 1529 τοῦ
1103 1474 1264 1545 λόγου
1315 1474 1414 1547 τὴν
1459 1474 1657 1546 πρᾶξιν
1691 1492 1828 1547 κρα-

249 1568 383 1620 τεῖν.
429 1565 586 1619 θῦτω
619 1566 718 1633 τὰς
764 1568 1074 1639 ἐπιστήμας
1129 1565 1506 1638 μανθάνομεν·
1541 1564 1686 1619 οὕτω
1730 1564 1830 1628 τάς

247 1659 447 1731 τέχνας
479 1658 930 1731 ὲκπαιδευόμεθα,
960 1660 1103 1733 λόγῳ
1132 1660 1397 1733 πρότερον
1422 1658 1562 1729 πρὸς
1598 1657 1698 1729 τὴν
1728 1656 1832 1728 μά-

246 1750 411 1822 θησιν
456 1750 812 1820 ὲναγόμενοι,
851 1746 966 1805 εἶτα
1007 1752 1152 1825 χειρὶ
1193 1752 1287 1805 καὶ
1327 1750 1498 1823 πείρᾳ
1531 1749 1633 1822 τὴν
1673 1750 1831 1819 ἀμοι·
1863 1802 1873 1811 ,

249 1840 384 1914 δράν
413 1841 462 1873 ²⁸
504 1839 887 1922 κρατύνοντες.
935 1843 1045 1896 Καὶ
1078 1841 1248 1896 πολλὰ
1293 1843 1392 1914 μἐν
1434 1842 1465 1897 ὁ
1509 1838 1834 1912 γεωμέτρης
1864 1824 1907 1880 Β

250 1934 383 2005 περὶ
409 1932 509 2005 τὴν
545 1931 728 2003 βίὸλον
759 1931 972 2003 καμὼν,
1005 1935 1101 1987 καὶ
1129 1932 1437 2005 πληρωθεὶς
1461 1933 1615 2003 παρὰ
1642 1930 1734 1986 τοῦ
1757 1932 1834 1985 δι-

250 2023 528 2079 δασκάλου
572 2023 672 2095 τὴν
705 2024 909 2097 ἀκοὴν,
944 2024 1047 2078 ούκ
1085 2022 1259 2089 άλλως
1300 2024 1670 2097 καταλήψεται
1723 2023 1833 2077 τῶν

259 2114 521 2171 ποικίλων
568 2116 867 2188 σχημάτων
911 2115 1011 2188 τὴν
1043 2115 1268 2187 δύναμιν
1289 2155 1304 2180 ,
1339 2116 1402 2171 ἂν
1436 2116 1509 2188 μὴ
1541 2115 1831 2187 καταμάθῃ

260 2208 327 2261 τά
356 2208 586 2280 κέντρα,
609 2209 705 2262 καὶ
731 2208 834 2271 τάς
862 2207 1130 2279 γραμμὰς
1151 2248 1166 2269 ,
1200 2206 1294 2261 καὶ
1321 2207 1449 2271 τοὺς
1477 2206 1705 2272 κύκλους
1739 2209 1833 2261 ἐπὶ

253 2300 348 2354 τοῦ
398 2300 645 2365 πίνακος.
684 2300 760 2353 Ού
808 2299 994 2371 μέντοι
1034 2299 1156 2353 ούδὲ
1200 2297 1291 2352 τὸν
1320 2298 1677 2370 ἀστρονομίας
1714 2300 1834 2352 ἐπι·

250 2390 572 2462 θυμήσαντα
594 2432 612 2456 ,
647 2393 677 2445 ό
713 2390 874 2460 λόγος
903 2391 1067 2462 μόνον
1101 2389 1341 2445 παιδεύει
1370 2391 1430 2445 τὸ
1461 2390 1834 2462 σπουδαζόμε-

246 2497 362 2546 νον,
395 2480 460 2535 ἂν
495 2480 573 2553 μὴ
614 2478 714 2551 τὴν
756 2482 998 2552 σφαῖραν
1033 2480 1184 2552 αὐτῷ
1222 2480 1573 2553 περιδινήσας
1607 2482 1834 2553 ἐπιστη-

251 2570 423 2641 μόνως
447 2573 477 2624 ὀ
500 2569 820 2641 παιδευτὴς,
840 2572 955 2633 τοῖς
970 2568 1266 2641 ὀφθαλμοῖς
1293 2570 1518 2643 παραδῷ
1550 2569 1642 2624 τοῦ
1668 2570 1830 2626 πόλου

245 2662 342 2732 τὴν
368 2662 606 2732 κίνησιν.
645 2660 759 2715 Καὶ
782 2662 813 2713 ὁ
843 2659 1031 2733 ίατρδς
1060 2660 1138 2726 δὲ,
1166 2660 1338 2715 πολλὰ
1367 2660 1448 2732 τῷ
1479 2663 1833 2734 Ἱπποκράτει

249 2751 444 2823 καμὼν
492 2751 588 2806 καὶ
625 2754 736 2815 τοῖς
785 2750 969 2815 ἄλλοις
1016 2750 1354 2821 καθηγηταῖς
1371 2790 1386 2815 ,
1442 2753 1833 2823 ἀνεπιστήμων

255 2845 378 2897 ἐστὶ
405 2842 763 2913 θεραπευτὴς,
788 2842 920 2912 πρὶν
942 2841 1007 2896 ἂν
1041 2841 1179 2915 πρὸς
1199 2844 1325 2907 τοὺς
1351 2843 1583 2906 πολλοὺς
1613 2842 1835 2913 βαδίσας

261 2930 593 3007 ἀρρώστους,
630 2933 754 3004 παρ’
788 2930 970 2986 αὐτῶν
1006 2931 1152 3004 μάθῃ
1177 2932 1287 2986 τῶν
1321 2932 1622 2987 νοσούντων
1659 2933 1719 2986 τὸ
1747 2933 1835 2986 θε-

262 3024 536 3100 ραπεύειν.
564 3024 722 3080 Οὕτω
745 3022 808 3098 δὴ
838 3024 932 3080 καὶ
963 3026 1126 3098 ἡμεῖς
1153 3026 1202 3079 ol.
1229 3023 1467 3098 μαθηταὶ
1488 3024 1594 3080 τῶν
1625 3026 1834 3100 μαρτύ-

259 3137 388 3192 ρων,
420 3118 518 3184 τάς
556 3118 784 3191 πράξεις
815 3117 924 3172 τῶν
972 3118 1258 3191 καρτερῶν
1304 3118 1547 3191 ἀνδρῶν,
1586 3121 1691 3190 πρὸ
1732 3119 1834 3190 τῆς

255 3209 542 3282 ὁμολογίας
570 3208 922 3274 διδασκάλους
959 3208 1291 3280 ποιούμενοι,
1325 3209 1665 3280 μανθάνομεν
1704 3209 1831 3280 ἄχρι

249 3302 358 3358 τῶν
393 3304 641 3375 ἐσχάτων
677 3301 938 3356 κινδύνων
971 3299 1259 3372 φυλάττειν
1293 3299 1573 3357 εὐσέόειαν
1598 3339 1616 3365 ,
1656 3299 1833 3367 αὐτάς

245 3395 346 3457 τὰς
375 3393 528 3464 ίεράς
556 3391 731 3464 θήκας
752 3391 935 3445 αὐτῶν
963 3390 1213 3463 καθάπερ
1239 3390 1442 3462 στήλας
1467 3385 1834 3461 προσὸλέπον-

247 3504 363 3553 τις,
387 3483 1148 3567 γράμμασιοκιχαραγμένας,
1179 3483 1274 3537 καὶ
1299 3481 1566 3556 δηλούσας
1591 3480 1831 3553 ἀκριθῶς

247 3570 682 3650 τοῦμαρτυρίου
704 3576 804 3650 τὴν
833 3578 1092 3646 ἀγωνίαν.

323 3672 541 3742 Ὥσπερ
575 3670 633 3723 δὲ
661 3671 709 3723 οἱ
737 3669 1127 3742 πλησιάζοντες
1152 3670 1220 3740 τῇ
1252 3667 1372 3741 δρυῒ
1400 3670 1464 3740 τῇ
1491 3666 1764 3741 Μαμθρῇ,
1796 3665 1830 3739 ἢ

261 3761 344 3832 τῷ
374 3760 623 3830 σπηλαίῳ
645 3759 720 3832 τῷ
744 3759 956 3832 ὠνητῷ,
987 3763 1124 3832 ὅπερ
1167 3758 1408 3832 Ἐφραίμ
1432 3759 1476 3790 ¹¹
1516 3761 1545 3813 ὁ
1573 3760 1832 3820 Χετταῖος

274 3854 355 3915 εἰς
394 3851 568 3924 ταφὴν
607 3852 700 3926 τῆς
730 3854 949 3926 Σάρρας
980 3851 1229 3915 ἀπέδοτο,
1269 3851 1396 3906 ἔνθα
1426 3849 1492 3922 δὴ
1541 3850 1636 3903 καὶ
1672 3849 1834 3913 αὐτὸς

280 3946 375 3999 σὺν
395 3945 507 4009 τοῖς
522 3947 701 4002 παισὶν
719 3948 749 4000 ό
773 3945 1117 4017 πατριάρχης
1137 3944 1444 4007 ἀπόκειται,
1471 3943 1672 4007 εὐθέως
1697 3943 1835 4014 μετὰ

267 4032 365 4104 τῆς
394 4033 521 4100 θέας
547 4034 659 4089 τῶν
691 4035 894 4100 τόπων,
936 4036 994 4087 ἐν
1026 4036 1137 4097 τοῖς
1164 4031 1446 4104 λογισμοῖς
1485 4033 1838 4089 &vave-‘iveni

262 4125 361 4196 τὴν
395 4126 730 4194 φαντασίαν,
769 4127 863 4181 καὶ
902 4125 1158 4196 βλέπουσι
1197 4127 1260 4196 τῇ
1290 4123 1498 4193 διανοίᾳ
1529 4123 1619 4177 τὸν
1646 4122 1836 4177 πιστὸν

267 4217 648 4289 πατριάρχην,
689 4218 791 4289 τὴν
843 4217 1096 4288 ἀπαρχὴν
1140 4216 1240 4286 τῆς
1284 4214 1598 4279 εύσεόείας,
1632 4215 1732 4286 τὴν
1778 4215 1836 4266 ἐν

262 4308 465 4379 ἐκείνῳ
494 4310 793 4382 περιτομήν
819 4326 831 4339 ·
855 4308 1159 4378 λογίζονται
1195 4306 1251 4361 δὲ
1285 4308 1381 4361 καὶ
1414 4305 1541 4371 τοὺς
1571 4307 1670 4377 τῆς
1696 4307 1835 4359 ὲκεί-

339 4421 547 4492 ”ch.
607 4422 878 4495 ἀμυδράν.
952 4421 1145 4494 ¹¹Leg.
1189 4418 1422 4492 Ἐφρών.
1515 4419 1562 4450 ”
1589 4418 1777 4473 Mattb.
1844 4434 1897 4487 v,
1964 4419 2051 4475 19.
2126 4423 2175 4456 '⁸
2199 4424 2329 4478 ibid.
2368 4423 2456 4478 16.

261 4508 424 4556 xxm,
446 4492 482 4546 Ξ
511 4507 634 4563 sqq.

1924 568 2088 622 etiam
2110 581 2299 622 eorum
2336 568 2427 637 qui
2459 576 2602 625 recte
2634 570 2883 623 vixerunt
2910 572 3171 641 actiones,
3205 574 3502 647 locupletes

1924 659 2214 729 magistros
2255 661 2524 729 producit.
2561 660 2768 718 idcirco
2807 662 2973 718 etiam
3027 666 3287 725 Dominus
3318 682 3501 728 noster

1926 751 2262 820 egregiorum
2282 768 2503 822 operum
2530 755 2851 810 documenta
2890 758 3149 814 tradens:
3193 760 3300 826 Qua·
3324 775 3499 821 autem

1924 838 2128 909 fecerit,
2152 841 2347 909 iuquit,
2383 853 2430 897 et
2451 843 2712 908 docuerit,
2740 845 2826 899 hic
2850 863 3069 915 ntaqmts
3096 853 3369 907 vocabitur
3400 855 3445 889 ⁸¹
3481 875 3497 919 ;

1926 943 1980 987 et
2022 933 2148 987 alibi
2186 948 2199 986 :
2235 933 2432 989 Luceat
2464 936 2557 989 lux
2579 934 2745 992 tiestra
2774 955 2949 993 coram
2970 943 3290 1011 leontinilms,
3339 958 3395 1001 tu
3426 951 3506 1003 tti-

1926 1026 2087 1079 dermt
2114 1042 2269 1094 opera
2300 1036 2467 1081 vestra
2505 1029 2639 1083 bona
2664 1069 2680 1091 ,
2727 1040 2775 1085 et
2818 1032 3107 1102 glorificent
3154 1035 3372 1093 Patrem
3419 1058 3506 1095 ve-

1927 1124 2093 1169 strum
2115 1117 2207 1186 qui
2233 1118 2287 1170 in
2311 1119 2451 1172 coetis
2471 1130 2545 1174 est
2566 1120 2631 1174 ²⁸.
2666 1121 2917 1177 Doctrina
2943 1126 3088 1179 enim
3114 1143 3233 1197 qum
3251 1144 3505 1190 sermone

1928 1206 2196 1272 consistit,
2233 1206 2455 1264 inferior
2488 1208 2913 1281 imbecilliorque
2958 1216 3088 1270 reali
3142 1219 3323 1286 operis
3348 1222 3504 1276 exiti·

1931 1295 2152 1363 bitione,
2183 1298 2435 1367 magistra
2462 1301 2704 1369 exsistit3
2768 1318 2835 1358 ac
2878 1316 3081 1373 quanto
3118 1310 3293 1364 visum
3318 1312 3502 1366 auditu

1930 1387 2220 1443 certiorem
2254 1390 2504 1455 dicimus,
2546 1399 2698 1446 tanto
2738 1391 2905 1464 liquet
2946 1399 3213 1455 actionem
3255 1415 3505 1459 sermone

1932 1478 2195 1548 potiorem
2258 1495 2403 1537 esse.
2442 1482 2495 1537 iu
2537 1485 2682 1542 bunc
2712 1487 2930 1543 modum
2969 1491 3226 1548 scientias
3276 1494 3511 1571 addisci-

1934 1586 2077 1637 mus,
2102 1573 2154 1626 iu
2187 1572 2329 1629 bunc
2358 1578 2573 1633 modum
2623 1580 2915 1636 edocemur
2946 1592 3130 1648 artes,
3162 1597 3221 1641 ut
3251 1588 3507 1644 nimirum

1934 1662 2084 1730 prius
2112 1678 2367 1720 sermone
2399 1667 2466 1721 ad
2489 1668 2829 1739 disciplinam
2870 1674 3255 1743 provehamur,
3288 1687 3510 1750 tumque

1937 1769 2097 1807 tnanu
2129 1770 2193 1808 ac
2221 1758 2577 1828 experientia,
2612 1762 2902 1819 obscuram
2936 1780 3057 1820 eam
3100 1767 3398 1827 firmemus.
3427 1773 3508 1828 Ae

1934 1855 2208 1914 geotnetra
2237 1848 2496 1916 cuidem,
2543 1852 2705 1906 multa
2752 1854 2805 1907 in
2862 1854 2997 1911 libro
3030 1858 3201 1926 posita
3233 1874 3419 1929 opera,
3444 1877 3511 1919 ae

1935 1951 2096 1994 aures
2147 1954 2399 1996 sermone
2436 1944 2681 2013 magistri
2711 1944 2896 2014 plenas
2922 1949 3150 2017 babens,
3180 1951 3323 2008 baud
3355 1955 3511 2010 aliter

1937 2030 2202 2082 variarum
2246 2031 2536 2100 figurarum
2573 2036 2683 2088 vim
2717 2048 3074 2107 percepturus
3106 2043 3196 2108 sit,
3222 2059 3385 2113 quam
3419 2048 3510 2107 abt

1934 2129 2128 2189 punem
2187 2136 2251 2177 ac
2292 2123 2483 2188 lineas,
2533 2126 2873 2196 circulosque
2923 2132 2978 2185 iu
3007 2135 3200 2189 tabella
3234 2138 3507 2196 didicerit.

1932 2210 2001 2267 At
2025 2227 2195 2282 neque
2222 2216 2571 2271 astronomiae
2612 2218 2939 2275 desiderium
2992 2224 3305 2298 habentem,
3338 2234 3513 2289 nudus

1932 2316 2112 2358 sermo
2174 2304 2509 2373 disciplinam
2561 2306 2841 2372 docuerim
2915 2325 2980 2366 ac
3056 2314 3159 2368 uisi
3206 2320 3463 2375 erudiens
3487 2361 3506 2390 ,

1933 2396 2121 2450 scienti
2154 2405 2269 2452 arte
2299 2396 2512 2465 globum
2533 2413 2715 2452 coram
2752 2414 2996 2468 versans,
3042 2404 3171 2473 ipsis
3198 2408 3372 2465 oculis
3406 2413 3511 2479 poli

1935 2498 2139 2542 motum
2171 2489 2498 2545 exhibuerit.
2549 2489 2785 2546 Medicus
2822 2494 3075 2563 denique,
3112 2500 3324 2554 tametsi
3358 2500 3510 2558 labo·

1938 2579 2012 2633 ris
2048 2577 2335 2649 plurimum
2369 2581 2420 2634 iu
2447 2579 2791 2650 Hippocrate,
2811 2597 2876 2638 ac
2900 2584 3123 2655 reliquis
3140 2587 3358 2646 medicae
3380 2594 3515 2652 arti·

1936 2672 2248 2727 doctoribus
2277 2674 2482 2743 posuit,
2525 2675 2672 2728 rudis
2723 2684 2809 2728 est
2857 2677 2991 2732 artis
3028 2680 3294 2747 curandi,
3344 2684 3515 2744 donee

1935 2760 2116 2829 plures
2152 2763 2394 2818 intirmos
2437 2765 2694 2829 invisens,
2733 2768 2801 2821 ab
2829 2768 3050 2838 aegrotis
3106 2771 3235 2839 ipsis
3288 2775 3515 2832 satiandi

1937 2853 2153 2907 modum
2176 2854 2447 2911 didicerit.
2494 2855 2587 2911 Sic
2615 2872 2713 2913 nos
2747 2874 2982 2929 quoque,
3024 2861 3267 2930 discipuli
3314 2873 3516 2939 mart!-

1938 2960 2078 3010 rum,
2112 2944 2329 3000 sortium
2363 2949 2605 3003 virorum
2638 2950 2905 3019 actiones,
2957 2954 3341 3024 magistrorum
3394 2956 3516 3016 loco

1939 3036 2095 3093 nobis
2146 3045 2272 3092 ante
2300 3037 2659 3096 consessionis
2694 3057 2921 3111 agonem
2953 3054 3276 3115 statuentes,
3323 3048 3392 3104 ad
3422 3063 3513 3105 ex·

1941 3135 2110 3180 trema
2138 3127 2306 3197 usque
2343 3130 2598 3198 pericula,
2640 3132 2891 3200 pietatem
2916 3151 3137 3193 servare
3176 3139 3512 3196 edocemurz

1940 3218 2031 3284 qui
2060 3219 2313 3274 nimirum
2336 3235 2522 3276 sacros
2543 3237 2730 3278 eorum
2760 3225 3052 3285 loculosac
3073 3230 3344 3303 sepulcra,
3371 3231 3516 3288 velut

1937 3310 2228 3377 colunnas
2273 3310 2472 3370 litteris
2499 3314 2824 3386 insculptas.
2855 3335 2921 3374 ac
2966 3322 3211 3391 martyrii
3243 3334 3514 3378 certamen

1941 3404 2197 3459 accurate
2223 3406 2534 3474 prodentes,
2558 3419 2917 3480 aspectemus.

2013 3665 2474 3734 Quemadmodum
2514 3679 2694 3724 autem
2731 3671 2821 3740 qui
2847 3669 3117 3726 accedunt
3155 3675 3222 3727 ad
3255 3690 3512 3743 quercum

1940 3757 2179 3815 Mambre
2207 3758 2278 3825 ¹⁸,
2304 3758 2386 3814 vel
2410 3760 2478 3814 ad
2501 3771 2801 3831 coemptam
2831 3777 3072 3835 specum,
3102 3779 3263 3833 quam
3288 3764 3514 3834 Ephron

1941 3850 2214 3906 Cbettaeus
2233 3852 2544 3908 vendiditin
2584 3849 2734 3909 Sarte
2774 3855 3102 3925 sepulturam
3144 3854 3221 3919 ¹⁸,
3247 3869 3353 3926 quo
3394 3856 3514 3916 loco

1945 3943 2058 4009 ipse
2083 3957 2205 3996 cum
2238 3941 2364 3998 liliis
2389 3944 2692 4013 patriarcba
2712 3945 2877 4016 iacet,
2902 3947 3083 4002 statim
3114 3961 3237 4002 cum
3268 3947 3509 4005 locorum

1943 4043 2185 4103 aspectu,
2213 4036 2413 4092 animis
2441 4037 2727 4106 imaginem
2761 4047 3044 4103 renovant,
3069 4053 3135 4095 ac
3178 4049 3359 4096 meme
3383 4055 3515 4096 con·

1943 4135 2161 4178 tuentur
2181 4126 2393 4181 lidelem
2422 4129 2781 4197 patriarcham
2807 4145 2822 4194 ;
2855 4129 3122 4198 primitias
3148 4129 3267 4185 illas
3293 4130 3513 4202 religioe

1942 4217 2055 4281 nis;
2086 4217 2316 4285 primam
2342 4219 2395 4273 in
2434 4235 2499 4276 eo
2525 4221 3025 4287 circumcisionem;
3057 4222 3151 4276 sed
3191 4233 3247 4276 et
3270 4237 3385 4288 eos,
3417 4223 3513 4292 qui

1941 4306 2010 4360 ab
2035 4305 2119 4361 ilia
2145 4309 2324 4365 radice
2342 4313 2734 4382 germinarunt,
2762 4313 3007 4368 surculos
3023 4314 3297 4386 cogitant3
3319 4328 3513 4386 nempe

2561 4425 2608 4458 ¹⁸
2652 4424 2788 4482 Gen.
2820 4439 2978 4490 xvtu,
3027 4427 3053 4480 ί
3086 4440 3209 4497 sqq.
3288 4428 3338 4461 ¹⁸
3369 4424 3509 4482 Gen.

266 4587 447 4654 ipsum
481 4584 785 4649 devotione,
815 4582 1160 4638 creberrimis
1199 4581 1253 4636 in
1303 4595 1397 4635 eos
1437 4579 1715 4636 miraculis
1741 4594 1836 4634 au·
1860 4583 1919 4643 D
1942 4581 2185 4636 culorum
2234 4578 2371 4647 ejus,
2402 4579 2477 4634 uti
2516 4578 2674 4643 solet,
2717 4579 2885 4634 maris
2910 4578 3321 4636 discriminibus
3356 4579 3511 4637 invo-

265 4667 399 4722 ειη
437 4668 557 4723 quae
591 4653 755 4708 refert
787 4655 1029 4708 Asterius
1053 4654 1108 4707 in
1137 4667 1292 4708 suum
1325 4651 1584 4713 Phocam,
1616 4665 1679 4703 ac
1705 4651 1832 4704 bor·

268 4725 537 4786 mianum,
564 4737 664 4778 nec
694 4724 776 4777 vel
810 4725 855 4778 si
885 4722 1092 4777 Pbocas
1123 4724 1404 4788 episcopus
1433 4723 1606 4790 reipsa
1637 4721 1838 4789 guber·

271 4805 432 4850 nator
460 4791 582 4858 tuit,
613 4792 780 4860 liquet
811 4794 863 4847 in
901 4809 1022 4847 eum
1054 4792 1229 4862 potius
1264 4788 1565 4853 referenda,
1593 4805 1753 4858 quam
1776 4790 1830 4843 in

267 4863 642 4934 cognominem
678 4862 910 4917 Phocam
944 4862 1307 4916 hortulanum.
1361 4860 1574 4913 Scituus
1599 4859 1837 4914 devotis·

267 4936 442 4988 sitnon
468 4940 660 4987 nautas
680 4932 901 4987 Nicolao
921 4931 1173 5002 Myrensi,
1202 4929 1362 4983 Petro
1381 4926 1671 4991 Gottzales,
1703 4929 1839 4984 alias

267 5003 686 5070 Telum-nostri
741 5001 1155 5055 Praedicatorum
1195 5000 1424 5062 ordinis,
1472 5013 1535 5051 ac
1569 4997 1838 5053 similibus

267 5087 400 5129 vere
446 5070 1145 5141 θαλασσοθαυματουργοῖς,
1181 5084 1247 5123 ac
1289 5065 1722 5135 praesentissimis
1782 5066 1835 5121 in

270 5143 440 5197 maris
484 5144 740 5210 perieulis
784 5145 1124 5203 tutelaribus,
1170 5139 1366 5208 quibus
1421 5137 1552 5191 nibil
1597 5150 1834 5204 uuquam

272 5227 396 5267 cetu
437 5213 654 5267 nautica
697 5223 985 5266 commune
1028 5210 1351 5271 intercessit,
1385 5207 1484 5260 uisi
1536 5205 1834 5275 spiritalem

271 5282 498 5337 velimus
534 5296 600 5336 ac
624 5283 948 5334 animorum.
972 5277 1143 5333 Graeci
1174 5279 1333 5332 etiam
1360 5277 1612 5344 episcopo
1644 5275 1841 5330 l'ltoca

268 5354 519 5406 tritmttnt
552 5350 812 5405 miracula
845 5363 972 5417 erga
1028 5357 1217 5401 nautas
1268 5344 1508 5400 exbiberi
1566 5345 1722 5400 solita
1784 5345 1837 5399 in

265 5423 387 5488 ejus
416 5420 537 5475 festi
577 5416 774 5485 officio,
798 5418 995 5488 quibus
1042 5416 1367 5485 junioribus,
1402 5430 1465 5469 ac
1496 5414 1648 5485 plura
1676 5415 1839 5468 inter·

265 5492 401 5545 dum
446 5491 501 5544 in
539 5489 924 5545 ecciesiasticis
964 5487 1076 5540 suis
1114 5486 1266 5539 libris
1296 5494 1484 5540 contra
1524 5483 1836 5538 historicam

271 5563 433 5613 tidem
475 5560 846 5630 peccantibus,
889 5557 1028 5609 baud
1078 5555 1267 5610 lubens
1305 5556 1560 5622 majorem
1587 5553 1839 5608 adbibue-

272 5632 376 5681 rim
416 5631 597 5692 tidem,
623 5642 783 5695 quam
814 5628 1049 5689 Asterio,
1075 5626 1327 5679 tribuenti
1370 5624 1563 5678 Pbocae
1590 5621 1834 5676 hortula-

273 5710 366 5751 no.
398 5696 586 5754 Putem
632 5695 902 5764 simplices
944 5704 1136 5750 nautas
1185 5695 1326 5749 baud
1373 5695 1447 5748 ita
1496 5691 1832 5755 distinxisse,

273 5781 337 5823 ιο
363 5766 599 5825 l’booem
641 5776 932 5837 martyrem
968 5765 1345 5837 Sinopensem,
1375 5774 1440 5817 cx
1488 5761 1628 5815 sama
1669 5759 1833 5815 mira-

1942 4665 2066 4705 care
2095 4650 2348 4721 coepisse,
2379 4659 2536 4703 aucta
2582 4649 2777 4702 deinde
2803 4663 2868 4703 ex
2905 4649 3176 4703 miraculis
3203 4664 3392 4704 eorum
3426 4667 3511 4706 re-

1939 4719 2163 4791 ligione,
2193 4721 2307 4775 sive
2337 4719 2477 4774 Deus
2504 4718 2592 4783 iis,
2621 4718 2856 4773 Pbocam
2882 4720 3215 4786 episcopum,
3247 4720 3360 4773 sive
3383 4719 3512 4775 bor-

1943 4792 2208 4853 tulanutn,
2240 4789 2573 4845 clarissimos
2616 4789 2805 4842 ambos
2833 4799 3121 4858 martyres»,
3160 4788 3511 4858 ejusdemque

1938 4859 2175 4914 civitatis
2201 4862 2343 4914 vetut
2371 4869 2650 4929 patronos,
2681 4857 2908 4912 voluerit
2944 4858 3209 4912 bonorare
3234 4874 3249 4910 ι
3280 4873 3345 4912 ac
3370 4859 3509 4915 [orte

1937 4929 2078 4983 idem
2110 4926 2330 4998 Sinope,
2380 4938 2541 4996 atque
2576 4931 2858 4990 Caesareae,
2888 4927 3067 4981 vicina
3100 4928 3319 4981 civitate
3368 4928 3511 4984 acci·

1937 4998 2099 5065 derit,
2132 5000 2352 5054 utsicut
2386 4998 2495 5052 illic
2525 5007 2645 5067 post
2670 4997 3031 5067 Eupsyebium
3058 4997 3327 5051 seniorem
3359 4998 3510 5052 cele0‘
3620 4992 3632 5001 ’

1938 5067 2087 5123 brem
2118 5076 2434 5134 martyrem,
2467 5068 2607 5124 alter
2638 5066 3027 5121 celeberrimus
3061 5065 3395 5135 Eupsycltius
3420 5067 3506 5121 ul·

1894 5199 1903 5206 ‚
1940 5138 2068 5191 tima
2097 5136 2494 5208 persecutione,
2518 5152 2584 5191 ac
2617 5137 2717 5192 sub
2752 5133 2966 5190 Juliauo
3007 5139 3267 5207 martyrio
3312 5135 3510 5192 delun·

1936 5219 2114 5271 ctus„
2128 5209 2361 5269 enituit;
2391 5208 2470 5262 sic
2521 5221 2738 5276 qumque
2788 5205 3009 5274 Sinope,
3046 5215 3165 5274 post
3224 5206 3506 5274 antiquum

1936 5275 2177 5332 ‘bocam
2210 5291 2544 5346 episcopum,
2577 5275 2788 5329 Pbocas
2819 5275 2958 5328 alter
2996 5274 3313 5345 ntartyrium
3360 5277 3506 5331 reve·

1938 5346 2032 5409 rit,
2053 5361 2212 5414 quem
2248 5347 2409 5409 Deus,
2439 5349 2655 5400 tametsi
2685 5346 2881 5400 laicum
2902 5344 3199 5411 simplicem
3227 5345 3506 5400 aebortu·

1938 5415 2141 5480 lanum,
2169 5431 2268 5485 pro
2299 5415 2427 5469 vitaz
2445 5430 2512 5470 ac
2534 5415 2803 5484 passionis
2837 5415 3052 5479 merito,
3081 5415 3247 5468 tantis
3271 5415 3378 5469 illis
3408 5413 3508 5469 mi-

1938 5486 2136 5540 raculis
2162 5484 2466 5548 illustrarit,
2500 5493 2701 5553 quauta
2743 5485 2792 5539 ei
2818 5483 3065 5537 Asterius
3106 5484 3325 5538 ascribit
3352 5499 3365 5536 ε
3390 5495 3510 5552 quae

1934 5564 2121 5624 postea
2159 5553 2402 5624 juniores
2447 5552 2621 5610 Graeci
2679 5551 2876 5608 Pbocae
2943 5553 3199 5622 episcopo
3235 5552 3512 5607 ascribere

1941 5624 2265 5690 mutuet-inu
2299 5622 2585 5678 celebriori
2612 5622 2889 5680 veteribus
2931 5621 3239 5689 hortulano,
3270 5629 3331 5676 ut
3372 5618 3511 5676 ludi·

1940 5703 2068 5750 cant
2093 5695 2193 5750 ista
2228 5693 2450 5749 Asterii.
