3725 6125
969 275 1026 331 S.
1069 274 1351 332 ANTONn
1396 276 1466 332 tt.
1508 274 1804 334 AssssATts
1841 276 2228 337 EPtSmLAE.

3106 280 3247 338 tote

191 404 215 445 s
237 402 350 444 non
380 386 503 443 est?
533 385 745 443 Etenim
779 401 880 443 nec
913 390 1241 458 pau-tarcum
1263 408 1362 464 pro
1400 392 1558 469 nobis
1587 396 1631 452 Δ
1661 392 1886 453 dantiae.
1912 393 2050 451 Nam
2078 396 2392 466 quicunque
2413 396 2522 451 Deo
2548 394 2881 460 inservierit,
2908 393 3165 464 illumque
3186 397 3252 450 dc

199 484 238 540 ti
263 492 417 549 suut,
462 493 564 537 nec
598 481 913 538 sacerdotes
943 500 1045 540 nus
1090 484 1418 551 docuerunt,
1452 504 1554 545 nec

196 585 255 633 et
278 589 440 646 reges
462 588 562 645 pro
588 573 745 629 nobis
777 575 1133 633 decertarunt
1184 595 1284 634 nec
1317 580 1553 649 apostoli

191 668 257 726 tis
290 665 735 741 persecutionem
767 667 914 737 passi
942 677 1093 737 sunt,
1135 668 1233 725 sed
1257 667 1433 725 Filius
1463 667 1555 725 di-

192 757 453 825 Verbtm,
483 774 588 831 pro
636 758 794 816 nobis
851 759 1105 816 omnibus
1166 769 1411 816 mortuus
1448 769 1554 816 est.

192 853 346 911 brem
375 850 521 907 omni
566 849 803 921 puritate
842 864 942 907 nos
979 852 1160 922 parari
1187 860 1428 923 oportet,
1459 865 1556 907 ea-

191 962 206 1003 2
237 944 550 1002 ordinantes
587 945 863 1014 proposita
900 953 954 998 et
982 958 1176 1000 sensus
1224 952 1444 1001 nostros
1470 943 1557 998 in-

192 1053 280 1094 um
309 1046 364 1093 et
391 1034 592 1090 malum
631 1034 953 1102 variabiles;
992 1051 1117 1091 cum
1149 1050 1376 1092 necesse
1425 1050 1560 1105 quo·

192 1145 329 1189 rnos
368 1127 648 1185 immutari
694 1137 749 1184 et
778 1143 1075 1186 occurrere
1115 1128 1340 1185 Domino
1373 1137 1562 1183 nostro

191 1222 372 1286 trimo,
403 1221 495 1294 qui
530 1219 756 1277 veniens
779 1221 844 1277 ad
885 1236 984 1277 nos
1011 1222 1127 1277 suis
1155 1220 1412 1276 omnibus
1440 1217 1561 1273 dis·

191 1315 412 1383 onibus,
459 1329 562 1372 nos
606 1313 898 1377 liberavit.
936 1324 992 1369 et
1027 1314 1079 1368 in
1111 1314 1366 1369 omnibus
1406 1310 1565 1367 nobis

193 1414 318 1463 atus
353 1415 440 1463 est
483 1416 679 1475 praeter
732 1416 1015 1478 peccatum
1046 1406 1112 1459 ⁸⁸.
1147 1405 1300 1473 Quod
1341 1401 1563 1476 quidem

192 1513 258 1556 us
278 1497 382 1554 i'uit
407 1498 462 1553 in
492 1496 827 1565 scandalum,
862 1497 986 1553 aliis
1013 1512 1144 1553 vero
1175 1497 1229 1551 in
1253 1495 1564 1563 utilitatem,

191 1608 199 1644 t
244 1588 567 1661 sapientiam
596 1596 652 1644 et
698 1588 1097 1656 tortitudinem,
1133 1588 1258 1644 aliis
1293 1588 1347 1643 in
1384 1604 1570 1644 resur·

191 1694 276 1736 em
326 1687 384 1734 et
419 1680 607 1736 vitam.
639 1680 849 1753 ltaque,
897 1680 1044 1736 tilioli
1083 1680 1213 1746 mei,
1244 1690 1431 1735 notum
1467 1682 1570 1737 lioc

1665 491 1782 540 toto
1812 486 1975 541 corde
1997 485 2299 555 quaesierit,
2326 485 2379 540 id
2419 497 2554 540 sane
2577 483 2710 540 facit
2731 499 2830 539 sua
2862 484 3098 539 naturali
3123 484 3252 540 sub·

1663 578 1888 631 stantia.
1932 576 1991 633 Si
2030 589 2212 632 autem
2245 576 2645 648 perpetraverit
2690 587 2974 647 peccatum
3008 576 3249 647 aliquod,

1665 670 2097 738 reprehensione
2132 685 2362 742 poenave
2382 670 2579 741 dignus
2608 670 2735 735 erit,
2770 686 2894 726 cum
2930 670 2985 726 id
3011 670 3251 726 alienum

1664 761 1740 815 sit
1770 776 1800 816 a
1829 761 2059 817 naturali
2101 763 2428 819 substantia.
2465 760 2653 833 ltaque
2694 764 2802 818 hoc
2843 763 3178 831 cognoscite,
3200 771 3256 819 et

1665 853 1863 909 scitote
1889 868 1976 909 me
2016 853 2150 909 nttnt
2193 852 2370 911 celare
2402 869 2523 918 vos,
2556 864 2650 909 aut
2683 855 2979 927 quidquam
3024 856 3257 916 abscon·

1667 944 1796 1000 dere
1822 961 1853 1001 a
1882 946 2038 1002 vobis
2072 946 2214 1018 quod
2240 945 2318 1001 ad¹
2342 956 2578 1002 vestram
2611 956 2823 1018 spectet
2848 945 3106 1003 salutem.
3137 945 3253 1003 No-

1669 1045 1783 1092 tum
1826 1048 2088 1109 proeterea
2134 1038 2289 1096 vobis
2331 1039 2492 1106 facio,
2522 1055 2722 1109 corpus
2750 1048 3013 1111 perpetuo
3042 1038 3261 1110 spiritui

1669 1129 1971 1196 adversari,
2005 1139 2065 1185 ut
2109 1131 2189 1186 ait
2232 1129 2436 1188 Paulus
2490 1132 2771 1201 apostolus
2794 1131 2864 1189 ⁸⁸.
2893 1131 3261 1200 Quamobrem

1669 1218 1761 1290 qui
1801 1218 2171 1289 religiositatis
2202 1219 2370 1276 vitam
2400 1222 2455 1276 in
2484 1219 2614 1281 lesu
2658 1220 2876 1279 Christo
2922 1221 3077 1293 sequi
3108 1221 3264 1293 eupi-

1671 1308 1763 1373 tis,
1795 1321 1895 1362 vos
1931 1316 2150 1379 oportet
2181 1307 2347 1381 longe
2393 1310 2669 1380 expellere
2707 1310 3022 1382 corporales
3060 1326 3265 1368 concu-

1672 1400 1972 1471 piscentias
2013 1402 2269 1471 precibus
2304 1402 2375 1458 ad
2427 1403 2719 1459 Dominum
2773 1411 3021 1460 nostrum
3077 1402 3263 1461 lesum

1673 1488 1950 1546 Christum
1990 1490 2146 1560 tusis,
2174 1492 2268 1562 qui
2310 1508 2408 1547 sua
2450 1492 2825 1550 misericordia
2854 1504 2909 1551 et
2932 1492 3268 1567 benignitate

1675 1581 1951 1638 amovebit
1985 1597 2018 1637 a
2050 1582 2203 1639 vobis
2242 1594 2465 1640 cunctas
2521 1600 2797 1642 aerumnas
2829 1602 2894 1642 ac
2938 1585 3267 1642 tentationes

1677 1688 1798 1745 quae
1842 1690 1873 1729 a
1918 1689 2155 1746 corpore
2191 1684 2514 1747 emergnut;
2544 1677 2735 1746 quales
2758 1678 2901 1749 passi
2930 1688 3058 1734 sunt
3083 1687 3277 1750 patres

191 1772 265 1836 it,
303 1770 455 1842 quod
502 1785 699 1843 nempe
727 1772 941 1828 Domini
988 1772 1159 1827 nostri
1196 1772 1462 1826 adventus
1489 1768 1569 1825 fa·
1602 1754 1649 1813 Β
1683 1766 1856 1822 nostri
1893 1766 2153 1838 apostoli,
2198 1761 2291 1836 qui
2342 1782 2443 1823 sua
2485 1769 2760 1825 mediante
2803 1771 3070 1841 patientia
3095 1772 3271 1829 bostis

191 1881 200 1920 ’.
229 1861 338 1920 illis
365 1863 420 1918 in
442 1861 732 1934 iudicium,
760 1870 817 1917 et
840 1864 894 1917 iu
925 1865 1095 1918 vitam
1129 1862 1271 1917 istis.
1297 1862 1368 1917 At
1396 1863 1463 1917 de
1487 1861 1570 1917 liis

191 1955 405 2011 &ronulas
437 1955 741 2024 propheta:
779 1950 996 2010 Venient
1047 1953 1184 2018 dies,
1219 1952 1348 2007 dicit
1383 1952 1566 2008 Domi·

214 2046 527 2101 constituam
548 2044 711 2115 legem
748 2060 918 2099 meam
935 2045 990 2099 in
1019 2044 1318 2113 pectoribus
1345 2058 1546 2109 eorum,

191 2152 284 2190 inm
302 2134 449 2190 iilum
470 2137 526 2189 in
550 2134 796 2188 cordibus
825 2149 1006 2188 eorum
1023 2150 1043 2199 ,·
1066 2143 1114 2188 et
1146 2149 1236 2188 ero
1266 2133 1373 2187 illis
1395 2130 1554 2196 Deus,

191 2236 221 2281 tt
249 2226 377 2280 milii
419 2224 677 2297 populun
727 2234 777 2280 et
813 2209 1118 2280 tum'nemo
1153 2224 1356 2281 docebit
1403 2224 1570 2279 citent

198 2333 357 2389 neque
387 2316 604 2389 fratrent
629 2334 808 2378 suum,
838 2318 1016 2372 dicens
1044 2332 1064 2371 .·
1093 2314 1360 2388 Cognosce
1388 2313 1571 2368 Domi-

191 2410 368 2466 etenim
404 2426 579 2465 omnes
621 2426 701 2465 me
726 2418 1039 2481 cognoscent
1066 2425 1098 2462 n
1128 2408 1322 2462 minori
1355 2407 1422 2460 ad
1453 2422 1569 2459 nm-

218 2511 270 2558 et
311 2518 482 2558 emam
523 2516 614 2558 eos
644 2518 678 2556 a
709 2500 936 2570 pereatis
987 2516 1192 2566 eorum,
1221 2514 1313 2552 nec
1343 2497 1572 2567 amplius

191 2610 216 2650 r
262 2594 536 2651 recordari
597 2591 811 2647 illorum
866 2602 1199 2661 peccatorum
1223 2592 1291 2645 ⁸⁰.
1336 2589 1412 2645 De
1464 2590 1572 2645 illis

191 2688 448 2757 .postolus
502 2686 632 2743 dicit
661 2700 674 2738 :
703 2684 773 2741 Ut
837 2701 988 2740 omue
1041 2700 1099 2739 os
1150 2682 1484 2749 obstruntur,
1520 2693 1571 2738 et

191 2796 245 2834 ur
278 2781 448 2834 omnis
489 2779 715 2833 mundus
763 2777 869 2832 Deo
889 2777 959 2832 ⁸¹.
996 2775 1206 2846 Quippe
1253 2776 1345 2845 qui
1399 2775 1568 2831 Deum

191 2878 404 2935 terunt,
450 2882 551 2923 nec
594 2866 739 2922 illum
784 2874 844 2921 ut
885 2848 1058 2922 Deum
1102 2865 1470 2922 laudaverunt
1500 2866 1571 2922 ob

193 2959 555 3031 insipientiam
581 2974 702 3032 qnae
722 2959 1052 3030 sapientiam
1080 2958 1173 3013 Dei
1199 2957 1454 3030 excipere
1486 2973 1575 3014 ne-

191 3068 244 3108 ra
277 3068 441 3124 super
469 3051 590 3109 illos
618 3052 933 3109 descendet.
966 3048 1114 3120 lam,
1143 3049 1298 3107 tilioli
1327 3051 1456 3118 mei,
1498 3050 1579 3107 vi·

190 3147 273 3204 iod
317 3147 692 3219 unusquisque
727 3155 978 3202 nostrum
1025 3159 1149 3200 scse
1184 3143 1344 3200 malis
1383 3154 1579 3216 sponte

191 3243 273 3298 erit
299 3257 314 3296 ε
341 3256 461 3312 quoe
488 3241 711 3312 quidem
735 3240 788 3294 in
817 3239 974 3296 nobis
1005 3248 1378 3293 consummata
1412 3246 1581 3308 sunt;

191 3342 325 3391 tram
365 3332 739 3406 insipientiam
768 3331 925 3388 nobis
949 3331 1226 3389 dominata
1251 3339 1401 3386 sunt.

192 3428 424 3484 nobrem
469 3427 711 3482 turmam
757 3424 907 3479 servi
936 3433 1121 3481 noster
1153 3423 1445 3494 assumpsit
1479 3422 1584 3478 Do-

192 3525 296 3573 ,ιιι
327 3530 430 3583 per
466 3528 592 3567 eam
655 3525 754 3567 nos
811 3511 1064 3579 salvaret,
1118 3528 1310 3568 onmes
1358 3511 1585 3582 implens

198 3604 603 3673 ispcnsationes
632 3616 798 3674 usqne
817 3603 882 3659 ad
906 3614 1132 3661 mortem
1163 3603 1363 3673 crucis,
1385 3612 1444 3658 ut
1468 3601 1589 3676 ejus

224 3704 389 3764 atque
419 3693 812 3751 resurrectione
840 3695 912 3752 sit
931 3697 1092 3753 nobis
1136 3697 1586 3767 praestantissima

191 3789 364 3853 ectio,
391 3794 677 3858 cessetque
709 3802 740 3843 a
781 3789 938 3845 nobis
974 3791 1170 3845 mortis
1197 3800 1441 3860 potestas
1467 3803 1590 3858 quoe

191 3890 376 3936 »testas
417 3879 642 3948 diaboli,
668 3888 726 3937 ut
756 3891 969 3936 nosmet
1004 3881 1153 3950 ipsos
1186 3882 1589 3948 abstrahentes,

191 3987 239 4030 ie
269 3973 543 4030 imitantes
574 3972 956 4040 bumilitatem,
991 3988 1123 4029 vere
1151 3974 1321 4032 simus
1349 3975 1399 4031 ei
1427 3974 1591 4030 disci-

191 4063 345 4122 ?ilioli
393 4065 500 4121 mei
535 4064 873 4122 dilectissimi
909 4064 965 4120 in
1001 4066 1254 4135 Domine,
1280 4069 1402 4125 dico
1429 4068 1583 4124 voltis

192 4172 350 4230 rpore
388 4167 554 4228 atque
594 4140 806 4229 spiritu‘
825 4157 986 4215 valde
1026 4173 1146 4216 esse
1185 4162 1591 4231 perturbatum,

192 4251 261 4306 od
306 4260 622 4308 sanctorum
668 4251 969 4321 nuncupati
1034 4253 1206 4308 simus
1260 4251 1591 4318 nominibus,

191 4358 309 4416 tque
346 4343 520 4399 induti
555 4342 741 4400 babitu
775 4359 882 4414 quo
908 4358 1093 4401 coram
1139 4344 1448 4399 infidelibus
1476 4344 1592 4417 glo-

1670 1866 2016 1928 potestatem,
2037 1857 2675 1930 idololatriam-videlicet
2694 1860 3033 1916 debellarunt
3055 1881 3067 1916 ε
3097 1875 3270 1934 quare

1674 1948 1939 2019 elargitus
1967 1957 2054 2005 est
2077 1949 2158 2004 eis
2190 1947 2452 2006 Dominus
2477 1950 2904 2007 consolationem
2927 1963 2983 2008 et
3010 1953 3269 2011 virtutem

1675 2041 1862 2096 dicens
1887 2040 1995 2096 illis
2027 2059 2041 2096 :
2075 2039 2194 2095 Erit
2213 2041 2357 2096 vobis
2390 2057 2641 2113 pressura
2665 2045 2719 2099 in
2753 2044 2988 2111 mundo:
3014 2046 3107 2101 sed
3141 2062 3269 2101 cou-

1674 2131 1823 2199 fidite
1860 2148 1879 2186 .·
1906 2148 1999 2202 29⁰
2022 2133 2161 2188 enim
2190 2134 2290 2189 vici
2314 2133 2569 2187 mundum
2589 2132 2657 2190 ⁸⁸.
2688 2134 2837 2191 Dixit
2861 2136 2967 2191 illis
3014 2151 3270 2208 quoque:

1675 2219 1738 2276 Si
1764 2221 2044 2291 prophetas
2083 2224 2342 2291 persecuti
2368 2233 2514 2291 sunt,
2555 2234 2604 2279 et
2638 2240 2720 2280 me
2742 2235 2864 2280 sunt
2912 2228 3193 2298 persecuti,
3219 2241 3271 2285 et

1677 2330 1766 2367 eos
1806 2323 2183 2384 persequentur
2205 2328 2224 2365 .·
2251 2326 2297 2369 et
2327 2316 2373 2369 si
2408 2316 2531 2370 odio
2560 2331 2641 2370 me
2673 2315 2990 2383 habuerunt,
3024 2335 3112 2373 uos
3141 2335 3273 2390 quo-

1673 2421 1772 2476 que
1797 2404 1921 2459 odio
1954 2403 2247 2468 trabebant,-
2276 2403 2370 2459 sed
2403 2404 2666 2475 considite,
2696 2417 2744 2462 et
2775 2408 2954 2462 scitote
2983 2405 3125 2478 quod
3175 2422 3268 2461 ve·

1673 2508 1786 2552 stra
1811 2495 2065 2565 patientia
2096 2494 2303 2552 solvetis
2333 2498 2573 2553 virtutem
2606 2498 2767 2554 'tostis
2788 2499 2855 2553 ⁸⁸.
2889 2498 2999 2571 Ego
3032 2512 3272 2570 quoque,

1675 2588 1826 2645 tilioli
1858 2587 2273 2655 meibeuedieti,
2302 2590 2461 2660 cupio
2485 2598 2544 2645 ut
2569 2590 2755 2647 sciatis
2775 2592 2916 2647 hunc
2933 2605 3273 2659 sermonem,

1679 2696 1782 2736 nec
1829 2694 1936 2735 uon
1970 2695 2092 2750 quae
2139 2679 2278 2735 dixit
2321 2679 2521 2738 Paulus
2552 2682 2851 2753 apostolus,
2876 2683 3020 2754 quod
3064 2682 3275 2740 scilicet

1679 2772 1958 2843 passiones
1990 2772 2152 2843 lmjus
2184 2773 2363 2829 saecnli
2411 2789 2515 2830 non
2549 2775 2662 2831 sint
2688 2775 3068 2847 comparanda
3093 2773 3278 2847 gloria

1679 2866 1733 2921 in
1769 2865 1925 2923 nobis
1971 2866 2380 2923 manifestandae
2395 2866 2466 2924 ⁸⁸.
2497 2868 2564 2924 Et
2604 2877 2792 2925 notum
2828 2868 2984 2926 vobis
3009 2867 3102 2936 sit,
3132 2870 3278 2940 quod

1679 2970 1901 3033 propter
1929 2976 2102 3017 meam
2135 2976 2263 3033 erga
2297 2976 2393 3018 vos
2414 2961 2739 3018 charitatem
2763 2960 2975 3016 modica
3011 2961 3128 3017 baec
3160 2976 3278 3017 ver·

1682 3056 1749 3112 ba
1776 3055 2082 3128 spiritualia
2110 3071 2208 3113 vos
2234 3071 2353 3113 sum
2381 3054 2670 3123 allocutus,
2695 3064 2755 3112 ut
2774 3071 2931 3129 aequo
2950 3053 3071 3113 sitis
3092 3054 3280 3113 coi-de.

1683 3150 1811 3207 blibi
1866 3151 2065 3222 quippe
2100 3159 2319 3207 constat
2364 3149 2709 3222 evigilantem
2761 3146 3096 3204 intellectum
3150 3161 3275 3203 cor-

1682 3242 1851 3314 porali
1916 3245 2201 3305 verborum
2269 3240 2668 3311 multiplicitate
2728 3239 2976 3311 indigere
3035 3237 3276 3296 minime.

1682 3333 1945 3404 Equidem
1968 3334 2177 3408 gaudeo
2210 3332 2265 3388 in
2301 3332 2536 3389 Domino
2568 3339 2790 3403 propter
2811 3345 2932 3396 vos,
2959 3331 3112 3387 tilioli
3144 3332 3279 3388 dile-

1685 3425 1935 3490 ctissimi,
1996 3425 2170 3481 sancti
2218 3424 2272 3480 in
2319 3435 2498 3479 vestra
2550 3422 2894 3478 intellectuali
2938 3424 3277 3491 substautia;

1685 3529 1739 3574 et
1764 3519 1945 3590 cupio,
1982 3529 2040 3573 nt
2084 3518 2270 3575 sciatis
2322 3532 2629 3573 mensuram
2670 3518 2936 3573 donorum
2964 3531 3087 3587 quae
3121 3516 3280 3573 nobis

1687 3614 1822 3667 tium
1861 3627 1894 3666 a
1924 3610 2151 3666 Domino
2200 3609 2267 3665 ad
2317 3618 2560 3665 nostram
2608 3607 3084 3665 conservationem
3116 3616 3174 3665 et
3194 3609 3280 3664 in·

1689 3712 2050 3767 crementum,
2095 3709 2148 3758 et
2190 3711 2248 3756 ut
2311 3698 2715 3770 amplectamini
2778 3713 2945 3765 opera
3009 3698 3279 3757 naturalia

1690 3794 2088 3860 substantialia,
2115 3808 2223 3850 non
2249 3803 2426 3847 autem
2447 3808 2567 3864 quae
2586 3791 2961 3848 substantialia
2992 3806 3100 3849 non
3132 3802 3281 3851 sunt.

1760 3889 1876 3946 Nec
1911 3905 2015 3946 nou
2056 3903 2157 3960 ego
2188 3887 2372 3944 infelix
2408 3888 2627 3958 planum
2658 3902 2875 3960 quoque
2917 3888 3073 3946 vobis
3106 3887 3281 3958 facin,

1691 3984 2151 4054 quemadmodum
2207 3980 2472 4036 Dominus
2510 3996 2664 4036 meus
2686 3997 2784 4037 sua
2810 3983 2986 4054 gratia
3018 3982 3283 4038 excitavit

1693 4077 2026 4136 intellectum
2057 4090 2239 4132 meum
2264 4090 2293 4130 a
2328 4075 2712 4130 dormitatione
2759 4075 2972 4139 mortis,
3006 4085 3061 4130 ct
3088 4076 3282 4145 iugens

1686 4168 1798 4238 iam
1829 4167 2058 4238 contigit
2087 4166 2218 4221 milii
2270 4164 2515 4237 ploratus
2547 4174 2713 4235 atque
2748 4163 2982 4233 gemitus
3029 4170 3145 4216 toto
3194 4162 3283 4216 in-

1696 4259 1921 4315 tervallo
1953 4259 2150 4314 modici
2186 4257 2447 4329 temporis
2474 4255 2657 4327 binius,
2690 4254 2834 4328 quod
2875 4253 3008 4308 milii
3046 4254 3099 4308 in
3139 4265 3282 4308 terra

1698 4362 1973 4423 superest.
2005 4350 2221 4406 Etenim
2247 4365 2459 4407 mecum
2491 4348 2691 4420 cogito,
2729 4347 2860 4419 qnid
2894 4344 3145 4402 dabimus
3176 4341 3285 4400 Do-

192 4452 238 4504 r,
266 4435 528 4508 operandi
573 4451 704 4493 vero
748 4436 1003 4493 virtutem
1052 4438 1275 4494 minime
1304 4439 1589 4494 babemus.
1625 4464 1669 4519 Β
1699 4444 1847 4499 mino
1899 4459 1994 4515 pro
2035 4444 2104 4499 iis
2152 4459 2275 4514 qum
2312 4441 2471 4499 nobis
2520 4441 2682 4498 fecit?
2714 4442 2849 4496 Cum
2888 4437 3111 4511 angelos
3155 4449 3285 4493 suos

192 4543 219 4584 r
247 4529 490 4600 quidem,
520 4528 906 4600 ne⁴impleatur
936 4528 1004 4584 de
1034 4529 1193 4584 nobis
1231 4529 1473 4599 Apostoli
1507 4529 1594 4584 di-

191 4636 204 4677 t
230 4620 498 4676 Habentes
536 4619 764 4690 [ormam
796 4619 1172 4689 affininitatis,
1200 4621 1353 4690 cujus
1383 4621 1592 4687 insicia-

191 4715 406 4773 irttttem
425 4714 493 4769 ⁸⁸.
526 4713 641 4785 Ego
662 4721 845 4768 autem
875 4713 946 4767 ob
975 4726 1148 4767 meam
1170 4726 1300 4782 erga
1333 4725 1432 4765 vos
1462 4711 1596 4766 cha-

192 4821 253 4871 n,
278 4820 552 4876 nunquam
588 4805 757 4859 Deum
792 4818 890 4874 pro
916 4804 1066 4858 vobis
1092 4803 1375 4873 deprecari
1402 4815 1590 4867 cesso,

192 4897 432 4968 rcipiatis
473 4906 713 4954 vestram
749 4895 804 4950 in
848 4895 1003 4951 vobis
1036 4895 1279 4951 abditam
1308 4894 1506 4959 vitam,
1536 4902 1595 4950 et

191 5004 271 5045 am
288 4989 589 5061 operemini
621 4991 672 5045 id
697 5004 808 5060 quo
835 4988 981 5057 digni
1017 4986 1326 5044 efficiamini
1355 4986 1597 5044 invisibi-

191 5082 416 5153 onseqtti
446 5082 845 5138 liaereditatem.
880 5078 1207 5150 sciatisque,
1232 5077 1594 5145 dilectissimi,

204 5184 390 5233 nostra
441 5173 726 5230 absolvere
769 5186 938 5243 opera
988 5171 1188 5227 nostris
1241 5185 1339 5242 pro
1391 5170 1600 5227 viribus

191 5266 313 5322 ilum
357 5265 477 5336 ejus
523 5265 885 5331 voluntatem,
917 5264 970 5318 id
1000 5277 1121 5318 esse
1146 5263 1288 5332 quod
1314 5261 1594 5331 debemus,

191 5369 372 5417 ioatrae
401 5357 723 5416 substantiae
746 5355 799 5411 id
822 5355 1071 5410 naturale
1096 5353 1204 5421 sit;
1238 5370 1302 5409 ac
1332 5361 1594 5422 praeterea

191 5454 237 5510 is
285 5460 492 5508 uostrae
532 5449 678 5508 baud
734 5449 1081 5506 tribuendum
1126 5456 1214 5503 est
1264 5447 1602 5518 superabun-

191 5660 323 5718 lcbr.
361 5675 440 5723 tv,
472 5659 557 5714 15.

198 5747 255 5789 n.
284 5748 342 5800 x,
372 5730 465 5784 52.
540 5729 585 5764 ⁸⁸
609 5727 767 5786 Joau.
810 5743 898 5794 xv,
925 5727 1015 5784 20.
1090 5725 1135 5760 ⁸⁸
1161 5725 1319 5784 Rom.
1355 5741 1469 5799 viu,
1508 5727 1588 5782 tn.

654 5657 702 5690 ⁸⁸
730 5656 929 5713 ierem.
962 5671 1113 5714 xxxi.
1139 5655 1320 5713 5t-5t.
1394 5657 1434 5690 ⁸¹
1472 5654 1628 5714 Rom.
1659 5673 1741 5723 ut,
1773 5653 1854 5712 tt).
1933 5651 1977 5687 ⁸⁸
2009 5651 2166 5709 Ront.
2200 5668 2262 5720 n,
2293 5649 2396 5720 '203
2424 5648 2535 5708 Tit.
2566 5665 2605 5719 t,
2648 5649 2729 5706 16.

1698 4535 1856 4591 nobis
1894 4535 2103 4591 servire
2140 4533 2353 4600 fecerit,
2382 4541 2439 4589 et
2470 4533 2768 4603 propbetas
2797 4546 2929 4588 suos
2975 4529 3131 4586 nobis
3160 4542 3284 4600 pro·

1698 4627 1945 4696 phetare,
1972 4636 2027 4682 et
2048 4626 2327 4698 apostolos
2357 4641 2487 4683 suos
2519 4625 2674 4682 nobis
2711 4620 3285 4696 evangelizarezquod

1699 4734 1830 4775 vero
1874 4719 1957 4774 bis
2003 4717 2477 4799 omnibus-maius
2509 4728 2631 4783 est,
2677 4715 2823 4774 misit
2880 4715 3077 4771 Filium
3124 4729 3287 4770 suum

1699 4811 2037 4882 unigenitum
2065 4810 2133 4866 ad
2158 4821 2403 4868 nostram
2427 4809 2682 4867 salutem.
2708 4809 2889 4878 Quare
2917 4821 3013 4862 vos
3034 4804 3286 4871 obsecro,

1700 4914 1757 4958 nt
1781 4904 1948 4960 corda
1983 4914 2166 4960 vestra
2190 4904 2444 4962 excitetis
2480 4904 2533 4960 in
2570 4903 2765 4959 timore
2791 4898 3028 4964 Domini,
3057 4907 3113 4955 et
3145 4897 3287 4953 scia-

1698 4997 1788 5061 tis,
1827 4997 1973 5066 quod
2013 4995 2254 5054 Ioannes
2294 5010 2602 5069 praecursor
2638 5009 2778 5065 aqua
2826 4990 3189 5064 baptizaverit
3214 4989 3285 5046 ad

1698 5087 2072 5156 poenitentiam
2102 5088 2156 5145 ln
2186 5087 2637 5159 proeparationem
2667 5083 2737 5141 ad
2766 5082 3033 5154 baptisma
3069 5079 3285 5147 Domini

1701 5178 1877 5234 nostri
1913 5176 2043 5237 «lesu
2072 5178 2301 5246 Christi,
2331 5177 2424 5249 qui
2447 5176 2747 5247 baptizavit
2776 5174 2982 5245 Spiritu
3013 5182 3202 5228 sancto
3229 5181 3320 5244 et,

1705 5269 1835 5342 igni,
1874 5273 1966 5342 qui
2014 5279 2099 5327 est
2134 5270 2274 5342 ignis
2315 5271 2579 5326 bonorum
2621 5282 2870 5339 opernm.
2913 5265 3315 5334 Praeparemur.

1707 5362 1872 5433 igitur
1924 5364 1989 5418 ad
2041 5362 2442 5419 emundandum
2499 5361 2888 5431 nosmetipsos
2946 5372 3179 5429 corpore
3231 5364 3288 5412 et

1707 5453 1904 5524 spiritu
1954 5455 2020 5509 ad
2074 5453 2484 5524 suscipiendum
2522 5452 2792 5524 baptisma
2841 5450 3058 5508 Domini
3114 5446 3285 5506 nostri

2832 5648 2880 5683 ⁸³
2902 5648 3077 5707 Galat.
3105 5662 3161 5716 v,
3196 5644 3279 5700 Π.
