3725 6125
311 355 381 411 87
944 381 953 388 ·
1427 347 1757 409 Pltttoxts
1795 350 2102 410 EPtscopt
2139 352 2365 410 cantu
2374 354 2458 410 Sil
3530 360 3601 417 88

387 492 408 527 1
455 443 785 546 egredimini
808 512 822 535 ,
849 488 868 523 1
906 467 1077 540 inquit
1096 509 1112 536 ‚
1157 482 1222 522 ex
1269 466 1556 523 maledicto
1583 467 1718 540 legis
1733 468 1806 535 ⁸¹,
1829 469 1901 525 ab
1928 476 1975 533 Α
2081 490 2101 524 1
2143 470 2450 537 Ἐξέλθατε,
2480 465 2627 539 λέγει
2646 508 2661 528 .
2690 467 2801 522 ἀπὸ
2827 468 2925 538 τῆς
2959 468 3054 524 τοῦ
3087 468 3258 542 νόμου
3283 473 3554 547 κατάρας,
3578 497 3605 534 s

310 565 620 622 Jndaeorum
649 562 980 629 infidelitate,
1016 568 1072 617 et
1104 577 1125 612 1
1146 558 1430 615 intuemini
1464 559 1517 615 in
1535 575 1718 632 regem
1741 560 1897 619 Salo·

313 674 497 723 mon.»
524 658 575 714 id
609 664 710 721 est,
732 654 789 711 iu
815 652 1099 707 Dominum
1126 659 1368 707 nostrum
1384 648 1570 708 tenum
1585 650 1894 722 Christum,

317 769 336 801 1
371 749 424 805 111
455 761 652 805 corona
683 760 790 815 qua
814 742 1102 799 coronavit
1123 756 1247 797 eum
1269 749 1447 797 mater
1465 739 1604 812 ejus,
1633 760 1656 794 1
1679 743 1899 813 quando

313 842 554 911 spineam
585 851 845 893 coronam
875 834 1187 892 ludaeorum
1219 832 1507 906 synagoga
1538 848 1704 905 super
1733 849 1896 905 eaput

308 934 427 1003 cius
469 929 745 1002 imposuit.
793 928 926 984 Eam
971 935 1154 984 autem
1184 935 1412 982 matrem
1441 926 1680 997 appellat
1714 926 1899 983 carnis

307 1025 442 1092 cius,
469 1030 758 1092 propterea
781 1020 926 1092 quod
955 1034 1023 1075 ex
1046 1018 1248 1075 tuuaeis
1278 1028 1436 1075 ortus
1481 1026 1567 1074 est
1596 1019 1896 1074 secundnm

304 1128 549 1171 carnem.
599 1113 728 1169 Dies
769 1127 899 1169 vero
946 1110 1385 1183 desponsationis
1428 1108 1568 1181 ejus,
1613 1119 1743 1168 sunt
1786 1119 1899 1167 tres

304 1206 422 1261 dies
446 1203 756 1276 passionis;
786 1213 915 1261 tunc
935 1204 1080 1260 0111111
1110 1211 1354 1261 sanctam
1380 1202 1524 1259 hanc
1547 1202 1898 1274 desponsavit

306 1298 636 1355 Ecclesiam.
670 1295 830 1354 Tunc
855 1307 912 1354 et
937 1297 1081 1370 quod
1107 1305 1191 1352 est
1213 1296 1355 1367 apud
1385 1297 1582 1358 Qseam
1607 1293 1897 1351 oraculum

309 1389 592 1462 impletum
615 1397 736 1445 est:
784 1407 806 1443 1
834 1388 904 1444 Et
946 1386 1284 1457 desponsabo
1318 1395 1369 1441 te
1404 1385 1537 1442 1111111
1583 1380 1640 1442 111
1686 1385 1812 1454 lide,
1841 1394 1900 1442 et

311 1496 605 1553 cognosces
628 1481 993 1539 Dominum⁸⁸.
1018 1498 1037 1533 1
1056 1478 1192 1535 1111111
1214 1493 1368 1547 vero,
1404 1495 1425 1533 1
1443 1488 1502 1535 et
1516 1478 1568 1535 111
1584 1478 1675 1535 die
1695 1479 1899 1536 laetitiae

311 1574 495 1631 cordis
519 1574 626 1641 sui,
668 1572 1042 1645 »implebatur
1085 1572 1143 1629 in
1183 1571 1276 1629 illa
1315 1571 1406 1629 die
1437 1570 1663 1628 Pascbae
1693 1572 1749 1628 in
1787 1586 1897 1643 qua

310 1658 469 1717 lesus
496 1661 738 1732 gaudeus
764 1660 904 1716 dixit
929 1659 1217 1731 discipulis
1242 1659 1359 1717 suis
1386 1677 1403 1716 ι
1438 1677 1459 1715 ι
1499 1661 1779 1718 Desiderio
1804 1662 1899 1719 de·

309 1753 544 1811 sidem-i
570 1754 674 1811 boc
702 1754 904 1825 pascha
936 1755 1270 1812 manducare
1307 1753 1587 1811 vobiscum
1607 1754 1675 1810 ⁸⁸.
1713 1772 1735 1806 1

968 2018 1125 2078 CAP.
1156 2017 1248 2075 lV.

313 2111 449 2170 xct.
479 2110 640 2169 Vens.
672 2114 722 2168 1.
765 2112 901 2168 Ecce
941 2112 1162 2183 pulchra
1191 2127 1268 2177 es,
1298 2110 1546 2183 proxiena
1585 2125 1738 2165 mea:
1781 2124 1900 2163 ecce

383 2204 604 2273 pulchra
628 2220 680 2260 es
698 2220 717 2258 .·
746 2204 884 2259 oculi
905 2204 987 2259 tui
1012 2202 1286 2271 columbae,
1307 2211 1457 2258 extre
1481 2200 1902 2257 taciturnitatem

386 2306 556 2351 Illam.

381 2386 588 2447 Laudat
608 2387 768 2460 hujus
789 2386 1254 2459 pulchritudinem
1276 2399 1510 2457 sponsus
1531 2383 1650 2453 eius
1677 2383 1899 2439 dicens:

315 2498 338 2533 1
373 2480 511 2538 Ecce
540 2481 766 2551 pulchra
791 2494 874 2545 es,
916 2498 935 2531 1
979 2493 1086 2534 11011
1117 2474 1308 2543 semel,
1343 2475 1439 2531 sed
1465 2476 1629 2531 etiam
1666 2474 1897 2531 iterum:

311 2573 535 2643 pulchra
564 2572 708 2627 enim
739 2585 848 2625 non
890 2569 1064 2625 solum
1089 2567 1216 2636 fide,
1247 2568 1342 2624 sed
1380 2568 1545 2624 etiam
1576 2567 1711 2639 ipsis
1739 2566 1901 2637 justi-

313 2668 403 2721 tiae
431 2664 760 2720 actionibus.
788 2660 923 2719 lttuu
956 2669 1164 2727 autem.
1207 2680 1227 2714 1
1259 2658 1413 2718 Oculi
1442 2660 1521 2717 tui
1546 2660 1833 2726 columbae,
1874 2679 1893 2714 »

315 2756 542 2812 laudant
558 2754 962 2827 simplicitatem
981 2764 1036 2813 et
1061 2755 1432 2813 innocentiam
1456 2754 1899 2813 intellectualium

320 2847 514 2904 animae
549 2848 856 2907 oculorum.
893 2846 1028 2904 1111111
1065 2862 1218 2918 vero,
1259 2868 1284 2926 ⁸.
1312 2846 1520 2906 Praeter
1552 2850 1902 2907 taciturnita-

322 2948 428 2994 tem
471 2950 639 3008 tuam,
684 2960 712 2997 1
757 2938 921 2997 aliam
958 2939 1413 3012 pulchritudinem
1451 2941 1660 3008 delinit,
1702 2941 1755 2999 id
1792 2951 1901 3008 est,

321 3032 775 3093 taciturnitatem.
828 3034 986 3106 Saepe
1017 3033 1163 3093 enim
1206 3032 1359 3091 multi
1398 3034 1476 3107 pii
1523 3035 1770 3092 homiues
1805 3049 1905 3094 ore

2003 563 2114 618 ἀπὸ
2137 563 2240 635 τῆς
2283 560 2555 616 Ἰουδαίων
2604 559 2908 625 ἀπειθείας,
2953 578 2975 613 c
2997 561 3095 615 καὶ
3126 562 3274 618 ἴδετε
3305 566 3365 619 ὲν
3400 566 3479 641 τῷ
3513 568 3607 641 βα-

2004 656 2150 709 σιλεῖ
2176 653 2460 727 Σαλομὼν,
2480 673 2499 708 1
2534 655 2675 727 ὅπερ
2703 654 2852 707 ἐστὶν
2885 654 2944 707 ὲν
2966 653 3047 726 τῷ
3075 656 3275 730 Κυρίῳ
3300 660 3463 733 ἡμῶν
3504 664 3605 737 '¹¹1-

2003 745 2097 799 σοῦ
2127 744 2369 817 Χριστῷ,
2405 763 2424 797 1
2448 746 2513 799 ὲν
2536 742 2619 815 τῷ
2654 744 2907 815 στεφάνῳ
2940 736 2987 813 ᾧ
3031 745 3421 817 ἐστεφάνωσεν
3443 752 3605 808 αὐτὸν

1998 838 2033 908 ή
2060 838 2241 909 μήτηρ
2260 836 2448 900 αὐτοῦ,
2468 855 2487 888 1
2514 835 2604 889 ὅτε
2621 835 2713 891 τὸν
2733 834 3027 890 ἀκάνθινον
3045 836 3318 908 στέφανον
3335 843 3605 917 ἐπέθηκεν

1999 926 2164 983 αὐτοῦ
2190 930 2258 1000 τῇ
2287 928 2499 1000 κεφαλῇ
2520 930 2553 998 ή
2577 924 2688 981 τῶν
2721 925 2993 983 Ἰουδαίων
3015 927 3339 1005 Συναγωγή.
3366 934 3602 1008 Μητέρα

1996 1015 2050 1069 δὲ
2086 1017 2188 1090 τῆς
2244 1018 2449 1091 σαρκὸς
2498 1017 2666 1071 αὐτοῦ
2709 1018 2915 1088 ταύτην
2944 1017 3121 1085 καλεῖ,
3151 1020 3334 1095 ἐπειδὴ
3364 1022 3421 1076 τὸ
3447 1021 3604 1079 κατά

1995 1108 2184 1181 σάρκα
2227 1109 2288 1175 ἐξ
2344 1100 2616 1164 Ἰουδαίων
2641 1109 2940 1166 ἀνέτειλεν.
2982 1109 3214 1183 Ἡμέραι
3256 1111 3315 1166 δὲ
3345 1115 3589 1185 νυμφεύ-

1998 1220 2139 1267 σεως
2171 1200 2337 1256 αὐτοῦ
2375 1204 2433 1256 αί
2475 1204 2627 1276 τρεῖς
2674 1203 2782 1256 εἱσι
2812 1202 2907 1257 τοῦ
2936 1202 3177 1268 πάθους·
3202 1204 3321 1259 τότε
3348 1205 3457 1280 γὰρ
3484 1209 3585 1281 τὴν

1998 1294 2163 1361 ἁγίαν
2214 1291 2418 1363 ταύτην
2474 1291 2802 1363 Ἐκκλησίαν
2854 1291 3238 1364 ἐνυμφεύσατο
3267 1293 3402 1367 (80).
3450 1297 3589 1351 Τότε
3626 1341 3644 1350 -

1997 1384 2184 1441 καὶτὸ
2225 1385 2284 1439 ὲν
2314 1384 2475 1456 Ὠσηὲ
2515 1382 2595 1455 τῷ
2638 1385 2898 1459 προφήτῃ
2944 1385 3183 1440 ἐτελεῖτο
3213 1384 3399 1458 ῥῆμα·
3441 1389 3600 1445 «Καὶ

1999 1477 2411 1550 μνηστεύσομαί
2456 1493 2516 1530 σε
2562 1475 2791 1548 ἐμαυτῷ
2829 1478 2891 1531 ὲν
2931 1475 3135 1544 πίστει,
3188 1477 3289 1532 καὶ
3317 1479 3600 1552 ὲπιγνώσῃ

1995 1569 2089 1624 τὸν
2126 1570 2353 1641 Κύριον.
2381 1587 2400 1622 1
2438 1567 2513 1622 Τὸ
2539 1568 2618 1635 δὲ,
2653 1589 2673 1620 1
2693 1568 2789 1622 καὶ
2816 1570 2875 1623 ὲν
2904 1567 3091 1641 ήμὲρᾳ
3118 1569 3431 1641 εύφρασίας
3464 1586 3603 1642 καρ-

1996 1660 2116 1726 δίας
2141 1659 2365 1725 αὑτοῦ,1
2408 1662 2468 1713 ὲν
2500 1658 2687 1734 ἐκείνῃ
2716 1661 2782 1731 τῇ
2813 1659 2999 1733 ἡμέρᾳ
3033 1658 3132 1714 τοῦ
3162 1658 3383 1733 Πάσχα,
3410 1662 3471 1714 ὲν
3507 1655 3544 1735 ᾖ
3572 1664 3603 1715 ό

2010 1752 2219 1823 Ἰησοῦς
2257 1751 2685 1824 εὐφραινόμενος
2735 1749 2870 1821 φησὶ
2910 1753 3024 1815 τοῖς
3056 1749 3254 1806 ἑαυτοῦ
3288 1751 3598 1823 μαθηταῖς·

1932 1835 1975 1894 B
2005 1862 2022 1895 t
2067 1842 2362 1916 Ἐπιθυμίᾳ
2390 1843 2713 1915 ἐπεθύμησα
2744 1842 2906 1896 τοῦτο
2937 1842 2998 1897 τὸ
3030 1843 3220 1915 πάσχα
3249 1844 3451 1914 φαγεῖν
3479 1842 3601 1917 μεθ’

2003 1936 2176 2007 ὑμῶν.
2207 1955 2229 1989 1

2662 2028 2819 2083 xm.
2859 2029 2933 2084 Δ’.

2001 2122 2119 2192 kA'.
2169 2124 2263 2179 Στ.
2310 2130 2381 2179 α’.
2439 2122 2595 2179 Ἰδοὺ
2634 2124 2673 2193 ἡ
2708 2123 2822 2195 (81)
2864 2122 3023 2193 καλὴ
3055 2124 3093 2194 ἡ
3126 2124 3408 2193 πλησίον
3438 2141 3598 2196 μου·

2073 2216 2203 2273 ίδοὺ
2233 2217 2272 2286 ἡ
2300 2214 2458 2285 καλή
2480 2230 2494 2245 ·
2526 2216 2824 2288 ὀφθαλμοί
2847 2233 2967 2272 σου
3011 2217 3383 2287 περιστεραί,
3426 2216 3603 2287 ἐκτὸς

2074 2308 2185 2377 τῆς
2209 2307 2568 2377 σιωπήσεώς
2593 2322 2732 2363 σου.

2085 2400 2331 2454 Ἐπαινεί
2354 2396 2559 2469 ταύτης
2595 2395 2657 2450 τὸ
2688 2395 2883 2460 κάλλος
2911 2398 2941 2450 ό
2969 2393 3177 2467 ταύτης
3210 2395 3472 2468 νυμφίος,
3497 2397 3599 2466 οὐχ

2002 2490 2152 2560 ἅπαξ
2194 2491 2389 2556 εἰπὼν,
2435 2510 2453 2544 1
2485 2490 2617 2545 Ἰδοὺ
2663 2492 2697 2561 ὴ
2752 2489 2913 2562 καλὴ,
2945 2509 2963 2541 1
3001 2489 3138 2545 ἀλλὰ
3175 2490 3272 2544 καὶ
3321 2489 3596 2561 δεύτερον.

2003 2585 2159 2659 Καλὴ
2184 2585 2316 2657 γὰρ,
2347 2585 2409 2638 ού
2445 2584 2608 2655 μόνον
2634 2586 2703 2655 τῇ
2735 2582 2917 2636 πίστει
2947 2582 3084 2653 (82),
3113 2581 3249 2635 ἀλλὰ
3276 2582 3372 2636 καὶ
3404 2582 3601 2646 αὐταῖς

2000 2679 2121 2742 ταῖς
2151 2665 2382 2750 πράξεσι
2401 2675 2501 2747 τῆς
2520 2674 2889 2746 δικαιοσύνης.
2908 2672 2981 2727 Τὸ
3001 2672 3081 2741 δὲ,
3123 2690 3143 2724 ι
3166 2671 3477 2744 Ὀφθαλμοί
3503 2688 3598 2727 σου

2003 2768 2345 2841 περιστεραὶ,
2367 2785 2386 2820 1
2437 2766 2501 2821 τὸ
2546 2765 2804 2837 ἀκέραιον
2831 2763 2943 2836 (85)
2990 2763 3087 2818 καὶ
3128 2763 3189 2818 τὸ
3232 2763 3445 2819 ἄκακον
3494 2761 3599 2817 τῶν

2002 2858 2205 2931 νοερῶν
2238 2859 2338 2932 τῆς
2378 2857 2560 2929 ψυχῆς
2608 2857 2872 2929 ὀμμάτων
2930 2857 3165 2911 ἐπαινεῖ.
3206 2874 3226 2908 ι
3258 2856 3456 2922 Ἐκτδς
3502 2859 3600 2928 τῆς

2005 2951 2329 3024 σιωπήσεώς
2359 2968 2476 3015 σου,
2502 2969 2520 3001 1
2560 2950 2776 3023 ἑτέραν,
2799 2949 2901 3023 τὴν
2931 2948 3165 3022 σιωπὴν,
3196 2946 3445 3021 ὁρίζεται
3471 2949 3601 3004 καλ-

2003 3044 2188 3115 λονήν.
2224 3043 2495 3109 Πολλάκις
2524 3042 2637 3115 (81)
2665 3043 2775 3116 γὰρ
2809 3042 2995 3098 πολλοὶ
3020 3040 3131 3096 τῶν
3163 3041 3431 3110 εύσεδῶν,
3479 3042 3601 3096 στό-

319 3126 538 3198 quidem
576 3125 748 3192 taciti,
787 3128 886 3184 sed
923 3126 1088 3185 corde
1119 3126 1482 3186 vociferantes
1513 3128 1748 3185 orationi
1789 3143 1905 3186 suas
2008 3153 2140 3209 μαι-1
2172 3135 2507 3203 σιωπῶντες,
2542 3134 2775 3206 βοῶντες
2814 3135 2871 3190 δὲ
2902 3137 2970 3208 τῇ
3000 3133 3221 3209 καρδίᾳ,
3252 3135 3501 3208 ὑπήκοον
3524 3133 3601 3206 τῷ

324 3225 493 3280 Deum
535 3222 921 3281 obaudientem
961 3225 1193 3294 faciunt,
1215 3225 1675 3294 quemadmodum
1705 3224 1901 3279 tacenti
1930 3206 1977 3268 C
2006 3229 2127 3300 Θεῷ
2177 3227 2458 3292 ποιοῦντες
2506 3227 2620 3299 (85)
2662 3226 2763 3300 τὴν
2817 3227 3004 3300 εὐχὴν,
3062 3228 3139 3293 ὡς
3217 3226 3297 3298 τῷ
3349 3226 3605 3300 μακαρίῳ

322 3321 480 3377 beato
502 3315 672 3389 Moysi
698 3316 901 3374 dictum
932 3314 1073 3384 fuit-z
1096 3334 1136 3379 1,
1162 3314 1306 3384 Quid
1336 3317 1541 3372 clamas
1565 3315 1632 3370 ad
1658 3329 1745 3369 tue
1761 3314 1845 3368 ⁸⁸?
1877 3335 1897 3369 1

319 3421 375 3469 et
423 3408 566 3464 sicut
609 3407 768 3485 beata
805 3411 953 3469 luter
981 3408 1239 3468 mulieres
1269 3406 1424 3462 Anna
1454 3407 1625 3463 tacite
1654 3421 1835 3465 orans.
1852 3407 1902 3440 ⁸⁸

321 3511 578 3566 magnum
606 3496 914 3568 Samuelem
933 3497 1197 3555 orationis
1219 3511 1331 3554 suae
1361 3497 1603 3553 fructum
1629 3496 1792 3568 cepit.

394 3590 554 3648 XCH.
599 3589 1043 3659 capillamentum
1076 3600 1227 3647 tuum
1279 3599 1337 3645 nt
1375 3605 1554 3661 qreqes
1599 3605 1902 3661 caprarum,

320 3700 440 3758 qttoe
459 3684 806 3739 ascenderunt
832 3699 900 3740 ex
929 3681 1162 3740 calaad.

391 3777 789 3848 Capillnmento
832 3776 1057 3850 mystica
1093 3775 1207 3834 lnce
1248 3774 1554 3848 Scriptura,
1598 3786 1658 3832 ut
1688 3775 1905 3846 opinor,

325 3869 589 3926 assimilat
612 3870 793 3940 populi
829 3870 1253 3937 multitudinem,
1283 3870 1438 3940 juxta
1465 3867 1783 3940 Apostolum
1824 3868 1908 3923 di·

324 3971 542 4018 centem
574 3979 589 4018 :
635 3981 654 4015 1
711 3960 904 4015 Mulier
955 3960 1002 4014 si
1050 3974 1258 4015 comam
1320 3960 1544 4027 nutriat,
1602 3959 1770 4031 gloria
1825 3968 1911 4015 est

328 4056 408 4110 1111
434 4055 503 4109 ⁸⁸.
532 4072 551 4107 »
591 4052 760 4110 Coma
793 4068 924 4109 vero
959 4051 1218 4107 Ecclesiae
1247 4061 1327 4108 est
1357 4052 1644 4109 multitudo
1681 4051 1859 4124 populi
1889 4070 1905 4108 ι

242 4182 253 4191 ο
328 4163 484 4206 coma
512 4148 658 4205 enim
682 4162 782 4220 pro
806 4146 1073 4204 velamine
1093 4146 1141 4201 ei
1178 4146 1302 4200 data
1329 4154 1433 4202 est.
1464 4147 1631 4202 Coma
1664 4147 1827 4218 igitur
1854 4152 1912 4200 et

327 4242 571 4298 velamen
616 4255 827 4311 sponsae
870 4239 1095 4305 Christi,
1134 4245 1216 4293 est
1261 4237 1549 4294 multitudo
1583 4237 1907 4310 populorum

324 4333 478 4404 juxta
514 4335 832 4404 proplietam
865 4331 1135 4387 dicentem
1162 4333 1207 4365 ⁸⁷
1229 4350 1244 4388 :
1270 4320 1310 4384 't
1338 4330 1608 4388 Omnibus
1638 4330 1724 4387 his
1753 4331 1907 4402 quasi

2005 3323 2218 3396 Μωῦσῇ
2250 3319 2528 3375 σιωπῶντι
2565 3319 2775 3393 ὲρῤήθη
2797 3336 2811 3351 ·
2860 3340 2879 3372 1
2899 3320 2967 3374 Τί
3002 3319 3132 3392 βοᾷς
3164 3319 3300 3392 πρός
3326 3337 3435 3392 μες
3465 3313 3608 3374 {ul

2006 3411 2149 3487 ὠςή
2186 3410 2436 3484 μακαρία
2486 3412 2547 3467 ὲν
2591 3411 2840 3481 γυναιξὶν
2881 3412 3050 3465 ’Ἄννα
3070 3410 3179 3483 (86)
3218 3415 3402 3486 σιωπῇ
3454 3413 3608 3486 εύχο·

2013 3504 2149 3578 μένη
2185 3504 2395 3577 καρπὸν
2426 3500 2866 3576 εύχῆς·λα6οὖσα
2879 3503 2980 3558 τὸν
3013 3504 3187 3577 μέγαν
3216 3505 3501 3578 Σαμουήλ.

2084 3597 2199 3665 w.
2247 3595 2513 3667 Τρίχωμά
2566 3612 2684 3650 σου
2732 3594 2814 3662 ὡς
2844 3590 3055 3666 ἀγέλαι
3088 3593 3207 3649 τῶν
3248 3594 3439 3667 αἰγῶν·
3469 3592 3603 3668 (8⁷).

2016 3686 2079 3742 αἳ
2103 3687 2626 3756 ἀπεκαλύφθησαν
2660 3684 2772 3757 (88)
2799 3685 2919 3740 ἀπὸ
2949 3684 3055 3739 τοῦ
3080 3682 3359 3740 Γαλαάδ.

2086 3775 2406 3851 Τριχώματι
2437 3776 2499 3831 τὸ
2530 3776 2736 3848 πλῆθος
2776 3776 2869 3830 τοῦ
2905 3775 3036 3831 λαοῦ
3078 3776 3406 3843 ἀπεικάζειν
3451 3772 3595 3850 οἶμαι

2015 3872 2116 3946 τὴν
2176 3869 2445 3945 μυστικήν
2485 3869 2688 3941 ταύτην
2729 3869 2976 3940 Γραφὴν,
3033 3867 3176 3922 κατὰ
3232 3867 3325 3923 τὸν
3368 3867 3594 3936 λέγοντα

2028 3963 2378 4019 Ἀπόστολον·
2414 3982 2433 4015 1
2459 3960 2601 4034 Γυνὴ
2626 3959 2720 4015 ἐὰν
2749 3962 2916 4033 κομᾷ,
2946 3961 3072 4028 δόξα
3106 3961 3246 4035 αὐτῇ
3269 3959 3371 4032 (39)
3399 3961 3510 4012 ἐστι
3530 3976 3577 4009 u

2015 4055 2159 4126 κόμη
2198 4052 2255 4107 δὲ
2291 4055 2361 4125 τῇ
2411 4051 2729 4123 Ἐκκλησία,
2772 4050 2835 4105 τὸ
2878 4050 3081 4124 πλῆθος
3117 4051 3213 4107 τοῦ
3253 4048 3400 4113 λαοῦ,
3438 4049 3516 4102 ὅτι
3542 4047 3577 4119 ἠ

2015 4147 2159 4217 κόμη
2189 4144 2311 4201 ἀντὶ
2340 4143 2688 4218 περιόολαίου
2725 4142 2954 4198 δέδοται.
2980 4142 3092 4197 Κα1Ι
3121 4143 3269 4216 κόμη
3301 4140 3477 4198 τοίνυν
3496 4140 3584 4195 καὶ

2015 4237 2359 4311 περιὸόλαιον
2390 4239 2490 4308 τῆς
2524 4236 2619 4291 τοῦ
2651 4234 2892 4308 Χριστοῦ
2930 4235 3151 4308 νύμφης
3186 4238 3258 4292 τὰ
3280 4234 3468 4308 πλήθη
3492 4232 3599 4289 τῶν

2014 4330 2178 4398 λαῶν,
2212 4330 2353 4385 κατὰ
2380 4330 2471 4384 τὸν
2502 4330 2731 4401 λέγοντα
2759 4332 3068 4403 προφήτην·
3117 4349 3135 4383 1
3155 4329 3380 4394 Πάντας
3407 4329 3603 4394 αὐτοὺς

330 4435 654 4484 ornamento
693 4424 963 4493 vestieris,
1003 4435 1058 4479 et
1093 4424 1458 4481 circumdabis
1494 4425 1588 4480 tibi
1628 4439 1723 4481 eos
1765 4425 1907 4480 sicut
1940 4417 1985 4476 t>
2013 4422 2221 4478 ὲνδύσει
2274 4422 2409 4494 (90),
2479 4423 2574 4477 καὶ
2637 4421 2922 4496 περιθήσει
2989 4421 3189 4485 αὐτοὺς
3264 4420 3342 4485 ὡς
3398 4419 3606 4491 κόσμον

400 4566 442 4599 ⁸¹
481 4563 663 4621 Galat.
695 4576 779 4625 111,
811 4563 898 4619 15.
997 4561 1044 4598 ⁸⁸
1075 4560 1196 4620 Ose.
1233 4577 1293 4628 11,
1319 4561 1414 4619 20.
1486 4561 1534 4595 ⁸⁸
1569 4559 1702 4617 Luc.
1748 4575 1882 4627 xxn,
1919 4558 2006 4615 15.
2083 4560 2130 4593 ⁸⁸
2161 4560 2331 4616 Exod.
2369 4574 2478 4624 xiv,
2512 4559 2599 4614 15.
2678 4558 2727 4592 ⁸⁸
2766 4561 2784 4612 l
2817 4556 2949 4629 [leg.
2999 4571 3039 4624 1,
3069 4556 3155 4611 15.
3231 4554 3283 4587 ⁸⁸
3309 4551 3332 4608 l
3358 4554 3491 4611 Cor.
3524 4568 3606 4618 xi,

331 4638 422 4694 15.
500 4637 545 4669 ⁸⁷
575 4635 682 4693 lsa.
706 4649 855 4719 1113,
885 4631 970 4689 18.

400 4762 512 4832 ‹so›
563 4759 1020 4833 Ἐνυμφεύσαω
1071 4760 1316 4817 revocavi
1364 4774 1432 4820 ex
1474 4759 1609 4817 Van.
1637 4771 1693 4817 et
1722 4730 1936 4827 narb..

330 4833 553 4899 expulso
578 4835 669 4887 ὲνυ
720 4830 932 4902 φεύετο,
960 4841 1020 4886 ιιι
1046 4831 1208 4887 habet
1240 4847 1414 4888 meua.

402 4903 514 4973 (81)
544 4851 841 4972 Utrobique
870 4904 920 4957 in
959 4903 1130 4958 sacris
1158 4901 1347 4959 Bibliis
1373 4903 1469 4961 Gr.
1495 4903 1728 4960 babetur
1755 4897 1825 4972 εἶ,
1856 4910 1914 4959 et

330 4974 411 5029 sie
439 4974 485 5026 ie
525 4974 566 5028 it
596 4984 749 5030 vetus
783 4973 1080 5057 interpres.

405 4989 518 5116 (8225
553 5042 714 5127 Forte
755 5054 872 5128 yet.
931 5054 1158 5128 ιιιιοτρζ.
1190 5042 1380 5100 babuit
1418 5045 1473 5101 in
1519 5059 1617 5101 suo
1639 5042 1762 5099 cod.
1786 5042 1911 5096 πιό-

329 5125 861 5268 τητὲέίιυίιανῗάῧὶο..
894 5115 1330 5266 fflggggslengeds
1360 5192 1415 5240 et
1451 5184 1610 5240 Barb.
1634 5183 1916 5258 άκαίρεον.

428 5255 519 5325 84)
570 5255 814 5312 Pesstme
845 5266 954 5311 vet.
1005 5264 1272 5325 interpres
1304 5273 1318 5309 2
1349 5273 1367 5307 1
1405 5254 1744 5336 Frequenter
1771 5257 1918 5310 enim

326 5325 484 5380 11111111
513 5327 724 5394 piorum
756 5341 853 5382 ore
889 5333 1148 5389 tacentes,
1187 5327 1352 5382 corde
1381 5327 1672 5381 obediente
1708 5325 1916 5380 oratio·

330 5412 458 5452 nem
488 5397 627 5465 apud
660 5396 827 5451 Deum
863 5396 1162 5465 probantur
1189 5394 1486 5451 offundere.
1531 5413 1551 5447 1
1585 5393 1701 5449 Non
1736 5396 1917 5450 reddit

326 5483 517 5522 vocem
549 5465 801 5536 βοῶντες,
847 5483 953 5537 qua
986 5467 1207 5533 omissa,
1251 5481 1360 5522 non
1392 5474 1570 5537 potest
1600 5464 1750 5520 reddi
1789 5479 1913 5520 vera

325 5535 574 5592 Philonis
603 5538 889 5592 sententia.

404 5605 518 5675 (85)
547 5604 731 5662 Vallic.
756 5607 1057 5672 ποιοῦνται,
1087 5618 1140 5663 et
1175 5608 1253 5665 sie
1291 5606 1503 5664 videtur
1529 5605 1836 5677 legendum.

401 5676 492 5753 (86
552 5674 735 5731 Vallic.
779 5695 884 5735 non
924 5678 1087 5734 babet
1127 5680 1315 5734 Ἅννα.

401 5682 515 5817 (871
541 5745 776 5816 1111001111
806 5764 873 5807 ex
904 5749 1077 5808 sacris
1122 5749 1279 5806 libris
1321 5746 1514 5818 αἰγῶν,
1561 5746 1650 5805 11111
1678 5762 1828 5804 meus
1854 5755 1911 5805 et

324 5816 484 5876 111111).
518 5814 704 5891 ἁγίων.
1465 5818 1484 5834 “

2091 4763 2201 4836 (88)
2260 4763 2425 4819 Vetus
2468 4763 2734 4834 interpres
2774 4760 2988 4817 videtur
3040 4758 3234 4830 legisse
3286 4755 3605 4828 ἁπέδησαν.

2018 4851 2139 4904 mne
2165 4837 2324 4890 lectio
2340 4836 2392 4888 ln
2418 4835 2582 4890 nullis
2599 4833 2877 4902 impressis
2899 4831 3085 4886 Bibliis
3101 4841 3346 4900 apparet.
3367 4825 3605 4899 Vulgata

2019 4904 2210 4960 Latina
2242 4913 2418 4959 tamen
2454 4905 2637 4969 babet,
2669 4921 2688 4954 1
2720 4903 3100 4968 ascenderunt,
3124 4918 3143 4953 1
3174 4900 3319 4970 qnod
3360 4906 3447 4953 est
3492 4900 3606 4952 ἀπ·

2019 4975 2247 5048 έόησαν.
2278 4974 2413 5030 Cum
2472 4988 2601 5029 vero
2656 4973 2849 5028 iterum
2913 4971 3111 5027 reserat
3172 4971 3331 5038 paulo
3375 4968 3606 5022 inferius

2020 5051 2207 5101 eadem
2260 5045 2456 5109 verba,
2511 5060 2616 5100 non
2678 5054 2857 5097 tamen
2907 5055 3029 5096 cum
3087 5041 3256 5096 vet-bo
3313 5036 3603 5096 ἀπεκαλύ-

2065 5116 2260 5186 θησαν,
2309 5118 2405 5171 sed
2460 5130 2583 5170 cum
2634 5114 2797 5168 verbo
2857 5111 3162 5183 άπέὂησαν·
3238 5109 3445 5166 idcirco
3494 5110 3599 5162 άπ-

2022 5134 2232 5257 {tinem
2265 5186 2631 5254 reponendum
2691 5184 2779 5239 bic
2826 5191 2973 5253 puto,
3018 5180 3443 5236 undelibrarius
3476 5193 3602 5233 eam

2022 5272 2207 5311 vocem
2262 5256 2443 5326 ejecit.
2502 5263 2719 5309 secutus
2758 5255 3024 5322 vulgatam
3059 5251 3346 5306 lectionem
3387 5251 3594 5304 ἀπεκα-

2019 5325 2324 5398 λύφθησαν.
2388 5326 2570 5394 Εοηιιο
2633 5324 2803 5392 magis
2861 5324 3225 5392 reponendum
3286 5320 3600 5391 ἀπίθησαν,

2020 5399 2161 5466 qnod
2202 5407 2310 5450 tota
2340 5395 2652 5466 explanatio
2690 5397 2896 5449 nitatur
2918 5408 2981 5448 ea
3017 5407 3148 5448 voce
3178 5390 3490 5463 ἅπέδησαν.

2092 5467 2205 5531 (89)
2236 5467 2487 5522 Mendose
2513 5481 2664 5520 meus
2700 5475 2754 5520 et
2783 5463 3004 5518 Bai-ber.
3040 5461 3202 5534 αὓτη.

2090 5537 2198 5608 (90)
2219 5535 2450 5605 Legend.
2486 5534 2699 5606 ὲνδύση,
2722 5534 2817 5587 καὶ
2832 5549 2897 5585 πε
2942 5533 3164 5605 ιθήσεις.
3190 5531 3391 5586 Locum
3415 5539 3598 5586 autem

2019 5607 2163 5663 bunc
2186 5606 2441 5662 sichabes
2463 5605 2515 5660 in
2542 5589 2680 5659 Bibi.
2702 5604 2800 5660 Gr.
2820 5620 2833 5657 :
2852 5619 2894 5655 π
2930 5620 3058 5667 ντας
3073 5602 3272 5667 αὐτοὺς
3294 5600 3369 5665 ὡς
3390 5600 3601 5672 κόσμον

2018 5677 2234 5751 ἐνδύσῃ.
2276 5676 2383 5732 Sed
2411 5683 2520 5730 vet.
2544 5675 2742 5743 interp.
2779 5690 2883 5730 non
2912 5675 3121 5732 videtur
3146 5673 3402 5731 babuisse
3424 5671 3479 5728 in
3495 5687 3599 5732 suu

2017 5750 2138 5808 cod.
2173 5749 2335 5806 selba
2358 5745 2466 5816 illa,
2497 5745 2573 5811 ὡς
2592 5743 2815 5818 κόσμον.
2879 5788 2886 5796 .
3281 5788 3285 5793 .
