3725 6125
304 287 408 342 ¹83

1568 286 1627 350 S.
1667 287 1941 344 ASTEtut
1984 289 2284 345 ‚suaserit

3444 295 3550 350 tas

303 401 396 459 nia
424 400 607 456 statim
637 401 849 469 excepit
879 418 894 466 ;
927 409 1187 463 stratum,
1211 400 1420 469 iguem,
1446 416 1720 456 ramorum
1749 418 1867 456 um·
1900 416 1939 469 Α
1970 403 2186 476 δένδρον
2221 404 2312 457 ἐπὶ
2342 405 2473 474 μιᾶς
2510 402 2721 474 ἡμέρας
2767 401 2983 472 ἐγένετο
3029 404 3167 473 τάχα
3204 405 3333 460 δέκα
3359 392 3553 475 ’ξένων

306 491 500 558 bram,
556 508 620 546 ac
673 507 867 561 aquam
919 488 1405 559 praeterlluentem;
1463 493 1732 562 coepitque
1782 492 1872 548 iile

307 583 612 648 recubare;
670 593 758 648 tu,
811 592 957 634 tuum
992 581 1245 649 prosequi
1284 581 1404 636 iter.
1447 581 1754 639 Delectatus
1790 594 1875 639 est

304 684 359 728 et
393 674 510 735 iile,
575 683 792 741 tumque
839 673 1060 741 reliquit
1107 681 1353 735 tectum:
1405 676 1702 744 eademque
1753 675 1869 742 ipsa

305 766 469 819 arbor
516 779 616 818 una
671 763 792 828 die,
842 763 1027 819 decem
1071 761 1207 819 forte
1252 764 1524 834 hospitum
1577 765 1643 819 ad
1706 764 1872 819 breve

313 865 522 922 tempus
566 853 921 908 diversorium
975 851 1120 918 fuit;
1176 868 1240 909 ac
1292 868 1414 924 quae
1466 854 1716 910 omnibus
1771 869 1869 908 usu

304 946 512 1016 patuit,
549 945 710 999 unius
738 957 858 1000 erat
893 947 1002 1001 veri
1052 946 1279 1000 domiui.
1330 946 1483 1002 Haud
1525 947 1705 1012 aliter,
1748 947 1871 1000 vitas

301 1039 462 1106 huius
507 1037 792 1095 facultates
839 1051 902 1092 ae
944 1038 1146 1107 copiae‚
1193 1053 1316 1094 cum
1364 1037 1562 1092 multos
1600 1036 1869 1092 delectent

300 1145 364 1182 ae
421 1137 681 1197 pascant,
737 1128 980 1182 dominio
1045 1139 1222 1183 tamen
1279 1128 1345 1183 ad
1405 1128 1580 1184 solum
1642 1127 1875 1181 attinent

303 1220 510 1284 Deum,
545 1220 635 1288 qui
668 1219 1026 1275 immortalem
1073 1236 1136 1275 ac
1184 1218 1547 1289 corruptionis
1593 1224 1871 1286 expertem

300 1308 539 1377 possidet
583 1309 772 1363 vitam.
809 1306 995 1369 Vidisti
1042 1322 1256 1377 quoque
1302 1322 1590 1362 commune
1631 1307 1873 1360 diverso-

302 1396 477 1465 rium,
515 1413 622 1467 quo
666 1400 826 1468 plane
877 1396 1102 1467 contigit
1147 1405 1394 1467 agentem
1447 1396 1549 1451 iter
1578 1396 1870 1450 divertere.

300 1481 466 1542 Multa
500 1489 624 1545 inde
654 1488 911 1559 accepisti
934 1530 949 1552 .
983 1502 1104 1542 cum
1137 1486 1269 1549 nihil
1301 1485 1606 1549 intulisses,
1639 1484 1869 1548 lectum,

1972 493 2334 565 ὀλιγοχρόνιον
2379 491 2723 561 καταγώγιον
2746 509 2759 523 ·
2802 494 2899 547 καὶ
2948 494 3008 548 τὸ
3055 495 3271 551 πάντων
3319 502 3554 571 γενόμε-

1974 602 2087 649 νον,
2119 585 2238 647 ἑνὸς
2264 579 2332 655 ἦν
2361 584 2455 637 τοῦ
2482 584 2634 647 δντος
2662 583 2872 655 κυρίου.
2900 584 3113 639 Οὐτωσὶ
3146 586 3205 641 δὲ
3232 588 3327 641 καὶ
3356 592 3415 645 αἱ
3450 610 3557 645 πε-

1978 676 2207 746 ριουσίαι
2240 676 2339 746 τῆς
2362 675 2595 729 ἐνταῦθα
2632 675 2907 746 διαγωγῆς
2933 716 2948 740 ,
2983 676 3247 748 τέρπουσι
3289 680 3391 750 μὲν
3425 682 3558 736 πολ·

1974 759 2098 824 λοὺς
2144 760 2238 813 καὶ
2278 761 2567 831 τρέφουσι·
2613 761 2714 831 τῆς
2762 761 3081 828 δεσποτείας
3116 766 3261 837 μόνῳ
3307 768 3387 839 τῷ
3431 770 3559 844 Θεῷ

1975 851 2376 921 προσηκούσης,
2399 851 2476 922 τῷ
2497 851 2772 922 ἄφθαρτον
2800 854 2893 905 καὶ
2917 852 3219 927 ἀνώλεθρον
3246 856 3429 927 ἔχοντι
3455 861 3556 932 τὴν

1974 940 2140 1011 ζωήν.
2183 939 2421 995 Ἐθεάσω
2435 943 2529 995 καὶ
2555 941 2887 1012 πανδοχεῖον,
2915 943 3002 1012 ἐφ’
3025 939 3085 998 οὗ
3105 946 3325 1011 πάντως
3345 949 3553 1004 ὁδεύων

1973 1031 2304 1096 κατέλυσας·
2332 1031 2521 1095 έλαὸες
2554 1032 2613 1086 os
2641 1032 2853 1086 ἐκεῖθεν
2881 1034 3054 1098 πολλὰ,
3072 1074 3088 1100 ,
3122 1036 3410 1106 βαστάζων
3447 1058 3554 1111 μη.

1968 1121 2080 1185 δέν,
2128 1121 2351 1193 κλινην,
2388 1121 2703 1193 τράπεζαν,
2746 1124 3083 1194 ἐκπώματα,
3131 1126 3372 1191 πίνακα,
3414 1128 3555 1184 ἄλλα

1970 1211 2137 1282 σκεύη
2189 1212 2524 1271 παντοδαπά.
2561 1214 2787 1267 Οὐδέπω
2813 1214 2871 1267 δέ
2900 1232 3002 1268 που
3037 1216 3174 1287 πρὸς
3212 1219 3556 1290 αὐτάρκειαν

1969 1303 2351 1373 χρησαμένου,
2398 1298 2531 1373 ἧκεν
2562 1304 2720 1369 ἄλλος
2767 1306 3070 1361 πνευστιῶν
3093 1348 3108 1370 ,
3156 1311 3556 1381 κεκονιαμένος

1970 1390 2312 1460 κατεπείγων
2346 1410 2406 1446 σε
2446 1395 2538 1448 καὶ
2572 1394 2795 1467 ὲξείρων
2827 1396 2921 1451 τοῦ
2951 1399 3292 1469 πανδοχείου,
3326 1404 3425 1457 καὶ
3457 1404 3557 1476 ζη,

1968 1481 2076 1537 τῶν
2106 1481 2175 1537 τά
2196 1482 2452 1556 ἀλλότρια
2474 1485 2550 1550 ὡς
2574 1485 2850 1557 ἐξαίρετα.

299 1594 575 1646 mensam,
622 1580 847 1649 pocula,
895 1579 1103 1643 discos,
1152 1576 1370 1646 aliaque
1412 1576 1589 1631 omnis
1637 1573 1854 1645 generis
1891 1588 2040 1630 vasa.
2086 1573 2185 1630 Ubi
2218 1583 2397 1630 autem
2427 1578 2654 1631 necdum
2694 1577 2762 1633 iis
2808 1590 3066 1649 qnantum
3123 1584 3259 1637 satis
3327 1586 3540 1642 videba-

299 1688 408 1740 tur,
451 1687 583 1730 usus
617 1688 800 1738 esses,
831 1670 1146 1741 supervenit
1210 1670 1349 1727 alius
1406 1666 1814 1724 anhelabundus
1847 1679 1913 1720 ac
1952 1665 2396 1735 pulverulentus,
2458 1683 2657 1741 urgens
2689 1681 2778 1737 te,
2822 1681 2986 1743 atque
3031 1674 3180 1728 exire
3215 1679 3536 1747 compellens

297 1786 330 1825 e
357 1767 692 1828 diversorio,
727 1764 1008 1834 alienaque
1037 1778 1134 1818 eeu
1172 1761 1387 1832 propria
1425 1768 1697 1830 repetens.

368 1862 541 1939 'l'alisx
573 1859 798 1915 omuino
846 1858 952 1912 vita
986 1868 1190 1922 nostra,
1243 1855 1460 1916 fratres.
1503 1863 1598 1909 aut
1620 1852 1685 1907 *si
1729 1848 1856 1921 quid
1890 1853 1935 1911 Β
2033 1846 2465 1937 Τοιοῦτοςήμῶν
2498 1851 2527 1904 ό
2566 1849 2698 1921 βίος,
2747 1852 2984 1923 ἀδελφοὶ,
3038 1855 3130 1908 καὶ
3152 1856 3206 1909 εί·
3228 1874 3278 1909 τι
3300 1856 3415 1910 τῶν
3435 1858 3549 1929 λεχ.

296 1954 457 2009 dictis
484 1950 855 2007 transitorium
901 1947 1068 2017 inagis
1104 1961 1166 2001 ac
1223 1946 1490 2003 caducum
1545 1952 1650 1999 est.
1689 1941 1869 2009 Quare

299 2057 420 2097 cum
460 2040 669 2109 aliquos
704 2039 869 2093 audio
906 2037 1181 2092 dicentes:
1219 2034 1484 2089 Praedium
1537 2048 1749 2095 meum;
1789 2039 1867 2091 et,

301 2134 504 2188 Domus
552 2146 706 2197 mea,
748 2130 891 2186 haud
919 2129 1052 2184 satis
1092 2128 1275 2183 mirari
1310 2141 1525 2196 possum
1547 2166 1563 2192 ,
1601 2125 1872 2195 quomodo

306 2239 427 2293 quae
460 2238 564 2278 non
598 2231 726 2277 sunt
753 2235 972 2284 eorum,
1008 2220 1152 2274 inani
1192 2217 1294 2273 sibi
1331 2216 1532 2290 syllaba
1574 2218 1868 2281 vindicent,

301 2316 582 2383 tribusque
606 2312 887 2367 fallacibus
907 2311 1163 2365 litterulis
1189 2310 1367 2365 aliena
1397 2310 1518 2365 sinu
1542 2310 1867 2379 astringant.

300 2407 452 2463 Sicut
472 2406 616 2460 etnim
641 2403 966 2459 histrionum
992 2417 1252 2471 personas
1275 2415 1436 2457 nemo
1461 2400 1677 2469 quidem
1709 2414 1873 2468 pecu·

299 2499 508 2556 liariter
530 2513 595 2553 ae
624 2496 873 2565 proprias
909 2492 1093 2557 habet,
1127 2495 1221 2548 sed
1249 2507 1348 2562 pro
1373 2507 1429 2546 re
1458 2505 1522 2546 ac
1552 2500 1872 2561 argumento

299 2590 524 2659 uirisque
554 2587 652 2643 sibi
688 2595 840 2641 actor
869 2583 1098 2647 imponit
1126 2602 1141 2651 ;
1174 2584 1244 2637 ita
1278 2592 1480 2637 terram
1524 2593 1873 2649 terrenasque

300 2681 604 2742 facultates,
633 2677 790 2748 quasi
816 2688 996 2732 vestes
1031 2675 1120 2729 alii
1157 2690 1225 2730 ex
1258 2674 1379 2729 aliis
1409 2674 1641 2732 induunt
1667 2688 1728 2727 ac
1752 2690 1872 2727 mu-

301 2783 436 2825 tant.
464 2770 797 2838 Die,quae50,
830 2783 954 2821 num
982 2766 1256 2835 potentius
1297 2765 1499 2835 aliquid
1545 2765 1746 2837 regno?
1775 2765 1871 2818 At·

304 2863 393 2931 qui
440 2871 682 2917 scrutare
723 2860 938 2932 regias;
984 2859 1243 2928 conquire
1289 2857 1496 2927 regales
1521 2856 1872 2927 chlamydem

302 2948 557 3019 plurimas
606 2962 738 3003 saue
788 2961 908 3016 quae
960 2946 1252 3001 multorum
1309 2960 1494 3016 regum
1535 2945 1876 3002 contexerint

302 3053 548 3111 corpora,
575 3038 817 3095 offendes
856 3056 871 3092 ι
907 3038 1072 3092 simili
1102 3051 1316 3109 quoque
1346 3037 1576 3100 ratione,
1624 3048 1874 3098 coronas,

1971 1939 2168 1994 θέντων
2195 1939 2610 2012 προδικώτερον.
2678 1942 2819 2011 Ἐγὼ
2861 1943 2918 1997 δὲ
2980 1943 3245 2015 θαυμάζω
3304 1949 3435 2011 τοὺς
3464 1947 3552 2001 λέ-

1970 2049 2197 2101 γοντας·
2232 2033 2306 2087 Τὸ
2325 2034 2523 2105 χωρίον
2583 2052 2684 2104 μου
2710 2052 2725 2066 ·
2759 2035 2874 2099 καὶ,
2916 2036 2981 2087 Ἥ
3015 2036 3162 2089 οἰκία
3203 2054 3309 2107 μου
3332 2055 3346 2067 ·
3408 2040 3554 2103 ὅπως

1974 2124 2189 2195 ματαίῳ
2222 2124 2459 2197 συλλαὸῇ
2523 2124 2910 2189 ὲξοικειοῦνται
2963 2126 3031 2180 τὰ
3065 2128 3139 2199 μὴ
3180 2132 3556 2201 προσήκοντα,

1971 2222 2064 2274 καὶ
2081 2221 2228 2293 τρισὶ
2252 2221 2540 2290 στοιχείοις
2569 2222 2867 2293 ἀπατηλοῖς
2894 2223 3344 2291 ἐναγκαλίζονται
3365 2225 3435 2280 τά
3464 2226 3555 2279 ἀλ-

1971 2312 2174 2386 λότρια.
2215 2313 2304 2376 Ὦς
2345 2312 2456 2383 γὰρ
2506 2314 2576 2368 τὰ
2604 2313 2714 2367 τῶν
2748 2313 3165 2382 θαυματοποιῶν
3214 2322 3551 2386 προσωπεῖα,

1972 2404 2085 2474 ἔχει
2110 2406 2207 2476 μὲν
2244 2404 2421 2468 οὐδεὶς
2480 2407 2598 2459 κατ’
2638 2404 2933 2477 ἐξαίρετον,
2966 2408 3166 2485 πάντες
3185 2407 3245 2460 δὲ
3283 2410 3552 2462 ἐπιτίθεν-

1970 2511 2061 2555 ται
2078 2495 2129 2547 οἱ
2169 2494 2278 2550 τῶν
2320 2495 2615 2567 δραμάτων
2644 2496 2961 2567 ὑποκριταί·
3004 2496 3144 2550 οὕτω
3171 2498 3274 2567 τὴν
3310 2499 3416 2568 γῆν
3462 2501 3557 2553 καὶ

1972 2585 2071 2648 τὰς
2091 2586 2188 2639 ἀπ’
2211 2585 2427 2656 ἐκείνης
2448 2585 2600 2649 ὔλας,
2650 2585 2798 2640 ἄλλοι
2823 2584 2882 2649 ἐξ
2906 2585 3081 2640 ἄλλων
3107 2585 3184 2650 ὡς
3204 2586 3399 2657 ἱμάτια
3433 2605 3556 2661 μετ-

1974 2674 2266 2729 ενδύονται.
2300 2677 2392 2749 Μή
2421 2694 2472 2729 τι
2503 2676 2795 2747 βασιλείας,
2840 2675 2962 2729 εἰπέ
3009 2693 3120 2747 μοι,
3150 2677 3558 2751 δυνατώτερονς

1974 2768 2088 2822 ἀλλ’
2112 2768 2263 2839 ὅμως
2297 2767 2588 2839 ὲρεύνησον
2654 2767 2725 2821 τὰ
2756 2768 2997 2838 βασίλεια
3016 2784 3030 2797 ·
3087 2768 3325 2840 ζήτησον
3353 2771 3558 2841 χλαμύ-

1973 2858 2069 2922 δας
2099 2857 2410 2927 βασιλικάς·
2442 2859 2695 2931 εὑρήσεις
2728 2859 2784 2913 δὲ
2837 2858 3040 2922 ταύτας
3092 2860 3308 2924 ἱκανὰς,
3335 2860 3393 2914 αἶ
3429 2861 3556 2915 πολ·

1974 2947 2082 3003 λῶν
2116 2948 2378 3018 βασιλέων
2412 2949 2668 3002 ἐνέδυσαν
2692 2947 2936 3020 σώματα.
2982 2949 3214 3019 Ὁμοίως
3236 2950 3295 3003 δὲ
3319 2951 3415 3004 καὶ
3436 2952 3560 3014 τοὺς

1979 3039 2294 3110 στεφάνους,
2323 3040 2418 3094 καὶ
2469 3040 2569 3105 τὰς
2599 3042 2836 3114 πόρπας,
2885 3040 2980 3096 καὶ
3016 3041 3117 3105 τάς
3150 3040 3353 3107 ζώνας,
3386 3045 3557 3099 πάντα

302 3132 520 3195 fibulas,
567 3145 732 3184 zoras
777 3128 930 3199 (HM
982 3130 1165 3184 omnia
1205 3128 1458 3182 nimirum
1503 3127 1875 3181 ltaereditatem
1980 3129 2341 3202 κληρονομίαν
2378 3130 2629 3197 ἄστατον,
2660 3133 2853 3203 χρῆσιν
2881 3131 3064 3202 κοινὴν
3092 3132 3206 3185 ἀπὸ
3224 3132 3336 3186 τῶν
3352 3133 3553 3187 ὁδευόν-

304 3220 648 3283 instabilent;
706 3235 1045 3276 communem
1095 3236 1292 3285 usum,
1343 3221 1412 3274 ab
1464 3219 1572 3284 iis,
1629 3219 1717 3286 qui
1777 3204 1949 3271 iterC
1979 3236 2086 3272 των
2136 3221 2215 3284 είς
2279 3221 2406 3284 τοὺς
2462 3220 2723 3291 μένοντας
2774 3220 3198 3276 ἀποὸαίνουσαν.
3246 3222 3313 3276 Τί
3341 3223 3396 3275 δὲ
3445 3221 3548 3273 τῶν

295 3321 505 3385 agunt,
539 3313 610 3368 ad
648 3310 786 3368 alios
815 3321 1183 3368 transeuntem
1205 3353 1224 3379 ,
1264 3312 1352 3381 qui
1389 3319 1690 3365 remanent.
1733 3309 1876 3375 Quid

308 3415 491 3461 autem
526 3421 590 3461 ac
615 3403 805 3476 quanti
836 3412 944 3458 tota
972 3404 1060 3458 illa
1079 3446 1094 3472 ,
1131 3418 1293 3472 quam
1323 3400 1580 3474 presides
1610 3401 1877 3467 obtinent,

306 3498 511 3555 scena?
546 3506 863 3568 argenteum
886 3538 900 3561 ‚
952 3498 1202 3565 inquam,
1244 3494 1569 3559 vehiculum,
1614 3508 1676 3548 ac
1714 3508 1879 3548 aurea

303 3587 496 3658 virga?
520 3586 710 3641 Nonne
732 3601 944 3655 semper
981 3587 1098 3641 haec
1132 3599 1337 3653 praeses
1369 3583 1533 3638 babet
1556 3581 1702 3655 (15);
1743 3598 1878 3636 uuu-

303 3694 463 3748 quam
495 3687 674 3732 tamen
728 3676 866 3731 idem
891 3717 905 3738 ,
943 3677 1035 3732 sed
1069 3677 1296 3746 quisque
1344 3675 1517 3731 solum
1553 3676 1621 3729 ad
1656 3690 1871 3730 usuram

303 3770 483 3840 exigui
522 3770 822 3840 temporis?
867 3769 1019 3824 Sicut
1054 3769 1198 3824 enirn
1241 3769 1498 3823 feretrum
1545 3777 1638 3821 aut
1675 3767 1875 3820 sanda-

304 3862 410 3930 pila
431 3900 447 3926 ,
481 3861 583 3916 alia
629 3861 857 3920 subinde
885 3861 1147 3915 cadavera
1174 3860 1401 3928 suscipit
1427 3876 1440 3912 ε
1471 3857 1554 3913 sic
1589 3857 1875 3926 magistra·

307 3962 454 4006 tuum
475 3952 729 4020 insignia,
770 3959 984 4005 utentes
1013 3950 1302 4004 identidem
1335 3957 1691 4004 commutant.
1721 3946 1876 4004 Unde

305 4053 361 4096 et
389 4041 697 4109 frequentes
714 4040 1000 4107 Apostolus
1025 4040 1077 4094 iu
1105 4041 1243 4095 lianc
1263 4039 1376 4094 fere
1422 4031 1748 4095 sententiam
1784 4053 1881 4092 no-

308 4133 392 4184 liis
418 4129 729 4184 erudiendis
755 4129 1009 4183 inclamat
1034 4144 1232 4186 voces:
1266 4129 1514 4183 Proeterit
1538 4129 1675 4182 enim
1705 4129 1881 4198 figura

305 4222 461 4292 liujus
495 4221 678 4275 mnndi
697 4221 777 4287 ι*-;
804 4231 856 4274 et
885 4219 1050 4274 illud:
1081 4218 1352 4288 Tanquam
1383 4217 1516 4272 nihil
1537 4218 1802 4277 habentes,
1829 4225 1882 4272 et

304 4311 479 4363 omnia
513 4311 832 4376 possidentes
862 4309 907 4343 ¹⁸
935 4327 951 4376 ;
987 4309 1114 4364 illud
1156 4310 1281 4364 item
1311 4326 1325 4363 ε
1359 4307 1464 4375 Ωιιί
1493 4317 1733 4372 utuntur,
1762 4318 1882 4363 tan-

1982 3310 2336 3385 ὑπαρχόντων
2366 3312 2409 3342 ¹⁸
2434 3311 2592 3378 ἀξίας
2621 3315 2655 3383 ἡ
2682 3313 2877 3383 σκηνὴ,
2904 3312 2965 3366 τὸ
2994 3312 3275 3385 ἀργυροῦν
3294 3313 3481 3384 δχημα,
3510 3315 3541 3381 ἡ

1984 3403 2221 3474 καλαμὶς
2243 3405 2276 3474 ἠ
2311 3404 2524 3475 χρυσῆ;
2551 3404 2645 3458 καὶ
2694 3406 2792 3459 οὐκ
2818 3405 2905 3462 ἀεὶ
2932 3404 3102 3460 ταῦτα
3129 3405 3245 3476 ἔχει
3271 3404 3358 3459 τὸν
3379 3403 3547 3475 ἱίτειίρ·4

1981 3516 2096 3570 χον,
2129 3499 2223 3552 καὶ
2246 3495 2500 3550 οὐδέποτε
2525 3495 2616 3548 τὸν
2647 3495 2831 3559 αὐτὸν,
2860 3498 2910 3549 ei
2950 3496 3024 3567 μὴ
3076 3497 3215 3567 πρὸς
3235 3495 3415 3565 ὀλίγον
3433 3496 3562 3549 Em·

1985 3605 2141 3655 στον;
2179 3587 2269 3651 Ὦς
2294 3585 2403 3658 γὰρ
2437 3587 2470 3658 ὴ
2509 3585 2662 3657 κλίνη
2696 3585 2795 3655 τῆς
2819 3586 3059 3657 ἐκφορᾶς
3087 3583 3279 3641 ἄλλοτε
3315 3586 3460 3645 ἄλλα
3486 3587 3570 3642 δὲ-

1982 3695 2136 3748 χεται
2174 3677 2400 3749 σώματα
2420 3694 2433 3707 ·
2483 3677 2626 3732 οὕτω
2659 3679 2753 3734 καὶ
2813 3679 2919 3736 τῶν
2976 3678 3162 3749 ἀρχῶν
3193 3677 3264 3733 τά
3319 3679 3569 3752 σύμᾶολα

1981 3770 2108 3831 τοὺς
2136 3769 2449 3841 χρωμένους
2475 3769 2713 3839 ἀμείὸει.
2752 3769 3031 3822 Ἐντεῦθεν
3078 3772 3175 3824 καὶ
3229 3772 3259 3825 ό
3299 3773 3564 3825 Ἀπόστο-

1981 3858 2070 3921 λος
2096 3859 2227 3928 ἡμῖν
2259 3857 2387 3919 ὲὸόα
2408 3857 2665 3922 πλείστας
2696 3857 2899 3934 φωνὰς,
2946 3857 3151 3930 ταύτης
3194 3859 3293 3930 τῆς
3322 3859 3565 3918 διανοίας

1984 3949 2361 4012 παιδευτικάς·
2394 3948 2648 4018 Παρὰγει
2695 3947 2809 4018 γὰρ
2841 3949 2906 4002 τὸ
2935 3947 3145 4018 σχῆμα
3185 3947 3286 4002 τοῦ
3314 3948 3556 4013 κόσμου

1982 4040 2196 4094 τούτου
2216 4056 2230 4070 ·
2266 4039 2358 4093 καὶ
2394 4040 2474 4105 τδ,
2510 4041 2603 4106 Ὠς
2647 4039 2846 4109 μηδὲν
2896 4040 3166 4109 ἔχοντες,
3205 4037 3298 4093 καὶ
3350 4035 3542 4088 πάντα

1984 4131 2369 4201 κατέχοντες·
2410 4132 2523 4197 καὶ,
2558 4135 2622 4186 ol
2662 4131 2968 4203 χρώμενοι,
3008 4133 3090 4197 ὡς
3115 4130 3205 4201 μὴ
3253 4125 3545 4197 καραχρώ·

1978 4239 2171 4292 μενοι.
2207 4223 2394 4278 Πάντα
2446 4223 2557 4295 γὰρ
2582 4224 2754 4277 ταῦτα
2813 4225 2948 4296 πρὸς
2982 4225 3079 4277 ἓνα
3122 4222 3293 4276 τείνει
3340 4219 3553 4281 σκοπὸν,

1985 4315 2068 4367 ὃτι
2095 4315 2369 4385 προσῆκεν
2401 4315 2477 4379 ὡς
2509 4315 2816 4386 ἐφημέρους
2851 4316 2996 4385 ἡμᾶς
3022 4312 3234 4384 διαζῇν,
3270 4312 3556 4382 ἀναμένον-

303 4416 461 4468 qnam
509 4414 611 4452 non
645 4400 929 4453 abutantur
949 4399 1015 4454 ¹⁸.
1056 4399 1181 4454 Haec
1209 4401 1354 4454 enim
1389 4399 1570 4453 omnia
1608 4398 1673 4451 ad
1719 4414 1881 4453 uuum
1917 4397 1960 4451 D
1987 4420 2087 4466 τας
2114 4406 2214 4472 τῆς
2243 4404 2422 4469 ἐξόδου
2452 4406 2511 4458 τὸ
2535 4403 2802 4477 σύνθημα.

305 4504 525 4558 scopum
572 4491 831 4556 tendunt,
878 4491 1019 4560 quod
1074 4492 1220 4546 velut
1266 4490 1320 4544 in
1358 4490 1500 4546 diem
1563 4488 1651 4545 liic
1691 4491 1872 4550 vivere
1925 4494 2260 4561 debeamus,
2308 4509 2628 4566 semperque
2682 4497 2860 4552 exitus
2922 4495 3135 4565 signum
3184 4511 3250 4550 ac
3309 4505 3562 4552 tesseram

307 4599 337 4636 e
349 4600 369 4636 ,ι
379 4592 646 4651 spectare.

459 4728 474 4782 Ι
503 4727 626 4786 Cor.
658 4741 754 4791 vn,
778 4725 867 4792 51.
946 4727 989 4759 ²⁸
1012 4726 1051 4782 ll
1088 4726 1214 4790 Cor,
1247 4739 1326 4791 vt,
1354 4723 1441 4777 10.
1519 4721 1565 4754 ¹⁸
1587 4719 1609 4775 1
1635 4721 1762 4779 Cor.
1801 4738 1894 4790 vn,
1923 4723 2014 4777 31.
2093 4719 2140 4750 ¹⁸
2172 4716 2335 4773 Sirm.
2367 4717 2489 4772 cod.
2523 4715 2802 4788 ὑπάρχων,
2834 4729 2896 4769 ac
2933 4714 3141 4769 melius.

377 4865 488 4937 (te)
529 4862 776 4928 fibulas,
838 4878 1020 4916 zonas.
1071 4859 1221 4928 Quod
1266 4859 1351 4914 liic
1403 4859 1588 4932 πόρπη
1650 4859 1883 4922 asterio,

307 4937 526 5005 soquior
558 4934 765 4990 Graecia
797 4931 994 5002 φίόλαν
1036 4929 1286 5002 appellat,
1333 4945 1452 4998 quae
1483 4943 1647 4982 uuum
1682 4937 1766 4982 est
1818 4943 1887 4982 ex

306 5007 642 5064 ornamentis
697 5002 1091 5071 imperialibus,
1158 5010 1215 5053 ut
1272 5008 1327 5053 et
1377 4999 1478 5052 alia
1545 4998 1632 5053 bic
1687 4998 1883 5052 relata.

311 5076 573 5131 Existimo
591 5089 716 5129 esse
739 5077 880 5141 quod
905 5073 1077 5125 instar
1103 5068 1401 5125 humeralis
1428 5076 1598 5123 totum
1619 5067 1889 5132 intextum,

307 5145 504 5215 lapillis
573 5154 709 5211 togae
767 5143 1184 5209 superinduunt.
1231 5138 1430 5196 Verum
1496 5137 1648 5205 plura
1703 5145 1887 5191 noster

306 5216 450 5271 Goar
471 5230 591 5267 cunt
620 5215 676 5268 in
707 5210 1046 5280 Euclroioqio,
1076 5219 1187 5263 tum
1213 5208 1265 5262 in
1297 5208 1439 5261 notis
1469 5208 1538 5260 ad
1571 5203 1885 5270 cedrenum,

309 5299 374 5337 ae
397 5285 668 5355 praecipue
701 5284 759 5338 in
785 5282 851 5335 iis
877 5295 997 5346 quae
1027 5281 1324 5336 meditatur
1368 5278 1422 5330 in
1457 5275 1745 5339 Codimtm,
1798 5270 1891 5330 ubi

306 5356 472 5410 etiam
524 5354 592 5406 de
630 5355 798 5420 virga,
836 5365 900 5405 ac
950 5363 1045 5403 seu
1094 5347 1360 5408 arundine
1400 5345 1778 5415 praefectorum
1827 5360 1897 5401 ae

313 5425 639 5492 reliquorum
667 5421 1106 5488 magistratuum,
1131 5417 1235 5470 alia
1267 5431 1330 5471 ac
1351 5415 1476 5477 alia,
1503 5430 1599 5485 pro
1626 5413 1896 5485 cujusque

311 5493 659 5562 magistratus
693 5492 920 5543 ratione.
945 5485 1060 5543 Non
1094 5486 1235 5543 male
1265 5487 1427 5540 etiam
1459 5487 1703 5540 Ducaeus.
1747 5483 1893 5540 Bene

308 5567 437 5618 item
470 5560 712 5614 voi-rexit
745 5560 1103 5626 interpretem
1138 5559 1188 5610 in
1227 5554 1407 5612 verbis
1437 5554 1609 5620 Pauli,
1641 5554 1888 5625 παράγει

307 5630 368 5686 τὸ
423 5631 608 5702 σχῆμα
645 5629 740 5683 τοῦ
798 5628 1003 5698 κόσμου
1052 5627 1282 5682 τούτου·
1312 5642 1434 5680 cutn
1488 5625 1564 5679 sic
1616 5623 1703 5678 ille
1755 5624 1895 5679 male

310 5703 651 5767 reddidisset,
676 5698 1028 5757 Revroesentat
1056 5700 1191 5758 enim
1215 5697 1426 5766 sociem,
1449 5704 1580 5759 etc„
1608 5708 1724 5766 pro,
1756 5709 1895 5763 ρειτ-

1997 4857 2118 4911 terit
2167 4854 2360 4925 fiana,
2420 4861 2550 4915 etc„
2587 4866 2707 4920 quae
2758 4858 2840 4905 est
2894 4846 3197 4904 communis
3254 4857 3566 4901 sanctorum

1994 4925 2256 4996 expositio
2285 4923 2401 4987 eius
2423 4922 2546 4978 loci.
2579 4920 2635 4975 ln
2670 4920 2837 4974 altero
2867 4919 3004 4982 loco,
3030 4917 3104 4981 ὡς
3147 4915 3223 4988 μὴ
3272 4916 3565 4987 παραχρώ-

1996 5013 2175 5067 μενοι,
2205 4996 2286 5048 sic
2309 4990 2506 5047 Paulus
2545 4992 2759 5048 videtur
2789 5003 3009 5054 monere
3039 4987 3295 5047 utendum
3348 4985 3567 5048 mundo,

1995 5077 2054 5127 ut
2086 5065 2157 5119 sit
2190 5075 2316 5117 usus
2346 5064 2552 5130 absque
2582 5060 2774 5125 abusu,
2824 5073 2888 5111 ac
2925 5058 3241 5126 castigatus.
3291 5070 3357 5110 ac
3394 5055 3568 5124 qualis

1996 5144 2247 5203 acceptus
2271 5133 2362 5186 sit.
2396 5131 2487 5186 Sic
2524 5129 2754 5184 Tertull.
2799 5127 2892 5189 tit».
2925 5127 3001 5180 De
3042 5125 3185 5182 cuttu
3228 5125 3570 5191 seminarum,

1996 5220 2045 5260 c.
2078 5205 2131 5270 9,
2157 5201 2449 5270 Sequemur
2470 5200 2799 5263 Apostolum,
2826 5198 2916 5266 qui
2947 5211 3038 5252 nos
3073 5195 3151 5249 uti
3169 5207 3338 5255 monet
3372 5195 3570 5261 mundo

1996 5276 2118 5339 isto,
2148 5275 2299 5343 quasi
2324 5287 2425 5324 non
2449 5270 2747 5324 abutantur.

2061 5343 2174 5411 (¹5)
2216 5339 2405 5396 Nonne
2431 5354 2630 5405 semper
2663 5336 2775 5390 haec
2812 5351 3004 5404 prn’ses
3056 5334 3205 5387 'nabet
3231 5334 3257 5388 ?
3312 5334 3427 5386 οὐκ
3477 5331 3570 5386 ἀεί

1995 5413 2203 5470 ταῦτα.
2279 5407 2372 5464 Sic
2429 5409 2587 5479 plane
2640 5406 2918 5476 legendum
2974 5403 3292 5457 affirmative
3343 5417 3407 5456 ac
3446 5417 3573 5455 cum

1995 5496 2123 5538 nota
2156 5487 2436 5552 interrog„
2470 5492 2573 5535 non
2607 5483 2960 5544 neganter.ut
2986 5472 3160 5528 reddit
3187 5472 3416 5540 interpr.
3447 5469 3576 5530 Vult

1996 5554 2141 5610 enim
2170 5551 2342 5619 ipsam
2375 5547 2589 5619 quidem
2634 5543 3006 5614 praefecturam
3035 5555 3154 5596 esse
3198 5541 3343 5596 velut
3375 5555 3571 5611 perpe·

1997 5632 2167 5687 tuam,
2198 5636 2262 5676 ac
2286 5621 2402 5688 eius
2426 5614 2679 5686 insignia,
2702 5627 2885 5667 verum
2910 5613 3045 5667 alios
3072 5625 3134 5665 ex
3164 5610 3288 5667 aliis
3310 5611 3577 5677 contiuua

1999 5691 2298 5759 mutatione
2322 5685 2598 5759 suscipere
2625 5698 2689 5740 ac
2716 5695 3021 5763 capessere.
