3725 6125
229 274 334 334 083

1363 267 1638 326 Parnes
1675 263 1975 323 AEGYPTH
2018 264 2293 324 SAECtJtJ
2333 266 2424 325 tv.
3400 263 3449 316 ⁹8

229 391 612 471 niuis—malitiis
641 406 826 446 cornui
878 400 971 447 aiut
1017 392 1376 447 hortamentis
1404 406 1523 460 quae
1562 387 1808 443 dissemi·
1836 385 1890 446 A
1916 400 2134 446 orantes
2165 388 2550 458 benignitatem
2590 383 2811 450 Patris,
2847 388 2912 437 ιιι
2937 392 3173 447 setnper
3200 378 3392 448 possitis
3412 380 3449 433 lt.

231 497 366 543 nant
409 486 463 541 in
509 483 761 540 cordibus
810 483 1029 548 nostris,
1059 482 1151 538 sed
1188 490 1246 537 et
1281 497 1349 537 ne
1391 496 1554 555 qnam
1584 477 1800 551 plurimi

232 588 544 633 nostrorum
579 574 934 646 profiteantur
966 574 1143 629 studia
1191 588 1379 629 eorum
1416 590 1430 627 ι
1464 572 1562 642 ipsi
1593 584 1811 643 quoque

233 676 622 740 e-‹·gnoscentes
663 664 1047 735 indulgentiam
1095 663 1431 730 Conditoris,
1473 663 1617 735 quod
1661 676 1810 716 mors

237 760 319 814 liis
356 758 447 812 flat
475 758 526 812 in
558 757 738 824 terris,
770 756 874 811 illis
907 771 1035 811 vero
1079 758 1150 811 sit
1179 765 1539 827 praeparatum
1582 752 1812 812 baeredi-

238 857 353 902 tnre
380 849 675 917 geliennam
710 856 932 917 propter
962 846 1341 918 negligentiam
1377 861 1602 900 suam...

309 936 371 992 V.
402 935 556 993 Scire
599 946 779 992 autem
814 952 909 992 vos
940 937 1083 1003 volo,
1115 936 1287 999 lilioli,
1317 937 1459 1009 qnod
1492 951 1596 990 nou
1630 934 1816 989 desino

232 1032 527 1085 obsecrans
577 1044 677 1100 pro
721 1027 873 1086 vobis
922 1029 1092 1084 Deum
1135 1035 1294 1083 nocte
1345 1042 1409 1081 ac
1458 1026 1566 1091 die,
1608 1032 1668 1079 ut
1704 1025 1819 1095 ipse

237 1119 445 1189 aperiat
489 1118 675 1174 oculos
712 1117 896 1173 cordis
940 1117 1104 1171 vestri
1161 1117 1226 1170 ad
1268 1115 1659 1187 providendum
1695 1128 1819 1168 cre-

239 1206 388 1261 brius
407 1206 672 1261 occultam
705 1205 1092 1274 malignitatem
1121 1203 1355 1266 illorum,
1383 1218 1543 1273 quam
1582 1217 1676 1272 pet·
1701 1202 1818 1256 sin-

235 1298 358 1364 gula
413 1311 575 1367 super
632 1311 735 1351 nos
784 1294 1066 1349 effundunt
1115 1295 1167 1349 iu
1214 1295 1319 1351 isto
1363 1309 1505 1354 nunc
1557 1305 1817 1364 tempore.

237 1395 435 1455 Qnaeso
477 1388 640 1443 etlam
692 1397 751 1441 ut
806 1390 1070 1444 concedat
1114 1388 1271 1444 vobis
1320 1386 1564 1442 scientia:
1596 1402 1712 1451 cor,
1757 1402 1822 1443 ac

238 1479 590 1535 discretionis
637 1478 889 1547 spiritum
940 1485 1179 1549 pnestet,
1240 1487 1298 1532 ut
1358 1478 1579 1547 possitis
1618 1476 1817 1538 offerre

243 1572 518 1640 proprium
563 1582 679 1634 cor,
722 1569 953 1622 bostiam
992 1578 1235 1623 sanctam
1282 1567 1334 1628 iu
1375 1577 1665 1638 conspectu
1712 1566 1817 1620 l‘a-

243 1662 343 1717 tris
379 1664 430 1716 in
473 1662 637 1717 multa
672 1661 987 1725 sanctitate,
1012 1669 1068 1714 et
1088 1660 1204 1716 sine
1228 1659 1469 1729 querela.
1489 1658 1628 1715 Vere
1649 1660 1818 1725 enim,

243 1755 413 1816 lilioli,
461 1754 702 1814 invident
733 1754 889 1808 nobis
917 1768 1013 1822 per
1038 1768 1253 1808 onmem
1284 1753 1470 1808 boram
1501 1752 1554 1806 in
1580 1767 1677 1807 suo
1709 1768 1824 1807 ma-

246 1848 388 1916 ligno
422 1843 653 1899 consilio
680 1853 734 1900 et
764 1844 1143 1914 persecutione
1173 1857 1333 1911 quam
1362 1840 1592 1913 plurima
1619 1848 1676 1893 et
1704 1855 1820 1894 ma-

247 1938 360 1991 titia
404 1937 524 2003 s'ua,
556 1950 762 1990 necnon
811 1943 864 1988 et
912 1934 1192 2003 spiritibus
1225 1932 1433 1987 erroris
1471 1933 1583 1986 sive
1617 1932 1826 2005 cogita-

249 2031 490 2087 tionibus
540 2028 902 2098 blasphemis,
937 2027 1340 2083 infidelitatibus
1374 2026 1577 2085 nostris
1610 2042 1828 2102 qnoque

251 2138 372 2193 quoe
397 2123 734 2182 seminantur
765 2121 836 2175 ab
872 2119 1004 2190 ipsis
1046 2120 1096 2173 in
1135 2119 1406 2185 cordibus,
1449 2134 1514 2176 ac
1549 2119 1830 2175 doloribus

253 2215 457 2279 intuitiS,
486 2230 605 2284 quae
635 2214 879 2284 irrogant
910 2212 1065 2267 nobis
1095 2226 1190 2281 per
1216 2226 1431 2266 omnem
1468 2212 1688 2276 hornum
1713 2209 1833 2264 ani-

250 2307 322 2359 mi
354 2306 514 2361 etiam
545 2301 958 2367 ‹lel'ectiotiibuS,
991 2299 1046 2355 in
1079 2301 1273 2370 quibus
1301 2314 1396 2367 per
1436 2298 1645 2372 singula
1680 2299 1828 2356 labe·

249 2400 432 2455 ficere
458 2398 699 2456 animum
730 2411 837 2449 non
889 2394 1190 2461 desistunt;
1229 2393 1282 2447 in
1319 2383 1590 2446 universis
1617 2405 1832 2461 quoqne

251 2492 549 2547 iracundiis
569 2489 682 2544 suis
707 2498 761 2542 et
785 2484 1295 2547 obtrectationibus,
1336 2496 1473 2553 quas
1502 2482 1703 2537 docent
1733 2495 1833 2535 nos

251 2587 472 2648 labere,
501 2591 557 2637 et
608 2582 873 2634 adversus
908 2577 1226 2630 alterutrum
1252 2590 1272 2641 3
1299 2585 1352 2628 et
1391 2581 1449 2627 ut
1473 2571 1843 2644 iustificemus,

252 2675 615 2742 nos-metipsos
639 2672 692 2725 in
739 2671 807 2724 iis
829 2683 948 2739 quae
971 2666 1223 2727 facimus,
1251 2674 1304 2719 et
1328 2663 1834 2720 condemnationem

255 2784 372 2832 qum
412 2762 713 2817 seminatur
740 2761 808 2814 ab
841 2758 976 2827 ipsis
1005 2757 1059 2811 in
1103 2754 1377 2810 mentibus
1422 2754 1644 2815 nostris,
1672 2752 1838 2807 etiam

257 2875 380 2913 cnm
437 2855 748 2912 exsistimus
798 2850 1128 2921 singularem
1184 2863 1419 2917 cumque
1472 2846 1681 2902 faciunt
1738 2861 1843 2902 nos

261 2953 565 3021 proximum
589 2947 858 3018 judicare,
891 2957 989 2999 nec
1023 2952 1204 3006 tamen
1238 2942 1356 3012 ipso
1383 2950 1630 2996 exstante
1656 2938 1840 2994 nobis-

1918 482 2045 536 bere
2070 480 2350 537 vobiscum
2384 477 2724 549 adimet-ium
2775 474 2935 546 ejus,
2990 472 3297 541 doec-atque
3321 486 3400 527 m
3420 491 3449 529 et

1916 574 2207 645 finitionem
2239 571 2350 637 sni,
2380 571 2472 641 qui
2498 585 2562 627 se
2589 568 2738 624 bene
2768 566 2976 621 inaltet.

1991 667 2075 721 vt.
2105 664 2245 720 Vere
2288 664 2488 718 etenim
2543 661 2667 717 diro
2719 658 2920 722 vobis,
2976 653 3100 709 nati
3135 653 3268 721 mei,
3297 655 3448 725 quin

1920 757 2061 814 istud
2099 758 2149 812 in
2187 772 2293 826 quo
2342 771 2529 811 sumus
2579 752 3015 815 inhabitantes,
3083 747 3143 802 in
3205 747 3449 815 perditioni

1922 850 2076 905 nobis
2105 848 2343 913 exsistit,
2370 858 2430 903 et
2465 846 2660 900 domus
2693 854 2790 899 est
2823 843 3009 913 plena
3039 839 3232 896 bellis.
3257 838 3448 914 Proceri

1923 940 2095 1003 lilioli,
2126 942 2246 994 dico
2284 939 2436 993 vobis
2463 936 2612 1008 quod
2661 935 2862 991 omnis
2923 935 3109 989 bomo
3140 930 3449 988 illeetnsinn

1923 1032 2222 1103 luptatibns
2248 1033 2381 1097 suis,
2424 1039 2476 1086 et
2508 1036 2829 1101 prostratus
2881 1042 2919 1081 a
2956 1024 3449 1095 cogitationibus»

1924 1120 2080 1191 priis,
2109 1120 2530 1190 complexusque
2557 1133 2586 1172 a
2617 1116 2905 1187 maligno,
2941 1114 3264 1170 seminavit
3286 1113 3446 1171 isoek:

1923 1210 2015 1282 qui
2046 1212 2349 1281 congaudet
2373 1210 2474 1275 eis,
2502 1218 2557 1263 et
2588 1208 2791 1277 recipit
2817 1221 3010 1263 sensu
3039 1206 3224 1260 veluti
3255 1221 3430 1275 ιιιιμσ·

1926 1300 2172 1355 sistentia
2204 1307 2566 1363 sacramenta,
2597 1298 2653 1352 in
2688 1311 2760 1352 eo
2785 1297 2959 1365 quod
2997 1297 3127 1364 agit
3150 1292 3429 1363 §tutificat-

1926 1392 2232 1461 metipsum.
2293 1388 2609 1459 uniusmodi
2681 1388 2888 1444 antimo
2956 1387 3267 1443 coexsistit
3306 1386 3445 1454 Ιιῌ

1927 1482 2228 1553 spiritibus,
2272 1480 2607 1537 consiliatrix
2659 1480 2717 1536 in
2770 1479 3008 1534 malum
3049 1497 3068 1534 .·.
3104 1493 3302 1549 corpus
3335 1492 3449 1548 ςιιῃ

1928 1572 2087 1635 illius,
2117 1571 2359 1628 custodia
2388 1579 2471 1626 est
2497 1570 2932 1626 horrendorum
2962 1585 3100 1640 quae
3125 1569 3349 1625 occultat
3365 1569 3449 1623 in

1929 1662 2176 1732 metipso.
2223 1658 2594 1715 Praevalebunt
2654 1668 2857 1725 autem
2926 1661 3219 1715 adversus
3243 1658 3449 1728 bei-nst

1928 1752 2184 1820 qnoniam
2211 1766 2315 1807 non
2348 1749 2591 1805 traduxit
2628 1762 2731 1805 eos
2769 1763 2998 1804 coram
3029 1750 3308 1806 omnibus.
3330 1750 3449 1804 Δι-

1929 1845 2057 1914 quid
2097 1854 2153 1900 et
2188 1843 2289 1913 ipsi
2321 1842 2545 1900 nescitis
2572 1843 2722 1913 quod
2769 1858 2902 1897 non
2952 1841 3282 1914 hujusmodi
3311 1852 3449 1911 catu

1930 1939 2183 2001 habeant,
2215 1953 2352 2007 quas
2377 1952 2476 1992 nos
2500 1945 2940 2007 cognoscentes
2976 1937 3185 2007 procul
3213 1936 3449 2007 ‹tuhtotq'n

1931 2030 2086 2086 inus?
2118 2029 2384 2086 Caeternm
2415 2039 2469 2084 et
2496 2029 2541 2084 si
2572 2028 2919 2100 quaesieris,
2951 2044 3075 2084 non
3112 2029 3449 2099 inveniam

1932 2131 2045 2176 tum
2071 2135 2256 2175 eorum
2285 2133 2382 2197 nec
2406 2119 2758 2189 iniquitatem
2788 2118 3203 2188 corporaliter
3217 2119 3449 2173 muitum

1931 2214 2137 2282 Corpus
2168 2212 2311 2266 cuim
2356 2219 2438 2267 est
2469 2212 2671 2265 animae
2707 2210 3024 2281 recipiens
3064 2213 3449 2283 malignitate-t»

1935 2320 2052 2359 rum
2082 2322 2096 2358 :
2128 2319 2287 2373 qnam
2317 2318 2439 2358 cnm
2465 2301 2816 2371 susceperit,
2853 2312 3007 2359 tunc
3039 2305 3092 2359 si
3123 2304 3449 2372 veludunu-

1938 2395 2231 2464 tulopnnit
2265 2408 2362 2464 per
2397 2408 2593 2463 corpus
2641 2393 2808 2450 istud
2854 2395 2920 2449 in
2969 2410 3096 2465 quo
3149 2392 3445 2451 summini-

1937 2486 2131 2547 tanteS.
2182 2482 2337 2543 Nunc
2389 2485 2588 2553 itaque,
2650 2482 2854 2548 tilioli,
2918 2501 3041 2541 uon
3097 2485 3430 2542 demuseilm

1937 2580 2123 2641 ullum,
2154 2577 2396 2646 alioquin
2433 2576 2710 2632 nobismet
2748 2575 2868 2632 nei
2919 2579 3420 2637 excitabimusind

1939 2672 2012 2725 illi
2041 2669 2440 2740 permiscentur
2470 2667 2524 2721 in
2551 2667 2829 2724 domibus
2862 2671 3101 2742 npstris
3125 2672 3433 2729 irridentem

1940 2758 2198 2835 quopiam
2228 2763 2332 2822 boc
2362 2768 2628 2815 noverunt
2657 2764 2823 2830 qnod
2875 2764 3228 2833 perditionis
3248 2769 3446 2819 atum.

1940 2870 2059 2924 quae
2084 2866 2262 2908 tamen
2293 2860 2346 2906 et
2380 2851 2491 2921 ipsa
2544 2850 2609 2904 de
2663 2852 2960 2919 proximo
3018 2856 3278 2919 consistit,
3313 2851 3449 2908 sinuit!

1943 2945 2049 2999 vita
2078 2943 2144 2997 de
2174 2955 2358 3014 prope.
2388 2940 2518 3008 Quis
2544 2938 2694 2999 enim
2731 2956 3026 3014 unquam
3067 2945 3220 3003 υειιιιι
3258 2940 3449 3011 aspexit·

258 3060 285 3093 ι
293 3057 425 3096 unit
456 3034 965 3118 praesttntptioiiibits
992 3031 1256 3102 siquidem
1281 3044 1414 3100 quas
1441 3030 1692 3103 ingerunt
1716 3043 1837 3086 cor·
1863 3069 1910 3127 c
1947 3039 2129 3094 videns
2154 3038 2513 3108 congauderet
2533 3037 2579 3092 ei
2604 3035 2676 3092 de
2701 3052 2774 3094 re
2802 3049 2992 3099 tauta
3038 3044 3164 3115 apud
3184 3040 3448 3107 semetipsa·

264 3133 426 3186 nibus
467 3128 689 3193 nostris,
720 3126 774 3180 in
805 3124 1056 3194 superbia
1093 3121 1211 3177 duri
1245 3121 1426 3177 cordis
1453 3131 1752 3188 exstantes,
1784 3131 1840 3176 et

264 3226 500 3279 invicem
529 3229 875 3293 spernentes,
910 3215 1327 3281 amaritudinem
1366 3215 1668 3284 habentes·
1692 3213 1836 3268 omni

262 3318 400 3371 liora
423 3313 787 3384 vituperantes
814 3308 1163 3377 alterutrum„
1206 3314 1262 3365 et
1308 3321 1414 3362 nou
1445 3305 1838 3375 nosmetipsos;

261 3386 558 3481 opinantes*
579 3405 816 3468 laborem
845 3414 1087 3458 nostrum
1111 3416 1174 3457 ex
1203 3400 1418 3469 propria
1454 3407 1707 3455 constare
1736 3396 1839 3452 vir-

264 3511 400 3568 tute,
424 3499 632 3570 judices
665 3497 997 3554 exsistentes
1034 3491 1472 3555 manifestorum,
1496 3499 1668 3545 totum
1700 3490 1840 3543 intra

263 3594 479 3648 domum
516 3598 756 3651 nostram
804 3589 1121 3650 immutante
1158 3586 1408 3649 latrone;
1452 3591 1506 3638 et
1551 3582 1602 3635 in
1646 3578 1845 3651 jurgiis

266 3695 430 3754 atque
463 3681 827 3739 siinultatibus
865 3679 1234 3745 adversusque
1268 3673 1590 3735 alterutrum
1637 3670 1846 3725 affecti·

266 3777 390 3839 bus,
424 3776 594 3830 donec
621 3787 926 3827 sermonem
961 3769 1236 3839 proprium
1277 3774 1528 3821 constare
1556 3763 1848 3831 faciamus,

268 3877 329 3920 ut
354 3880 642 3934 pareamus
670 3865 722 3917 in
752 3871 1042 3931 conspectu
1086 3869 1273 3914 nostro
1295 3854 1606 3937 justificati,
1638 3854 1847 3908 animo-

270 3959 484 4012 sitatem
538 3954 693 4011 nobis
742 3955 1050 4022 praebentes
1078 3965 1144 4004 ac
1197 3949 1454 4011 facientes
1502 3946 1698 4001 studia
1728 3960 1847 4012 qua:

274 4057 450 4100 tamen
483 4044 813 4115 impossibile
848 4052 930 4098 est
975 4043 1136 4113 geri:
1171 4039 1549 4107 intenq›esnve
1582 4038 1725 4095 enim
1768 4035 1849 4089 sa·

271 4139 474 4195 cientes
500 4154 600 4195 nos
627 4137 841 4199 resolvi,
877 4138 946 4190 ob
982 4136 1033 4189 id
1067 4135 1213 4203 quod
1237 4147 1426 4190 snmus
1455 4145 1522 4185 ex
1559 4129 1677 4194 illo,
1706 4131 1846 4200 qnod

272 4230 617 4284 eiiiolnnienti
650 4238 735 4283 est
765 4226 965 4282 nobis?
1001 4224 1229 4293 Propter
1259 4237 1381 4301 qnae
1425 4221 1604 4285 ridere
1635 4237 1732 4276 nos
1767 4220 1847 4273 l’a-

274 4326 423 4376 riunt
471 4331 710 4390 tempore
756 4316 933 4381 fletus,
964 4328 1015 4372 ει
1052 4317 1180 4370 flere
1215 4316 1266 4368 in
1304 4324 1543 4384 tempore
1578 4312 1721 4371 risus
1754 4330 1767 4365 :
1795 4322 1849 4365 et

1942 3146 2010 3187 ne
2046 3131 2187 3186 torte
2223 3129 2505 3198 aufugeret
2542 3142 2695 3193 eum,
2740 3131 2860 3186 sed
2920 3143 2994 3188 nt
3046 3133 3336 3204 adjudicaret
3366 3130 3449 3182 etin

1941 3224 2085 3277 velut
2120 3222 2385 3280 habitanti
2427 3221 2479 3276 in
2530 3220 2633 3276 hoc
2666 3223 2949 3290 pondere
2992 3227 3186 3283 tanto?
3208 3219 3448 3293 autqnisali·

1941 3315 2161 3385 qnando
2189 3312 2399 3383 aspexit
2432 3310 2715 3367 diabolum
2752 3328 3207 3390 oppugnantem
3229 3325 3449 3382 noeum-

1944 3402 2215 3460 bibentem
2258 3399 2516 3458 beneficia
2568 3399 2844 3471 adipisci,
2906 3404 3441 3467 adversante-nasci

1943 3504 2173 3550 stantem
2219 3494 2273 3548 in
2306 3492 2423 3548 loco
2462 3492 2741 3561 corporali
2773 3509 3052 3567 secreto,
3086 3510 3144 3554 ut
3177 3489 3434 3571 pras-bsh·

1945 3598 2099 3656 geret
2129 3588 2197 3642 ab
2227 3586 2377 3657 ipso?
2415 3585 2520 3642 Sed
2557 3585 2634 3640 illi
2690 3589 2946 3656 quidem
2988 3593 3247 3647 habitant
3266 3582 3441 3643 incerto.

1948 3694 2046 3735 nos
2070 3691 2244 3734 autent
2274 3677 2615 3748 propalamus
2647 3693 2754 3734 eos
2783 3696 2896 3749 per
2931 3685 3133 3740 studia
3164 3683 3358 3739 meliora-

2019 3772 2128 3826 Vll.
2164 3770 2427 3836 Quoniam
2457 3770 2625 3840 igitur
2663 3784 2736 3825 ex
2776 3789 2900 3830 uno
2935 3774 3219 3833 Creatore
3237 3773 3415 3830 sunt!³¹5

1947 3866 2239 3921 secundum
2268 3861 2572 3919 sensualem
2598 3867 2969 3923 exstantiam
3000 3884 3220 3932 eorum,
3246 3869 3294 3922 in
3313 3854 3403 3929 flat

1949 3972 2077 4013 vero
2108 3972 2202 4013 eos
2228 3972 2257 4011 a
2276 3956 2406 4019 Deo,
2425 3964 2480 4010 et
2508 3954 2676 4008 multa
2703 3955 3047 4018 diversitas
3069 3963 3230 4018 estin
3258 3948 3425 4014 ἰιιὶιῶ

1948 4052 2016 4106 ob
2035 4050 2273 4105 diversas
2288 4046 2630 4116 operationes
2645 4047 2951 4118 ipsorum,
2972 4053 3190 4109 idcireo
3205 4037 3436 4107 auten-fl

1951 4143 2064 4204 boec
2089 4140 2300 4196 nomina
2324 4139 2528 4209 adjecta
2550 4146 2679 4194 sunt
2699 4138 2866 4209 istis,
2889 4157 3144 4215 propter
3163 4137 3443 4203 ιιιιίιι-ιῑιιὲφι

1951 4248 2137 4288 eorum
2177 4231 2545 4300 operationem
2576 4246 2591 4282 z
2623 4228 2758 4284 ideo
2789 4242 2853 4287 et
2895 4251 3067 4293 nuuc
3097 4233 3445 4309 quidamiffflffl

1953 4334 2218 4384 vocantur
2248 4321 2587 4389 archangeli,
2614 4321 2707 4376 alii
2742 4326 2958 4394 sedes»,
2994 4341 3059 4385 et
3091 4319 3449 4386 ‘tonitrunm-2¹

277 4424 335 4468 nt
387 4410 557 4466 semel
602 4421 764 4485 atque
817 4408 1134 4477 simpliciter
1184 4405 1437 4471 dixerim,
1491 4415 1853 4474 transponunt
1886 4401 1939 4460 D.
1957 4424 2272 4486 potestates,
2290 4425 2345 4468 οι
2367 4412 2668 4471 cherubim,
2694 4411 2840 4471 naec
2872 4431 3094 4477 amem
3121 4424 3195 4477 eis
3220 4410 3449 4473 mmimffffl

277 4519 491 4573 setnper
525 4518 556 4556 e
592 4513 738 4558 recta
788 4502 869 4555 via
906 4501 959 4556 in
995 4499 1115 4555 aliis
1169 4513 1328 4567 quant
1371 4495 1615 4574 plurimis
1643 4495 1847 4551 errori-

281 4599 402 4656 bus,
433 4610 526 4662 per
570 4593 748 4647 omnia
785 4606 883 4646 nos
917 4590 1059 4660 ipsos
1088 4590 1303 4645 sibimet
1345 4590 1395 4633 i·-
1432 4586 1664 4644 famulos
1698 4590 1852 4642 rede·

281 4696 495 4755 ;.ernnt,
544 4700 771 4753 quornm
809 4693 1019 4752 ternpus
1055 4698 1157 4736 non
1204 4688 1285 4733 est
1331 4682 1382 4735 in
1421 4679 1849 4753 propatulotieri

283 4775 462 4832 niodo.
502 4777 635 4833 (inm
670 4790 800 4829 vero
844 4774 928 4827 liis.
967 4770 1219 4825 omnibns
1252 4758 1429 4831 corda‘
1461 4780 1644 4825 nostra
1680 4767 1851 4843 reple-

282 4873 477 4932 verint,
537 4879 590 4924 et
630 4867 880 4925 inebriati
935 4863 1196 4929 fuerimus
1242 4863 1389 4923 illis:
1441 4873 1566 4916 tune
1612 4861 1854 4930 indulget

287 4967 446 5028 Dens,
481 4961 717 5031 qnandiu
765 4961 903 5030 gerit
948 4959 1149 5012 unditia
1189 4968 1410 5023 nostra;
1453 4973 1518 5012 ac
1545 4957 1611 5012 de
1648 4956 1854 5033 reliquo

284 5056 648 5112 visitationem
684 5052 868 5107 ‘nostri
924 5050 1128 5106 faciens
1183 5049 1505 5113 resolutione
1547 5047 1851 5123 gravissimi
1898 5044 1904 5050 '

284 5145 528 5215 corporis
594 5142 753 5208 liujus
805 5141 1231 5211 relinquentibus
1258 5140 1408 5204 illud,
1452 5150 1575 5191 tunc
1623 5137 1854 5207 titaligna

284 5250 449 5305 opera
472 5250 590 5303 quae
612 5233 934 5303 gerebamus
959 5233 1118 5296 male,
1139 5233 1338 5286 revelat
1369 5231 1525 5285 nobis
1554 5231 1606 5284 in
1631 5247 1855 5299 corpore

214 5367 221 5374 .
287 5339 458 5394 poenae
489 5325 736 5396 exposito
776 5325 917 5394 quod
952 5324 1119 5379 induti
1151 5324 1412 5378 fuerimus
1457 5338 1552 5392 per
1584 5323 1863 5395 indulgen·

289 5419 420 5471 tiatn
450 5418 758 5474 Conditoris
792 5438 804 5472 :
844 5430 968 5473 tunc
994 5419 1159 5472 etiam
1193 5417 1326 5495 [iant
1362 5418 1644 5473 inanissima
1675 5427 1862 5474 nostra

287 5511 472 5582 pejoru
506 5510 824 5575 prioribvs⁸.
855 5510 1080 5580 Propter
1111 5516 1248 5579 quod
1302 5511 1462 5565 nolite
1503 5510 1668 5581 asfltgj
1703 5513 1860 5565 obsc-

363 5690 538 5750 mue.
570 5703 649 5756 ιιι,
680 5689 769 5746 26.

1960 4493 2296 4574 addita‚'pro
2321 4520 2386 4559 eo
2421 4505 2564 4574 qnod
2592 4501 2943 4564 Conditor-is
2976 4515 3188 4585 proprii
3210 4500 3442 4564 moisvffl

1960 4598 2304 4657 voluntatem.
2337 4594 2468 4653 [tem
2512 4595 2581 4649 ob
2625 4595 2860 4658 crimen
2912 4595 3437 4661 atim-numum*

1959 4689 2258 4746 cessarium
2291 4685 2391 4741 l'nit
2433 4685 2697 4744 nominari
2748 4690 2943 4750 etiam
3001 4673 3449 4763 istogmtermi't·

1960 4795 2095 4850 guas
2121 4777 2531 4833 adinventiones
2560 4775 2844 4846 ipsorum.
2896 4786 3200 4847 ‹liat-olma
3221 4778 3449 4836 esium

1965 4872 2136 4928 Porro
2156 4869 2245 4924 alii
2274 4870 2562 4938 nuncupati
2604 4878 2736 4922 sunt
2772 4875 3098 4936 daemones
3129 4876 3448 4948 spiritusqucm

1963 4963 2112 5031 ligni,
2145 4963 2307 5017 etiam
2337 4962 2543 5028 mundi,
2576 4959 2738 5021 ssatus
2767 4971 3033 5034 erroris,
3085 4973 3334 5042 principes
3357 4970 3449 5028 φῦ(

1963 5054 2142 5119 saecnli
2181 5054 2357 5123 lntJ'nS,
2408 5053 2636 5121 aliaeque
2663 5057 3018 5126 complures
3049 5064 3106 5118 in
3134 5064 3215 5118 eis
3236 5053 3449 5114 ads-ersi&

1963 5146 2252 5202 exsistunt.
2283 5143 2518 5198 Rursum
2559 5159 2691 5198 vero
2744 5156 2811 5211 ει,
2851 5153 2970 5220 qui
3009 5143 3449 5213 obvias-enimin}

1963 5237 2286 5306 gravissimo
2316 5251 2540 5305 corpore
2573 5235 2676 5290 isto
2720 5238 2777 5289 in
2811 5255 2938 5308 quo
2964 5255 3029 5298 et
3059 5258 3256 5299 sumus
3285 5234 3447 5293 inhabit

1966 5338 2074 5395 tes,
2110 5340 2166 5383 et
2214 5328 2310 5396 ipsi
2351 5329 2514 5383 etiam
2551 5331 2858 5399 nuncupati
2921 5346 3066 5395 sunt
3108 5334 3321 5404 qnidam
3349 5320 3449 5397 paui

1965 5422 2104 5486 clim,
2131 5421 2220 5475 alii
2245 5433 2373 5473 vero
2398 5417 2671 5488 prophetae
2692 5429 2755 5475 et
2791 5436 2969 5490 reges
2995 5439 3066 5479 ac
3087 5423 3397 5480 sacerdotes-
3423 5431 3448 5463 θ

1969 5513 2097 5568 milli
2131 5511 2344 5581 judices
2371 5521 2425 5566 et
2454 5508 2710 5581 apostoli,
2744 5523 2926 5583 atque
2956 5518 3059 5575 alii
3092 5516 3245 5572 nuntii
3271 5509 3403 5568 electi
3426 5521 3448 5554 ι·
