3725 6125
255 306 399 364 1087

890 418 1200 489 Responsio,

327 508 794 577 Quemadmodum
857 509 996 579 ignis
1030 508 1309 566 facultates
1360 510 1519 567 habet
1549 511 1698 577 duas,
1741 510 1823 566 al-

255 613 427 657 teram
484 600 711 656 calidam
763 600 1193 667 comburentem,
1247 601 1514 657 lucentem
1547 601 1826 658 laetitlcan-

254 700 364 745 tvm
393 689 658 756 alteram;
705 690 778 744 ita
831 690 1238 759 perseverantia
1282 691 1336 744 in
1375 690 1509 746 cella
1534 692 1673 747 duas
1723 692 1823 747 ba·

256 781 343 834 bet
367 777 728 846 difficultates,
786 793 1014 848 quarum
1077 793 1181 834 una
1247 781 1394 850 angit
1420 790 1474 834 et
1501 790 1661 835 vexat
1689 782 1825 837 tiro·-

255 886 351 926 nes
382 871 433 925 in
467 870 674 940 quiete,
701 870 869 924 nimio
907 878 1125 939 torpore
1164 878 1219 925 et
1262 871 1559 925 certamine
1596 888 1611 925 z
1656 872 1825 926 altera

254 977 381 1018 vero
410 961 620 1031 perficit
648 971 703 1016 et
733 961 992 1027 laetiticat,
1033 958 1316 1030 redditque
1371 961 1698 1031 tranquillos
1732 964 1827 1031 qui

256 1051 479 1122 perfecti
541 1062 668 1106 sunt
720 1051 773 1105 in
831 1052 1067 1121 puritate
1113 1051 1314 1116 cordis,
1346 1060 1401 1106 et
1454 1052 1825 1122 praetergressi

253 1152 379 1198 sunt
407 1144 708 1212 passiones,
742 1153 906 1213 atque
937 1143 1004 1196 ad
1059 1142 1303 1197 lucentes
1362 1143 1594 1198 visiones
1634 1159 1827 1212 perre-

252 1243 468 1289 nerunt.
507 1234 637 1302 Ejus
668 1243 846 1289 autem
881 1233 1026 1305 quod
1056 1234 1121 1289 de
1176 1232 1350 1287 tribus
1381 1234 1564 1303 pueris
1611 1236 1700 1304 qui
1732 1234 1826 1290 Fi-

253 1329 381 1382 lium
411 1326 503 1382 Dei
536 1327 877 1390 invenerunt,
914 1324 1071 1389 dixit,
1117 1323 1232 1379 baec
1271 1333 1357 1377 est
1402 1324 1541 1379 ratio
1575 1341 1588 1377 ε
1629 1324 1831 1392 Quem-

251 1417 541 1473 admodum
559 1416 824 1483 Ananias,
842 1416 1068 1471 Azarias
1091 1425 1145 1470 et
1166 1415 1369 1479 Misael,
1401 1432 1521 1471 cum
1554 1416 1831 1491 Babylone

253 1507 444 1578 injecti
465 1516 651 1562 essent
681 1506 733 1561 in
753 1507 1025 1561 caminum
1051 1506 1215 1576 ignis.
1239 1515 1292 1558 et
1316 1520 1423 1560 non
1452 1515 1579 1562 sunt
1605 1512 1827 1566 cremati

254 1612 357 1653 nec
396 1596 686 1662 combusti,
717 1597 811 1653 sed
867 1595 1089 1667 angelus
1129 1596 1332 1650 missus
1371 1606 1475 1662 cst,
1513 1599 1606 1667 qui
1639 1614 1827 1655 eorum

1364 304 1639 361 PATRES
1676 302 1974 362 AEGYPTH
2015 299 2286 360 SAECULI
2323 295 2403 359 Π.

1857 424 1906 483 Α
1936 434 2056 474 mur
2088 418 2169 485 ”3
2202 428 2255 473 et
2285 418 2328 472 si
2369 403 2784 482 sustinebimus,
2817 413 3211 486 regnabimus
3231 428 3356 470 cum
3379 417 3459 473 ilio
3473 422 3527 477 ¹¹⁸.

3412 299 3532 357 totta

1928 508 2066 564 lliuc
2093 507 2281 564 beatus
2307 506 2507 563 Paulus
2518 507 2780 562 bortatur
2802 520 2923 561 nos
2947 505 3156 561 diceus
3178 524 3197 560 ι
3215 506 3527 579 Aspiciam»,

1929 599 2144 668 fratres,
2172 613 2378 653 erucem
2429 595 2642 652 Domini
2694 596 2886 650 nostri
2916 593 2997 650 ¹⁹.
3030 593 3184 650 iiiuc
3208 596 3350 661 vide,
3383 616 3530 670 quaa·

1926 702 2045 747 tum
2080 688 2305 759 pertulit
2335 702 2434 758 pro
2489 685 2928 758 peccatoribus,
2989 688 3096 758 qui
3128 687 3410 744 animabus
3443 692 3532 748 suis

1930 782 2236 837 adversarii
2260 789 2387 836 sunt
2423 780 2579 835 facti.
2614 776 2810 846 Quare
2843 793 2928 834 ne
2962 792 3076 834 vos
3111 778 3323 849 pigeat,
3345 785 3530 839 acessi-

1928 889 2030 928 moe
2058 871 2429 928 dissolvantur
2468 880 2670 926 vestras
2703 871 2775 925 ob
2813 870 3188 941 patientiam
3211 909 3230 935 ‚
3254 873 3521 942 augmina,

1929 961 2185 1030 injurias,
2233 961 2519 1030 opprobria
2575 972 2633 1015 et
2665 971 2960 1025 mortem,
3025 975 3173 1030 quae
3225 960 3340 1028 eius
3361 977 3517 1035 propter

1930 1067 2175 1107 amorem
2205 1051 2572 1123 perferuntur.
2630 1050 2873 1106 Veniam
2929 1051 3336 1121 deprecamini
3353 1054 3394 1108 ἰ
3413 1071 3500 1109 ors·

1940 1143 2182 1198 tionibus
2201 1144 2395 1197 vestris
2411 1158 2510 1212 pro
2539 1142 3040 1211 persequentibus
3069 1157 3213 1205 vos»,
3237 1146 3479 1211 qanta-o-

1931 1235 2058 1290 dum
2089 1230 2484 1301 deprecabatur
2511 1231 2788 1286 Dominus
2825 1247 2938 1301 pro
2997 1232 3469 1304 crucifige-utibi-

1932 1339 2061 1380 cens
2084 1340 2102 1377 ι
2131 1322 2318 1391 Pater,
2347 1324 2552 1378 dimitte
2580 1322 2689 1378 illis
2721 1323 2802 1378 ⁸⁸.
2843 1323 3076 1379 Beatus
3119 1324 3262 1378 item
3281 1323 3476 1395 stepi-

1932 1416 2144 1470 reniam
2179 1430 2210 1468 a
2269 1414 2496 1470 Domiuu
2557 1425 2760 1470 nostro
2825 1415 3113 1484 petebat,
3181 1425 3340 1489 atque
3371 1418 3491 1472 σιὼ.

1931 1519 2032 1575 pro
2063 1502 2430 1573 lapidantibus
2462 1503 2687 1560 diceus:
2723 1503 3021 1572 Domine,
3083 1522 3156 1560 ne
3179 1509 3497 1577 computet&

1933 1594 2029 1647 Ιιοι
2061 1603 2331 1662 peccatum
2355 1591 2424 1646 ⁸¹.
2466 1590 2523 1647 Si
2550 1603 2742 1648 autern
2779 1594 2913 1649 baec
2949 1604 3018 1649 et
3041 1593 3495 1667 similiainterqsit·

252 1690 416 1745 solvit
447 1690 656 1744 vincula
688 1700 745 1745 et
787 1689 1033 1744 liberavit
1080 1691 1150 1747 ab
1198 1691 1318 1762 igne
1364 1692 1545 1763 (quem
1580 1693 1829 1760 angelum
1938 1693 2043 1738 tem
2075 1684 2364 1738 meditatus
2397 1682 2562 1739 fuerit
2591 1685 2966 1740 monachus
2952 1701 3020 1740 tu
3061 1699 3169 1740 sua
3211 1685 3361 1756 cella,
3377 1702 3497 1744 ωιπ-

251 1777 681 1834 vocavitFilium
723 1778 817 1832 Dei
848 1776 1404 1851 Nabucltodonosor):
1442 1781 1515 1837 lta
1565 1780 1830 1840 fratribus
1863 1761 1905 1817 Β
1937 1774 2246 1841 b⁰f²b¹1⁰f
2267 1784 2324 1830 et
2347 1775 2559 1829 1ἓ1111131ῑ8
2607 1774 2662 1829 in
2709 1773 2980 1830 Domum
3047 1776 3497 1850 dominabiturps·

255 1869 524 1924 tironibus
562 1869 616 1922 in
642 1868 933 1924 solitudine
959 1870 1279 1940 degentibus
1313 1870 1543 1929 difficilis
1566 1883 1650 1929 est
1677 1875 1832 1931 initio

254 1976 430 2031 pugna
464 1961 774 2031 passionum
819 1977 939 2032 quae
966 1962 1045 2018 eis
1087 1978 1117 2017 a
1161 1964 1388 2020 diabolis
1442 1965 1710 2032 infertur;
1740 1983 1833 2023 ve-

254 2068 375 2105 rum
402 2052 624 2105 minime
657 2065 749 2106 eos
787 2052 991 2107 deserit
1034 2054 1224 2124 gratiae
1263 2055 1475 2109 Domini
1502 2059 1675 2113 nostri
1707 2057 1831 2114 Filii

255 2142 353 2197 Dei
390 2143 668 2208 auxilium,
696 2142 793 2198 sed
823 2142 959 2199 clam
985 2145 1104 2201 illos
1128 2146 1334 2211 invisit,
1356 2149 1654 2218 opitulatur
1671 2159 1834 2222 atque

255 2234 462 2291 liabitat
487 2249 607 2289 cum
638 2235 768 2305 ipsis
797 2237 1098 2291 secundum
1161 2238 1571 2307 dispositionem
1606 2244 1831 2298 ordina-

256 2325 587 2392 tionemque,
639 2324 980 2394 passionibus
1026 2324 1300 2394 superatis
1362 2334 1418 2379 et
1478 2326 1739 2394 diabolis,
1776 2337 1833 2383 et

252 2411 418 2467 eflicit
466 2423 523 2467 ut
555 2415 782 2483 gratiam
810 2424 1125 2470 mereantur
1164 2412 1417 2485 perfectae
1464 2416 1748 2473 ebat-itatis
1780 2427 1838 2476 et

258 2505 444 2575 gloriae
473 2521 584 2560 sum
613 2507 816 2560 lumen.

850 2597 1232 2668 Interroqatio.

323 2686 463 2752 Quid
492 2695 572 2740 cst
605 2687 656 2740 id
695 2687 836 2756 quod
866 2689 943 2742 ait
971 2689 1140 2745 abbas
1168 2691 1477 2750 Antonius:
1505 2694 1627 2748 Non
1649 2702 1726 2748 est
1749 2709 1833 2748 re-

254 2776 586 2829 tribuendum
614 2776 810 2829 malum
848 2794 942 2845 pro
974 2781 1110 2833 malo
1128 2790 1217 2845 ,·et
1249 2784 1294 2836 si
1320 2785 1389 2836 ad
1425 2783 1559 2837 hunt
1611 2785 1834 2854 pradum

257 2866 432 2919 adhuc
459 2882 560 2920 non
611 2870 900 2935 pervenerit
954 2874 1266 2936 monachus,
1292 2884 1457 2928 servet
1484 2876 1750 2929 silentium
1785 2885 1835 2930 et

255 2958 525 3028 quietem!
564 2958 844 3027 Quomodo
874 2962 1039 3019 bomo
1061 2979 1125 3020 ex
1154 2968 1337 3034 quiete
1362 2967 1430 3022 ad
1463 2968 1567 3023 hoc
1594 2969 1838 3039 pervenit

254 3051 516 3122 gaudum!

894 3142 1206 3212 Responsio.

326 3231 524 3287 Frater
549 3231 817 3297 infirmuS,
851 3241 1014 3305 atque
1047 3234 1226 3305 lingua
1280 3237 1581 3309 injuriosus
1625 3240 1685 3296 in
1716 3241 1828 3297 fra-

256 3333 397 3378 trem
425 3336 607 3388 suum,
662 3331 719 3377 et
767 3322 948 3378 odium
985 3338 1114 3397 erga
1164 3324 1313 3382 illum
1345 3328 1511 3384 corde
1538 3328 1747 3399 fovens,
1781 3333 1827 3389 si

252 3430 375 3471 sese
398 3414 453 3470 in
481 3413 616 3470 cella
640 3415 996 3483 continuerit,
1026 3429 1081 3472 et
1105 3419 1430 3476 abstinuerit
1453 3421 1521 3477 ab
1552 3423 1826 3481 bominum

252 3505 802 3572 confabulationibus,
833 3516 890 3563 et
925 3509 1097 3566 malas
1148 3512 1419 3567 sedaverit
1449 3515 1825 3585 cogitationes,

257 3611 326 3653 ae
365 3599 704 3654 orationibus
741 3599 946 3670 jugiter
993 3609 1045 3655 et
1102 3616 1382 3657 sacrarum
1423 3602 1827 3673 scripturarum

252 3687 473 3744 lectioni
503 3693 785 3745 navaret-it
820 3707 1064 3761 operam,
1099 3708 1130 3748 a
1176 3696 1349 3763 gratia
1388 3695 1653 3750 invisetur
1675 3708 1825 3753 tran·

258 3777 566 3847 quillitatis,
607 3781 1003 3838 illuminabitur
1037 3800 1132 3839 cor
1156 3785 1319 3853 illius,
1365 3795 1420 3840 et
1456 3785 1652 3856 spiritu
1690 3787 1828 3844 liber

251 3870 344 3925 liet
383 3873 750 3943 gaudebitque
808 3876 862 3929 in
915 3875 1042 3931 Deo.
1073 3876 1285 3933 Etenim
1332 3878 1492 3934 hoino
1542 3878 1822 3948 ejusmodi,

252 3971 539 4031 conspecta
580 3979 743 4019 cruce
769 3965 1003 4029 Domini,
1040 3967 1155 4034 ejus
1195 3968 1508 4023 accenditur
1537 3984 1741 4035 amore,
1771 3979 1826 4027 et

251 4053 490 4109 osculata
518 4071 678 4112 cruce
699 4096 713 4121 ,
741 4060 1084 4115 meditabitur
1147 4063 1287 4118 illam
1331 4062 1698 4130 Scripturam:
1735 4061 1822 4116 Ita

250 4143 432 4198 dilexit
464 4145 599 4200 Deus
635 4151 905 4214 mundum,
956 4160 1010 4204 ut
1072 4150 1268 4206 Filium
1320 4167 1472 4204 suum
1502 4154 1824 4223 uniqenitum

250 4235 530 4288 tradiderit
554 4238 710 4289 morti
759 4250 969 4306 propter
1009 4240 1159 4292 illum
1201 4240 1269 4292 ²⁸.
1304 4239 1403 4293 llic
1435 4241 1676 4308 profecto
1702 4259 1823 4312 erqo

248 4342 343 4379 nos
369 4343 524 4381 suum
583 4330 809 4382 ostendit
859 4328 997 4383 Deus
1047 4331 1453 4399 amorem;qttia
1496 4348 1616 4386 cunt
1639 4349 1822 4400 pecca·

249 4430 386 4469 tores
409 4432 659 4481 essemus,
684 4416 924 4472 Christus
950 4435 1044 4488 pro
1076 4423 1224 4472 uobis
1272 4434 1507 4475 mortuus
1554 4435 1626 4476 est
1653 4424 1718 4477 ¹⁸.
1759 4425 1818 4479 Si
1852 4422 1896 4476 D

247 4519 379 4573 ergo
401 4520 504 4557 non
530 4508 784 4573 perpercit
815 4505 959 4560 Filio
990 4524 1085 4561 suo
1107 4507 1266 4575 Deus,
1295 4514 1385 4564 sed
1418 4512 1641 4566 tradidit
1669 4513 1816 4568 illum

245 4607 343 4660 pro
372 4593 518 4646 nobis
547 4595 724 4660 morti,
780 4605 831 4650 et
870 4597 1086 4666 quidem
1144 4600 1289 4669 turpi
1317 4601 1388 4654 illi
1437 4603 1597 4656 morti
1619 4605 1814 4670 crucia,

248 4682 509 4751 quomodo
533 4688 708 4738 omnia
741 4685 891 4740 nobis
942 4704 1058 4740 cum
1092 4688 1186 4742 illo
1235 4705 1334 4744 non
1365 4693 1604 4747 concedet
1625 4694 1693 4759 ¹⁸,
1723 4703 1818 4749 aut

192 4787 199 4795 ·
246 4775 542 4846 quidquam
568 4777 796 4833 aliorum
827 4780 1114 4849 denegabit
1151 4782 1337 4837 nobis?
1376 4784 1604 4842 Dilectio
1632 4799 1812 4846 autem

246 4864 452 4922 Christi
481 4868 706 4940 ejusque
729 4870 969 4928 ebaritas
1014 4888 1114 4928 nos
1144 4874 1374 4944 impulit,
1412 4886 1469 4931 ut
1490 4880 1816 4949 cogitemuS,

246 4958 390 5028 quod
422 4974 520 5014 nos
544 4961 735 5016 deceat
761 4964 980 5018 minime
1024 4966 1206 5019 vivere
1263 4965 1550 5023 desideriis
1592 4974 1813 5039 nostris,

245 5052 340 5106 sed
375 5049 447 5103 illi
479 5053 568 5120 qui
603 5068 699 5121 pro
753 5053 908 5108 nobis
976 5065 1221 5108 mortuus
1254 5064 1337 5109 est
1389 5057 1435 5087 ²⁸
1482 5071 1499 5111 ε
1539 5067 1594 5113 et
1633 5058 1815 5114 lesum

244 5140 596 5209 aspiciamus,
621 5141 712 5212 qui
744 5144 1016 5211 patientia:
1042 5144 1199 5199 nobis
1230 5144 1439 5199 initium
1459 5154 1514 5199 et
1541 5149 1820 5218 exemplar

247 5232 422 5287 factus
453 5243 555 5299 est,
602 5249 668 5289 ac
721 5246 949 5289 mortem
1014 5250 1110 5306 pro
1148 5236 1304 5293 nobis
1337 5238 1589 5294 sustinuit
1614 5243 1813 5307 crue-is,

244 5323 519 5376 infamiam
549 5340 761 5396 passus»,
812 5340 876 5381 ae
909 5326 1120 5382 demum
1153 5329 1295 5384 sedit
1328 5331 1395 5386 ad
1425 5330 1673 5386 dextram
1717 5334 1810 5389 Dei

243 5412 298 5468 iu
328 5415 578 5470 excelsis.
614 5416 780 5487 igitur
800 5418 846 5473 si
896 5422 1311 5490 compatiemur,
1367 5423 1808 5495 conglorificabi-

312 5640 548 5698 ”Joain
577 5660 658 5702 m.
698 5644 782 5702 16.
859 5648 902 5680 ¹⁸
947 5649 1101 5703 Boin.
1145 5664 1197 5711 v,
1219 5649 1270 5704 8
1349 5650 1392 5680 ¹⁸
1435 5648 1590 5702 Rom.
1629 5663 1750 5716 uu,
1779 5647 1869 5703 5⁹2.
1946 5648 1991 5678 ¹⁸
2006 5645 2045 5701 ll
2085 5647 2208 5699 (2.or
2252 5661 2306 5712 v,
2344 5645 2430 5711 11,
2464 5643 2548 5698 15.
2624 5645 2670 5678 ⁸'
2707 5645 2882 5705 Rom.
2918 5666 3054 5721 v‚tu
3099 5656 3192 5715 17.

1934 1866 2223 1930 sionibus;
2249 1874 2307 1921 et
2329 1879 2434 1921 non
2468 1865 2646 1921 solum
2679 1867 3004 1924 neminem
3064 1868 3270 1938 injuria
3319 1869 3497 1936 tamna,

1934 1966 2027 2011 aut
2046 1971 2280 2026 cuipiam
2306 1957 2713 2027 indignabitur,
2776 1957 2872 2013 vel
2923 1958 3154 2032 maium
3199 1976 3298 2032 pro
3317 1961 3496 2018 ntalere·

1937 2047 2170 2114 tribuet;
2204 2047 2300 2103 sed
2335 2061 2661 2117 magnopere
2689 2049 3020 2120 gaudebit,
3059 2062 3122 2106 et
3155 2051 3494 2108 bonorislisbe·

1932 2139 2013 2193 bit
2038 2138 2177 2203 loco.
2233 2153 2291 2195 se
2340 2138 2653 2209 opprobriis
2704 2149 2767 2195 et
2810 2140 3080 2212 injuriis
3129 2142 3490 2201 :metutam

1935 2232 2191 2283 virtutem
2218 2244 2394 2301 usque
2437 2229 2687 2300 pervenit
2721 2232 3080 2289 monachus
3133 2234 3195 2291 iu
3227 2235 3487 2292 cellasnad

1933 2322 2197 2392 quietem,
2230 2320 2546 2391 patientiam
2573 2329 2631 2376 et
2663 2320 3178 2393 adimpletionem
3217 2328 3480 2384 observantia

1933 2420 2329 2481 praeceptorum
2360 2409 2585 2476 Christi,
2637 2424 2768 2480 quae
2813 2424 2976 2469 sunt
3015 2413 3307 2484 ieiunium,
3346 2419 3466 2480 statis,

1935 2501 2216 2556 meditatio
2250 2511 2306 2555 et
2335 2501 2556 2570 reliquae
2587 2503 2838 2558 virtutes
2929 2518 3082 2562 uaea
3116 2509 3450 2578 quietem*-

1936 2601 2042 2646 tur.
2092 2590 2304 2661 Optime
2357 2592 2522 2662 igitur
2576 2591 2718 2646 dixit
2786 2591 3018 2653 beatus
3079 2597 3442 2655 abbam:

1936 2682 2000 2739 Si
2026 2682 2311 2737 monachus
2345 2683 2607 2737 continere
2632 2699 2743 2738 uon
2793 2696 3002 2753 potest
3069 2687 3454 2762 linque-unu

1936 2772 2175 2845 injuriis,
2209 2774 2625 2828 murmuratione
2665 2783 2841 2843 atque
2887 2779 3064 2848 qula,
3109 2798 3272 2852 neque
3298 2777 3473 2836 amau

1936 2883 2029 2922 cor
2061 2868 2329 2921 continere
2354 2866 2524 2931 valet,·
2554 2865 2746 2920 saltem
2782 2881 3098 2933 quamnim
3125 2874 3251 2943 potis
3270 2881 3353 2938 est,
3371 2868 3480 2942 qnid

1936 2956 2140 3011 studeat
2170 2965 2220 3012 et
2248 2956 2474 3011 silentio.

2530 3047 2953 3120 Interroqatio.

2004 3139 2238 3197 Profecti
2269 3149 2399 3196 sunt
2421 3141 2615 3195 fratres
2644 3141 2904 3210 quidam
2953 3144 3264 3219 aliquando
3287 3150 3344 3203 ad
3363 3145 3481 3200 abba·

1930 3239 2042 3289 teut
2068 3233 2385 3298 Antonium,
2420 3243 2473 3288 et
2510 3234 2776 3291 dixerunt
2843 3239 2942 3295 itti
2978 3256 2997 3295 ε
3035 3241 3132 3298 Da
3186 3243 3320 3298 notis
3353 3255 3487 3311 prece·

1929 3332 2073 3393 ptum
2105 3324 2341 3395 aliquod,
2373 3335 2432 3378 ut
2462 3341 2730 3380 servemus
2767 3328 2964 3389 illud.
2996 3334 3114 3403 Qui
3138 3340 3218 3390 ait
3239 3336 3335 3392 illis
3356 3349 3369 3387 :
3390 3332 3487 3389 sm·-

1932 3426 2080 3483 ptum
2113 3425 2198 3472 est
2247 3417 2303 3471 in
2337 3415 2632 3487 Evangelio
2665 3432 2682 3472 ε
2714 3412 2781 3474 Si
2805 3426 2954 3492 quis
2983 3437 3042 3483 te
3071 3428 3484 3500 ρετεκαιτίιεηῠ

1933 3519 2094 3559 unam
2128 3506 2420 3574 maxillam,
2449 3516 2584 3561 uerte
2609 3506 2695 3560 itta·
2749 3513 3016 3570 alteram
3040 3518 3118 3574 ⁸².
3152 3516 3253 3587 Qui
3279 3516 3473 3588 resposis·

1932 3605 2058 3652 runt
2106 3598 2201 3653 ei:
2238 3598 2353 3653 Hoc
2398 3614 2733 3670 nequaquam
2792 3602 3006 3673 [acere
3051 3628 3350 3680 possumus.
3387 3607 3461 3662 Ῐϋ

1928 3691 2005 3743 ait
2036 3689 2142 3751 iltis
2179 3705 2341 3746 senex
2377 3707 2391 3745 τ
2428 3689 2492 3748 Si
2516 3707 2619 3745 non
2650 3698 2903 3761 potestis
2948 3705 3445 3764 tenetentum-‚ff

1929 3783 2087 3834 tinete
2123 3783 2370 3850 primam.
2402 3780 2660 3837 Dixerunt
2710 3785 2764 3838 ei
2841 3806 2859 3842 ε
2901 3791 3117 3865 Neque
3151 3794 3252 3850 twe-
3300 3798 3422 3865 ρον

1929 3872 2124 3941 [acere.
2161 3872 2368 3940 Quibus
2402 3875 2477 3929 ait
2507 3892 2521 3928 :
2558 3872 2620 3929 St'
2653 3891 2842 3947 neque
2881 3883 2995 3938 ltoc
3055 3887 3223 3942 aliud
3252 3875 3423 3955 paesi*

1929 3980 2063 4031 cere,
2096 3966 2281 4020 saltem
2325 3983 2388 4020 ne
2431 3968 2848 4038 repercutiatis,
2896 3980 3004 4045 qui
3058 3995 3160 4035 vos
3193 3980 3441 4050 perenna*

1926 4058 2026 4124 Qui
2054 4058 2304 4112 dixerunt
2330 4074 2345 4114 =
2372 4055 2554 4129 Neque
2583 4059 2685 4113 ftot:
2713 4078 3044 4131 possumus
3077 4071 3274 4142 [acere.
3299 4070 3392 4126 ‘rm
3405 4075 3446 4110 11·

1926 4150 2193 4206 nerabilis
2232 4165 2398 4205 senex
2427 4150 2701 4220 discipulo
2744 4171 2869 4213 suo
2949 4164 3040 4217 ait
3070 4181 3088 4217 z
3125 4165 3264 4218 Para
3301 4156 3447 4231 [turia

1924 4239 2040 4293 istis
2079 4240 2183 4293 eibi
2228 4239 2447 4310 aliquid,
2475 4240 2600 4311 quia
2628 4254 2956 4311 oeqrotam.
2991 4252 3152 4321 Quid
3199 4253 3296 4309 ltaet:
3322 4251 3449 4304 dudi!

1925 4335 2095 4389 sancti
2126 4332 2301 4387 Patris
2331 4334 2636 4387 sententia?

2556 4423 2900 4494 Responsio.

1998 4515 2129 4572 Cibo
2166 4516 2255 4572 bic
2283 4517 2502 4572 denotat
2530 4531 2696 4587 opera
2723 4518 3034 4600 fratrum,
3057 4546 3121 4593 et
3145 4534 3434 4600 mimum·

1927 4609 2099 4662 tiones
2134 4621 2198 4662 ae
2226 4622 2439 4678 preces,
2476 4607 2728 4677 idemque
2760 4626 2862 4673 est
2902 4635 2981 4679 ae
3022 4616 3424 4685 stauarum-e·

1923 4714 2028 4770 qne
2060 4700 2196 4765 haec,
2221 4713 2398 4770 neque
2428 4699 2516 4754 illa
2556 4698 2747 4757 facere
2795 4699 3439 4786 potestis,·ruinuwbu

1927 4807 2064 4863 opus
2110 4803 2212 4849 est.
2259 4792 2392 4848 Nam
2428 4796 2919 4864 quemadmodum
2979 4812 3188 4884 aegrou
3219 4808 3315 4866 ὢο
3340 4803 3466 4871 egui

1924 4881 2179 4952 peculiari
2206 4882 2332 4937 dum
2364 4891 2653 4952 aegrotant,
2685 4877 2767 4941 ‘ob
2807 4889 3228 4958 infirmitatem
3257 4886 3478 4954 mauu.

1924 4974 2014 5044 qui
2068 4987 2422 5044 quoscunque
2475 4972 2626 5028 cibos
2679 4989 2932 5039 sumere
2987 5004 3113 5045 non
3141 5000 3224 5047 eet
3245 4977 3482 5057 aptastiu

1922 5065 2076 5120 vobis
2110 5066 2305 5135 quibus
2335 5063 2588 5133 cogitatio
2631 5073 2752 5121 tam
2789 5070 3046 5134 infirma
3079 5092 3190 5150 est,
3217 5089 3271 5135 ut
3291 5088 3375 5133 nee
3393 5082 3481 5141 par·
3562 5070 3564 5085 '

1924 5162 2031 5209 tem
2091 5154 2308 5225 quidem
2360 5163 2766 5224 praeceptorum
2821 5161 3069 5223 Domini
3119 5169 3284 5225 nostri
3323 5168 3486 5220 servm

1926 5246 2148 5300 valeatis
2173 5289 2189 5314 ,
2236 5246 2467 5300 sanitate
2502 5252 2560 5299 et
2602 5250 2915 5309 curatione
2973 5260 3295 5314 animarum
3336 5262 3487 5308 restra·

1923 5351 2041 5390 rum
2068 5350 2203 5408 opus
2230 5347 2333 5403 est,
2372 5348 2565 5405 nempe
2597 5337 2970 5402 orationibus
3023 5347 3255 5405 Patrum
3286 5346 3369 5419 qai
3390 5344 3487 5398 hae

1920 5428 2073 5485 vobis
2103 5428 2394 5498 impetrent
2429 5426 2705 5496 precibus.

3269 5648 3499 5710 “unm

224 5726 289 5785 tt,
334 5714 412 5784 te,
457 5715 693 5777 ”llebr.
720 5718 878 5789 xit&
958 5718 1000 5751 ⁸⁰
1033 5718 1167 5776 Luc-z
1197 5717 1468 5787 xantum.
1542 5716 1583 5748 ’¹
1619 5688 1750 5772 ..μα
1773 5733 1871 5787 vu
1895 5717 1983 5774 59.
2062 5714 2310 5771 ’'Mattb.
2342 5731 2390 5781 v,
2434 5715 2539 5787 ³⁹3
2565 5711 2698 5772 Luc.
2740 5718 2951 5784 vnio.
