<?xml version="1.0" encoding="UTF-8"?>
<!DOCTYPE html PUBLIC "-//W3C//DTD XHTML 1.0 Transitional//EN"
    "http://www.w3.org/TR/xhtml1/DTD/xhtml1-transitional.dtd">
<html xmlns="http://www.w3.org/1999/xhtml" xml:lang="en" lang="en">
 <head>
  <title>
</title>
<meta http-equiv="Content-Type" content="text/html;charset=utf-8" />
  <meta name='ocr-system' content='tesseract 3.04.00' />
  <meta name='ocr-capabilities' content='ocr_page ocr_carea ocr_par ocr_line ocrx_word'/>
</head>
<body>
  <div class='ocr_page' id='page_1' title='image "./patrologicursus103migngoog_0286.png"; bbox 0 0 3725 6125; ppageno 0'>
   <div class='ocr_carea' id='block_1_1' title="bbox 339 358 443 414">
    <p class='ocr_par' dir='ltr' id='par_1_1' title="bbox 339 358 443 414">
     <span class='ocr_line' id='line_1_1' title="bbox 339 358 443 414; baseline -0.01 0"><span class='ocrx_word' id='word_1_1' title='bbox 339 358 443 414; x_wconf 67' lang='lat'>459</span> 
     </span>
    </p>
   </div>
   <div class='ocr_carea' id='block_1_2' title="bbox 1599 344 2317 403">
    <p class='ocr_par' dir='ltr' id='par_1_2' title="bbox 1599 344 2317 403">
     <span class='ocr_line' id='line_1_2' title="bbox 1599 344 2317 403; baseline -0.003 -3"><span class='ocrx_word' id='word_1_2' title='bbox 1599 348 1654 400; x_wconf 90' lang='lat' dir='ltr'>S.</span> <span class='ocrx_word' id='word_1_3' title='bbox 1699 348 1737 399; x_wconf 73' lang='lat' dir='ltr'>A</span> <span class='ocrx_word' id='word_1_4' title='bbox 1747 346 1974 403; x_wconf 78' lang='lat' dir='ltr'>s&#39;t’Entt</span> <span class='ocrx_word' id='word_1_5' title='bbox 2015 344 2317 400; x_wconf 75' lang='lat' dir='ltr'><strong>AMASEM</strong></span> 
     </span>
    </p>
   </div>
   <div class='ocr_carea' id='block_1_3' title="bbox 3480 350 3579 405">
    <p class='ocr_par' dir='ltr' id='par_1_3' title="bbox 3480 350 3579 405">
     <span class='ocr_line' id='line_1_3' title="bbox 3480 350 3579 405; baseline 0 0"><span class='ocrx_word' id='word_1_6' title='bbox 3480 350 3579 405; x_wconf 68' lang='grc'>660</span> 
     </span>
    </p>
   </div>
   <div class='ocr_carea' id='block_1_4' title="bbox 339 460 3580 544">
    <p class='ocr_par' dir='ltr' id='par_1_4' title="bbox 339 460 3580 544">
     <span class='ocr_line' id='line_1_4' title="bbox 339 460 3580 544; baseline -0.002 -20"><span class='ocrx_word' id='word_1_7' title='bbox 339 491 460 527; x_wconf 85' lang='lat' dir='ltr'>cum</span> <span class='ocrx_word' id='word_1_8' title='bbox 492 484 718 544; x_wconf 83' lang='lat' dir='ltr'>tyranno</span> <span class='ocrx_word' id='word_1_9' title='bbox 773 472 1028 524; x_wconf 81' lang='lat' dir='ltr'>adversus</span> <span class='ocrx_word' id='word_1_10' title='bbox 1071 482 1155 522; x_wconf 89' lang='lat' dir='ltr'>ntc</span> <span class='ocrx_word' id='word_1_11' title='bbox 1212 465 1528 519; x_wconf 71' lang='lat' dir='ltr'>struantur?</span> <span class='ocrx_word' id='word_1_12' title='bbox 1578 464 1904 528; x_wconf 72' lang='lat' dir='ltr'>Convertere,</span> <span class='ocrx_word' id='word_1_13' title='bbox 1937 472 1978 525; x_wconf 73' lang='grc' dir='ltr'>Α</span> <span class='ocrx_word' id='word_1_14' title='bbox 2013 465 2139 516; x_wconf 79' lang='grc' dir='ltr'>πότε</span> <span class='ocrx_word' id='word_1_15' title='bbox 2166 463 2273 514; x_wconf 71' lang='grc' dir='ltr'>ἀπὸ</span> <span class='ocrx_word' id='word_1_16' title='bbox 2289 460 2383 513; x_wconf 79' lang='grc' dir='ltr'>τοῦ</span> <span class='ocrx_word' id='word_1_17' title='bbox 2422 461 2703 529; x_wconf 74' lang='grc' dir='ltr'>Ἀχιτόφελ</span> <span class='ocrx_word' id='word_1_18' title='bbox 2734 463 2832 514; x_wconf 84' lang='grc' dir='ltr'>οὐκ</span> <span class='ocrx_word' id='word_1_19' title='bbox 2870 462 3141 525; x_wconf 55' lang='lat' dir='ltr'>&amp;zoin-2133</span> <span class='ocrx_word' id='word_1_20' title='bbox 3180 460 3325 523; x_wconf 64' lang='grc' dir='ltr'>Ἐως</span> <span class='ocrx_word' id='word_1_21' title='bbox 3356 464 3482 517; x_wconf 83' lang='grc' dir='ltr'>πότε</span> <span class='ocrx_word' id='word_1_22' title='bbox 3518 469 3580 521; x_wconf 73' lang='grc' dir='ltr'>τὰ</span> 
     </span>
    </p>
   </div>
   <div class='ocr_carea' id='block_1_5' title="bbox 340 554 1899 888">
    <p class='ocr_par' dir='ltr' id='par_1_5' title="bbox 340 554 1899 888">
     <span class='ocr_line' id='line_1_5' title="bbox 343 554 1899 629; baseline -0.006 -12"><span class='ocrx_word' id='word_1_23' title='bbox 343 563 579 623; x_wconf 79' lang='lat' dir='ltr'>Domine,</span> <span class='ocrx_word' id='word_1_24' title='bbox 608 563 745 629; x_wconf 83' lang='lat' dir='ltr'>eripe</span> <span class='ocrx_word' id='word_1_25' title='bbox 767 559 991 612; x_wconf 70' lang='lat' dir='ltr'>citimam</span> <span class='ocrx_word' id='word_1_26' title='bbox 1025 572 1187 610; x_wconf 82' lang='lat' dir='ltr'>meam</span> <span class='ocrx_word' id='word_1_27' title='bbox 1216 570 1231 607; x_wconf 91' lang='lat'>.·</span> <span class='ocrx_word' id='word_1_28' title='bbox 1261 554 1462 609; x_wconf 76' lang='lat' dir='ltr'>saluum</span> <span class='ocrx_word' id='word_1_29' title='bbox 1485 569 1564 608; x_wconf 83' lang='lat' dir='ltr'>me</span> <span class='ocrx_word' id='word_1_30' title='bbox 1582 554 1668 621; x_wconf 78' lang='lat' dir='ltr'>[ac</span> <span class='ocrx_word' id='word_1_31' title='bbox 1690 566 1899 622; x_wconf 84' lang='lat' dir='ltr'>propter</span> 
     </span>
     <span class='ocr_line' id='line_1_6' title="bbox 340 645 1899 716; baseline -0.005 -9"><span class='ocrx_word' id='word_1_32' title='bbox 340 651 747 707; x_wconf 74' lang='lat' dir='ltr'>misericordiam</span> <span class='ocrx_word' id='word_1_33' title='bbox 796 660 962 702; x_wconf 82' lang='lat' dir='ltr'>tuam.</span> <span class='ocrx_word' id='word_1_34' title='bbox 1008 646 1144 715; x_wconf 81' lang='lat' dir='ltr'>Quia</span> <span class='ocrx_word' id='word_1_35' title='bbox 1181 646 1352 716; x_wconf 90' lang='lat' dir='ltr'>ipsum</span> <span class='ocrx_word' id='word_1_36' title='bbox 1402 645 1899 716; x_wconf 80' lang='lat' dir='ltr'>decetgloria,lio-</span> 
     </span>
     <span class='ocr_line' id='line_1_7' title="bbox 342 735 1899 811; baseline -0.004 -16"><span class='ocrx_word' id='word_1_37' title='bbox 342 758 458 807; x_wconf 91' lang='lat' dir='ltr'>nor,</span> <span class='ocrx_word' id='word_1_38' title='bbox 491 742 770 811; x_wconf 84' lang='lat' dir='ltr'>imperium</span> <span class='ocrx_word' id='word_1_39' title='bbox 795 780 810 805; x_wconf 97' lang='lat'>,</span> <span class='ocrx_word' id='word_1_40' title='bbox 846 753 986 795; x_wconf 90' lang='lat' dir='ltr'>nunc</span> <span class='ocrx_word' id='word_1_41' title='bbox 1021 748 1073 794; x_wconf 91' lang='lat' dir='ltr'>et</span> <span class='ocrx_word' id='word_1_42' title='bbox 1123 752 1219 807; x_wconf 89' lang='lat' dir='ltr'>per</span> <span class='ocrx_word' id='word_1_43' title='bbox 1257 735 1466 791; x_wconf 69' lang='lat' dir='ltr'>infinita</span> <span class='ocrx_word' id='word_1_44' title='bbox 1504 736 1694 790; x_wconf 82' lang='lat' dir='ltr'>saecuia</span> <span class='ocrx_word' id='word_1_45' title='bbox 1726 752 1899 790; x_wconf 65' lang='lat' dir='ltr'>saecu-</span> 
     </span>
     <span class='ocr_line' id='line_1_8' title="bbox 340 835 754 888; baseline -0.005 -2"><span class='ocrx_word' id='word_1_46' title='bbox 340 835 532 888; x_wconf 87' lang='lat' dir='ltr'>lorum.</span> <span class='ocrx_word' id='word_1_47' title='bbox 565 836 754 887; x_wconf 81' lang='lat' dir='ltr'>Amen.</span> 
     </span>
    </p>
   </div>
   <div class='ocr_carea' id='block_1_6' title="bbox 340 1016 1910 3068">
    <p class='ocr_par' dir='ltr' id='par_1_6' title="bbox 858 1016 1372 1176">
     <span class='ocr_line' id='line_1_9' title="bbox 1042 1016 1190 1071; baseline -0.007 0"><span class='ocrx_word' id='word_1_48' title='bbox 1042 1016 1190 1071; x_wconf 63' lang='grc' dir='ltr'>ΧΠ.</span> 
     </span>
     <span class='ocr_line' id='line_1_10' title="bbox 858 1106 1372 1176; baseline 0.002 -17"><span class='ocrx_word' id='word_1_49' title='bbox 858 1106 924 1161; x_wconf 82' lang='lat' dir='ltr'>In</span> <span class='ocrx_word' id='word_1_50' title='bbox 963 1107 1219 1176; x_wconf 69' lang='lat' dir='ltr'>psalmum</span> <span class='ocrx_word' id='word_1_51' title='bbox 1266 1106 1372 1160; x_wconf 74' lang='lat' dir='ltr'>vlt.</span> 
     </span>
    </p>

    <p class='ocr_par' dir='ltr' id='par_1_7' title="bbox 341 1195 1899 1267">
     <span class='ocr_line' id='line_1_11' title="bbox 341 1195 1899 1267; baseline -0.004 -13"><span class='ocrx_word' id='word_1_52' title='bbox 341 1198 560 1256; x_wconf 77' lang='lat' dir='ltr'><strong><em>Domine</em></strong></span> <span class='ocrx_word' id='word_1_53' title='bbox 601 1202 736 1256; x_wconf 78' lang='lat' dir='ltr'>Deus</span> <span class='ocrx_word' id='word_1_54' title='bbox 763 1215 938 1266; x_wconf 74' lang='lat' dir='ltr'>meus,</span> <span class='ocrx_word' id='word_1_55' title='bbox 996 1198 1051 1252; x_wconf 85' lang='lat' dir='ltr'>in</span> <span class='ocrx_word' id='word_1_56' title='bbox 1086 1209 1133 1252; x_wconf 83' lang='lat' dir='ltr'>te</span> <span class='ocrx_word' id='word_1_57' title='bbox 1163 1199 1397 1267; x_wconf 73' lang='lat' dir='ltr'>sperat-i,</span> <span class='ocrx_word' id='word_1_58' title='bbox 1433 1196 1634 1251; x_wconf 72' lang='lat' dir='ltr'>salvum</span> <span class='ocrx_word' id='word_1_59' title='bbox 1676 1211 1755 1248; x_wconf 81' lang='lat' dir='ltr'>me</span> <span class='ocrx_word' id='word_1_60' title='bbox 1795 1195 1899 1263; x_wconf 76' lang='lat' dir='ltr'>[ac.</span> 
     </span>
    </p>

    <p class='ocr_par' dir='ltr' id='par_1_8' title="bbox 340 1286 1910 3068">
     <span class='ocr_line' id='line_1_12' title="bbox 412 1286 1901 1359; baseline -0.005 -14"><span class='ocrx_word' id='word_1_61' title='bbox 412 1291 873 1359; x_wconf 79' lang='lat' dir='ltr'>Quemadmodum</span> <span class='ocrx_word' id='word_1_62' title='bbox 901 1290 991 1359; x_wconf 84' lang='lat' dir='ltr'>qui</span> <span class='ocrx_word' id='word_1_63' title='bbox 1024 1288 1182 1358; x_wconf 79' lang='lat' dir='ltr'>regiae</span> <span class='ocrx_word' id='word_1_64' title='bbox 1217 1286 1467 1357; x_wconf 76' lang='lat' dir='ltr'>imaginis</span> <span class='ocrx_word' id='word_1_65' title='bbox 1491 1293 1764 1355; x_wconf 88' lang='lat' dir='ltr'>spectator</span> <span class='ocrx_word' id='word_1_66' title='bbox 1799 1292 1901 1346; x_wconf 90' lang='lat' dir='ltr'>est,</span> 
     </span>
     <span class='ocr_line' id='line_1_13' title="bbox 344 1373 1905 1451; baseline -0.008 -15"><span class='ocrx_word' id='word_1_67' title='bbox 344 1395 448 1436; x_wconf 89' lang='lat' dir='ltr'>non</span> <span class='ocrx_word' id='word_1_68' title='bbox 482 1380 707 1451; x_wconf 80' lang='lat' dir='ltr'>despicit</span> <span class='ocrx_word' id='word_1_69' title='bbox 733 1378 989 1449; x_wconf 87' lang='lat' dir='ltr'>speciem,</span> <span class='ocrx_word' id='word_1_70' title='bbox 1024 1391 1122 1432; x_wconf 90' lang='lat' dir='ltr'>nec</span> <span class='ocrx_word' id='word_1_71' title='bbox 1160 1375 1586 1443; x_wconf 80' lang='lat' dir='ltr'>inscriptionem,</span> <span class='ocrx_word' id='word_1_72' title='bbox 1617 1373 1712 1429; x_wconf 84' lang='lat' dir='ltr'>sed</span> <span class='ocrx_word' id='word_1_73' title='bbox 1739 1380 1794 1427; x_wconf 89' lang='lat' dir='ltr'>et</span> <span class='ocrx_word' id='word_1_74' title='bbox 1823 1373 1905 1440; x_wconf 89' lang='lat' dir='ltr'>pi-</span> 
     </span>
     <span class='ocr_line' id='line_1_14' title="bbox 343 1462 1905 1538; baseline -0.006 -13"><span class='ocrx_word' id='word_1_75' title='bbox 343 1484 549 1526; x_wconf 84' lang='lat' dir='ltr'>cturam</span> <span class='ocrx_word' id='word_1_76' title='bbox 581 1481 634 1524; x_wconf 90' lang='lat' dir='ltr'>et</span> <span class='ocrx_word' id='word_1_77' title='bbox 668 1468 875 1525; x_wconf 85' lang='lat' dir='ltr'>titulum</span> <span class='ocrx_word' id='word_1_78' title='bbox 908 1474 1129 1538; x_wconf 86' lang='lat' dir='ltr'>aspectu</span> <span class='ocrx_word' id='word_1_79' title='bbox 1170 1466 1549 1537; x_wconf 79' lang='lat' dir='ltr'>amplectitur:</span> <span class='ocrx_word' id='word_1_80' title='bbox 1584 1466 1663 1520; x_wconf 88' lang='lat' dir='ltr'>sic</span> <span class='ocrx_word' id='word_1_81' title='bbox 1694 1462 1783 1533; x_wconf 88' lang='lat' dir='ltr'>qui</span> <span class='ocrx_word' id='word_1_82' title='bbox 1812 1478 1905 1517; x_wconf 80' lang='lat' dir='ltr'>su·</span> 
     </span>
     <span class='ocr_line' id='line_1_15' title="bbox 343 1553 1906 1631; baseline -0.006 -15"><span class='ocrx_word' id='word_1_83' title='bbox 343 1562 785 1631; x_wconf 70' lang='lat' dir='ltr'>perscriptionem</span> <span class='ocrx_word' id='word_1_84' title='bbox 833 1558 1022 1628; x_wconf 80' lang='lat' dir='ltr'>psalmi</span> <span class='ocrx_word' id='word_1_85' title='bbox 1072 1557 1214 1627; x_wconf 80' lang='lat' dir='ltr'>legit,</span> <span class='ocrx_word' id='word_1_86' title='bbox 1248 1570 1490 1625; x_wconf 83' lang='lat' dir='ltr'>quaerere</span> <span class='ocrx_word' id='word_1_87' title='bbox 1529 1555 1686 1609; x_wconf 89' lang='lat' dir='ltr'>debet</span> <span class='ocrx_word' id='word_1_88' title='bbox 1716 1553 1906 1608; x_wconf 86' lang='lat' dir='ltr'>inscri-</span> 
     </span>
     <span class='ocr_line' id='line_1_16' title="bbox 343 1644 1902 1717; baseline -0.003 -16"><span class='ocrx_word' id='word_1_89' title='bbox 343 1649 600 1717; x_wconf 90' lang='lat' dir='ltr'>ptionem,</span> <span class='ocrx_word' id='word_1_90' title='bbox 660 1662 890 1715; x_wconf 91' lang='lat' dir='ltr'>eumque</span> <span class='ocrx_word' id='word_1_91' title='bbox 949 1647 1039 1716; x_wconf 90' lang='lat' dir='ltr'>qui</span> <span class='ocrx_word' id='word_1_92' title='bbox 1084 1646 1338 1716; x_wconf 87' lang='lat' dir='ltr'>scripsit,</span> <span class='ocrx_word' id='word_1_93' title='bbox 1389 1658 1593 1699; x_wconf 84' lang='lat' dir='ltr'>necnon</span> <span class='ocrx_word' id='word_1_94' title='bbox 1641 1658 1763 1698; x_wconf 89' lang='lat' dir='ltr'>eum</span> <span class='ocrx_word' id='word_1_95' title='bbox 1811 1644 1902 1713; x_wconf 82' lang='lat' dir='ltr'>qui</span> 
     </span>
     <span class='ocr_line' id='line_1_17' title="bbox 341 1734 1902 1809; baseline -0.004 -14"><span class='ocrx_word' id='word_1_96' title='bbox 341 1740 576 1809; x_wconf 87' lang='lat' dir='ltr'>scriptus</span> <span class='ocrx_word' id='word_1_97' title='bbox 603 1749 706 1796; x_wconf 90' lang='lat' dir='ltr'>est.</span> <span class='ocrx_word' id='word_1_98' title='bbox 740 1738 917 1807; x_wconf 82' lang='lat' dir='ltr'>Quare</span> <span class='ocrx_word' id='word_1_99' title='bbox 961 1748 1139 1793; x_wconf 89' lang='lat' dir='ltr'>autem</span> <span class='ocrx_word' id='word_1_100' title='bbox 1189 1737 1468 1807; x_wconf 80' lang='lat' dir='ltr'>inscriptio</span> <span class='ocrx_word' id='word_1_101' title='bbox 1493 1736 1516 1789; x_wconf 69' lang='lat' dir='ltr'>i</span> <span class='ocrx_word' id='word_1_102' title='bbox 1544 1734 1741 1791; x_wconf 86' lang='lat' dir='ltr'>Oculus</span> <span class='ocrx_word' id='word_1_103' title='bbox 1761 1735 1902 1790; x_wconf 89' lang='lat' dir='ltr'>euim</span> 
     </span>
     <span class='ocr_line' id='line_1_18' title="bbox 340 1824 1902 1900; baseline -0.004 -15"><span class='ocrx_word' id='word_1_104' title='bbox 340 1837 424 1885; x_wconf 89' lang='lat' dir='ltr'>est</span> <span class='ocrx_word' id='word_1_105' title='bbox 443 1830 924 1900; x_wconf 78' lang='lat' dir='ltr'>interpretationis,</span> <span class='ocrx_word' id='word_1_106' title='bbox 955 1828 1196 1884; x_wconf 76' lang='lat' dir='ltr'>liistoriae</span> <span class='ocrx_word' id='word_1_107' title='bbox 1216 1824 1621 1882; x_wconf 80' lang='lat' dir='ltr'>demonstratio,</span> <span class='ocrx_word' id='word_1_108' title='bbox 1645 1826 1902 1893; x_wconf 82' lang='lat' dir='ltr'>Quaeuam</span> 
     </span>
     <span class='ocr_line' id='line_1_19' title="bbox 344 1914 1906 1993; baseline -0.004 -18"><span class='ocrx_word' id='word_1_109' title='bbox 344 1921 506 1991; x_wconf 73' lang='lat' dir='ltr'>igitur</span> <span class='ocrx_word' id='word_1_110' title='bbox 552 1922 790 1993; x_wconf 85' lang='lat' dir='ltr'>apposita</span> <span class='ocrx_word' id='word_1_111' title='bbox 830 1920 1019 1990; x_wconf 82' lang='lat' dir='ltr'>psalmi</span> <span class='ocrx_word' id='word_1_112' title='bbox 1058 1916 1372 1988; x_wconf 75' lang='lat' dir='ltr'>inscriptio?</span> <span class='ocrx_word' id='word_1_113' title='bbox 1405 1915 1456 1971; x_wconf 79' lang='grc'>1.</span> <span class='ocrx_word' id='word_1_114' title='bbox 1496 1914 1745 1970; x_wconf 74' lang='grc' dir='ltr'>Ρεαίηιιιε</span> <span class='ocrx_word' id='word_1_115' title='bbox 1793 1915 1906 1969; x_wconf 84' lang='lat' dir='ltr'>Du-</span> 
     </span>
     <span class='ocr_line' id='line_1_20' title="bbox 343 2006 1905 2082; baseline -0.003 -17"><span class='ocrx_word' id='word_1_116' title='bbox 343 2013 455 2074; x_wconf 70' lang='lat' dir='ltr'>vid,</span> <span class='ocrx_word' id='word_1_117' title='bbox 496 2029 647 2082; x_wconf 77' lang='lat' dir='ltr'>quem</span> <span class='ocrx_word' id='word_1_118' title='bbox 691 2014 919 2067; x_wconf 69' lang='lat' dir='ltr'>cavalarii</span> <span class='ocrx_word' id='word_1_119' title='bbox 967 2011 1189 2064; x_wconf 82' lang='lat' dir='ltr'>Domino</span> <span class='ocrx_word' id='word_1_120' title='bbox 1235 2026 1329 2076; x_wconf 79' lang='lat' dir='ltr'>pro</span> <span class='ocrx_word' id='word_1_121' title='bbox 1377 2008 1543 2062; x_wconf 73' lang='lat' dir='ltr'>verbis</span> <span class='ocrx_word' id='word_1_122' title='bbox 1598 2006 1760 2062; x_wconf 73' lang='lat' dir='ltr'>Cliusi</span> <span class='ocrx_word' id='word_1_123' title='bbox 1806 2009 1905 2076; x_wconf 79' lang='lat' dir='ltr'>lilii</span> 
     </span>
     <span class='ocr_line' id='line_1_21' title="bbox 346 2099 1908 2168; baseline -0.001 -12"><span class='ocrx_word' id='word_1_124' title='bbox 346 2102 560 2157; x_wconf 63' lang='lat' dir='ltr'>demini.</span> <span class='ocrx_word' id='word_1_125' title='bbox 605 2102 796 2157; x_wconf 81' lang='lat' dir='ltr'>Vidisti</span> <span class='ocrx_word' id='word_1_126' title='bbox 841 2101 992 2165; x_wconf 77' lang='lat' dir='ltr'>milti,</span> <span class='ocrx_word' id='word_1_127' title='bbox 1038 2100 1227 2166; x_wconf 80' lang='lat' dir='ltr'>frater,</span> <span class='ocrx_word' id='word_1_128' title='bbox 1261 2100 1563 2155; x_wconf 81' lang='lat' dir='ltr'>columnam</span> <span class='ocrx_word' id='word_1_129' title='bbox 1601 2099 1908 2168; x_wconf 90' lang='lat' dir='ltr'>inscriptio-</span> 
     </span>
     <span class='ocr_line' id='line_1_22' title="bbox 346 2191 1906 2262; baseline -0.003 -15"><span class='ocrx_word' id='word_1_130' title='bbox 346 2209 490 2258; x_wconf 85' lang='lat' dir='ltr'>nem,</span> <span class='ocrx_word' id='word_1_131' title='bbox 519 2202 572 2249; x_wconf 89' lang='lat' dir='ltr'>ct</span> <span class='ocrx_word' id='word_1_132' title='bbox 601 2195 926 2262; x_wconf 68' lang='lat' dir='ltr'>praeconium</span> <span class='ocrx_word' id='word_1_133' title='bbox 973 2193 1294 2262; x_wconf 84' lang='lat' dir='ltr'>scripturam</span> <span class='ocrx_word' id='word_1_134' title='bbox 1323 2228 1338 2254; x_wconf 87' lang='lat'>,</span> <span class='ocrx_word' id='word_1_135' title='bbox 1367 2200 1421 2245; x_wconf 89' lang='lat' dir='ltr'>et</span> <span class='ocrx_word' id='word_1_136' title='bbox 1455 2191 1773 2259; x_wconf 82' lang='lat' dir='ltr'>scriptorem</span> <span class='ocrx_word' id='word_1_137' title='bbox 1807 2191 1906 2244; x_wconf 83' lang='lat' dir='ltr'>Da-</span> 
     </span>
     <span class='ocr_line' id='line_1_23' title="bbox 345 2281 1908 2353; baseline -0.001 -18"><span class='ocrx_word' id='word_1_138' title='bbox 345 2284 538 2351; x_wconf 80' lang='lat' dir='ltr'>videm,</span> <span class='ocrx_word' id='word_1_139' title='bbox 576 2295 737 2353; x_wconf 82' lang='lat' dir='ltr'>atqne</span> <span class='ocrx_word' id='word_1_140' title='bbox 784 2284 972 2338; x_wconf 89' lang='lat' dir='ltr'>ducem</span> <span class='ocrx_word' id='word_1_141' title='bbox 1025 2282 1296 2338; x_wconf 82' lang='lat' dir='ltr'>exercitus</span> <span class='ocrx_word' id='word_1_142' title='bbox 1343 2284 1603 2350; x_wconf 87' lang='lat' dir='ltr'>scriptum</span> <span class='ocrx_word' id='word_1_143' title='bbox 1679 2281 1908 2336; x_wconf 79' lang='lat' dir='ltr'>fortissi-</span> 
     </span>
     <span class='ocr_line' id='line_1_24' title="bbox 343 2371 1910 2428; baseline -0.002 -2"><span class='ocrx_word' id='word_1_144' title='bbox 343 2390 486 2427; x_wconf 91' lang='lat' dir='ltr'>mum</span> <span class='ocrx_word' id='word_1_145' title='bbox 530 2373 736 2428; x_wconf 83' lang='lat' dir='ltr'>Clutsi?</span> <span class='ocrx_word' id='word_1_146' title='bbox 794 2374 857 2427; x_wconf 82' lang='lat' dir='ltr'>Et</span> <span class='ocrx_word' id='word_1_147' title='bbox 905 2388 1002 2427; x_wconf 92' lang='lat' dir='ltr'>cur</span> <span class='ocrx_word' id='word_1_148' title='bbox 1063 2386 1245 2427; x_wconf 85' lang='lat' dir='ltr'>sermo</span> <span class='ocrx_word' id='word_1_149' title='bbox 1295 2373 1537 2425; x_wconf 86' lang='lat' dir='ltr'>meminit</span> <span class='ocrx_word' id='word_1_150' title='bbox 1587 2371 1765 2426; x_wconf 82' lang='lat' dir='ltr'>illius?</span> <span class='ocrx_word' id='word_1_151' title='bbox 1818 2371 1910 2424; x_wconf 87' lang='lat' dir='ltr'>ttte</span> 
     </span>
     <span class='ocr_line' id='line_1_25' title="bbox 342 2461 1910 2530; baseline -0.003 -10"><span class='ocrx_word' id='word_1_152' title='bbox 342 2465 484 2521; x_wconf 87' lang='lat' dir='ltr'>beati</span> <span class='ocrx_word' id='word_1_153' title='bbox 540 2464 754 2518; x_wconf 85' lang='lat' dir='ltr'>Davidis</span> <span class='ocrx_word' id='word_1_154' title='bbox 803 2464 1071 2517; x_wconf 83' lang='lat' dir='ltr'>sociorum</span> <span class='ocrx_word' id='word_1_155' title='bbox 1125 2463 1374 2530; x_wconf 86' lang='lat' dir='ltr'>princeps</span> <span class='ocrx_word' id='word_1_156' title='bbox 1430 2461 1656 2515; x_wconf 66' lang='lat' dir='ltr'>exstitit.</span> <span class='ocrx_word' id='word_1_157' title='bbox 1714 2462 1910 2515; x_wconf 83' lang='lat' dir='ltr'>Audite</span> 
     </span>
     <span class='ocr_line' id='line_1_26' title="bbox 341 2548 1905 2621; baseline -0.001 -15"><span class='ocrx_word' id='word_1_158' title='bbox 341 2553 485 2606; x_wconf 90' lang='lat' dir='ltr'>euim</span> <span class='ocrx_word' id='word_1_159' title='bbox 515 2563 645 2621; x_wconf 89' lang='lat' dir='ltr'>quot</span> <span class='ocrx_word' id='word_1_160' title='bbox 673 2561 727 2604; x_wconf 89' lang='lat' dir='ltr'>et</span> <span class='ocrx_word' id='word_1_161' title='bbox 767 2560 965 2615; x_wconf 85' lang='lat' dir='ltr'>quanta</span> <span class='ocrx_word' id='word_1_162' title='bbox 1011 2549 1178 2618; x_wconf 81' lang='lat' dir='ltr'>possit</span> <span class='ocrx_word' id='word_1_163' title='bbox 1211 2548 1448 2601; x_wconf 85' lang='lat' dir='ltr'>amicitia</span> <span class='ocrx_word' id='word_1_164' title='bbox 1479 2548 1531 2601; x_wconf 91' lang='lat' dir='ltr'>iu</span> <span class='ocrx_word' id='word_1_165' title='bbox 1568 2549 1905 2604; x_wconf 81' lang='lat' dir='ltr'>necessitate.</span> 
     </span>
     <span class='ocr_line' id='line_1_27' title="bbox 346 2636 1907 2708; baseline -0.001 -15"><span class='ocrx_word' id='word_1_166' title='bbox 346 2639 624 2708; x_wconf 74' lang='lat' dir='ltr'>Siquidem</span> <span class='ocrx_word' id='word_1_167' title='bbox 652 2638 889 2691; x_wconf 86' lang='lat' dir='ltr'>amicitia</span> <span class='ocrx_word' id='word_1_168' title='bbox 913 2637 1078 2691; x_wconf 76' lang='lat' dir='ltr'>Cliusi</span> <span class='ocrx_word' id='word_1_169' title='bbox 1111 2650 1236 2704; x_wconf 79' lang='lat' dir='ltr'>erga</span> <span class='ocrx_word' id='word_1_170' title='bbox 1281 2636 1535 2690; x_wconf 85' lang='lat' dir='ltr'>Davidem</span> <span class='ocrx_word' id='word_1_171' title='bbox 1571 2638 1907 2707; x_wconf 83' lang='lat' dir='ltr'>tyrannidem</span> 
     </span>
     <span class='ocr_line' id='line_1_28' title="bbox 345 2726 1909 2797; baseline -0.001 -16"><span class='ocrx_word' id='word_1_172' title='bbox 345 2728 644 2791; x_wconf 78' lang='lat' dir='ltr'>destruxit3</span> <span class='ocrx_word' id='word_1_173' title='bbox 696 2727 931 2780; x_wconf 83' lang='lat' dir='ltr'>amicitia</span> <span class='ocrx_word' id='word_1_174' title='bbox 958 2735 1242 2796; x_wconf 87' lang='lat' dir='ltr'>tyrannum</span> <span class='ocrx_word' id='word_1_175' title='bbox 1275 2726 1512 2788; x_wconf 81' lang='lat' dir='ltr'>evertit;</span> <span class='ocrx_word' id='word_1_176' title='bbox 1554 2726 1784 2781; x_wconf 88' lang='lat' dir='ltr'>amicitia</span> <span class='ocrx_word' id='word_1_177' title='bbox 1827 2738 1909 2797; x_wconf 83' lang='lat' dir='ltr'>ty-</span> 
     </span>
     <span class='ocr_line' id='line_1_29' title="bbox 345 2815 1908 2886; baseline 0 -15"><span class='ocrx_word' id='word_1_178' title='bbox 345 2815 567 2871; x_wconf 81' lang='lat' dir='ltr'>rannide</span> <span class='ocrx_word' id='word_1_179' title='bbox 597 2831 839 2884; x_wconf 87' lang='lat' dir='ltr'>pressum</span> <span class='ocrx_word' id='word_1_180' title='bbox 887 2817 1116 2868; x_wconf 74' lang='lat' dir='ltr'>antinum</span> <span class='ocrx_word' id='word_1_181' title='bbox 1159 2816 1266 2869; x_wconf 89' lang='lat' dir='ltr'>ulta</span> <span class='ocrx_word' id='word_1_182' title='bbox 1313 2824 1426 2880; x_wconf 79' lang='lat' dir='ltr'>est3</span> <span class='ocrx_word' id='word_1_183' title='bbox 1459 2816 1698 2871; x_wconf 88' lang='lat' dir='ltr'>amicitia</span> <span class='ocrx_word' id='word_1_184' title='bbox 1743 2831 1908 2886; x_wconf 85' lang='lat' dir='ltr'>reguo</span> 
     </span>
     <span class='ocr_line' id='line_1_30' title="bbox 347 2902 1906 2972; baseline -0.001 -13"><span class='ocrx_word' id='word_1_185' title='bbox 347 2906 540 2961; x_wconf 75' lang='lat' dir='ltr'>fortior</span> <span class='ocrx_word' id='word_1_186' title='bbox 582 2904 703 2958; x_wconf 86' lang='lat' dir='ltr'>luit.</span> <span class='ocrx_word' id='word_1_187' title='bbox 737 2904 890 2970; x_wconf 83' lang='lat' dir='ltr'>Quod</span> <span class='ocrx_word' id='word_1_188' title='bbox 937 2904 1078 2957; x_wconf 89' lang='lat' dir='ltr'>enim</span> <span class='ocrx_word' id='word_1_189' title='bbox 1118 2918 1340 2972; x_wconf 86' lang='lat' dir='ltr'>regnum</span> <span class='ocrx_word' id='word_1_190' title='bbox 1395 2902 1578 2958; x_wconf 88' lang='lat' dir='ltr'>Davidi</span> <span class='ocrx_word' id='word_1_191' title='bbox 1626 2920 1729 2959; x_wconf 92' lang='lat' dir='ltr'>non</span> <span class='ocrx_word' id='word_1_192' title='bbox 1761 2904 1906 2971; x_wconf 82' lang='lat' dir='ltr'>fecit,</span> 
     </span>
     <span class='ocr_line' id='line_1_31' title="bbox 347 2994 1909 3068; baseline -0.001 -16"><span class='ocrx_word' id='word_1_193' title='bbox 347 2999 449 3052; x_wconf 81' lang='lat' dir='ltr'>hoc</span> <span class='ocrx_word' id='word_1_194' title='bbox 477 2998 680 3068; x_wconf 80' lang='lat' dir='ltr'>peregit</span> <span class='ocrx_word' id='word_1_195' title='bbox 711 2996 871 3049; x_wconf 89' lang='lat' dir='ltr'>Clmsi</span> <span class='ocrx_word' id='word_1_196' title='bbox 907 2995 1140 3048; x_wconf 88' lang='lat' dir='ltr'>amicitia</span> <span class='ocrx_word' id='word_1_197' title='bbox 1186 2994 1249 3049; x_wconf 80' lang='lat'>¹⁹.</span> <span class='ocrx_word' id='word_1_198' title='bbox 1303 2994 1560 3067; x_wconf 83' lang='lat' dir='ltr'>Princeps</span> <span class='ocrx_word' id='word_1_199' title='bbox 1609 3004 1786 3051; x_wconf 89' lang='lat' dir='ltr'>autem</span> <span class='ocrx_word' id='word_1_200' title='bbox 1820 3012 1909 3051; x_wconf 90' lang='lat' dir='ltr'>so·</span> 
     </span>
    </p>
   </div>
   <div class='ocr_carea' id='block_1_7' title="bbox 1998 549 3578 1174">
    <p class='ocr_par' dir='ltr' id='par_1_9' title="bbox 1998 549 3578 1174">
     <span class='ocr_line' id='line_1_32' title="bbox 2001 549 3578 625; baseline -0.003 -16"><span class='ocrx_word' id='word_1_201' title='bbox 2001 557 2089 609; x_wconf 79' lang='grc' dir='ltr'>ὐπ’</span> <span class='ocrx_word' id='word_1_202' title='bbox 2123 556 2220 624; x_wconf 80' lang='grc' dir='ltr'>ἐμὲ</span> <span class='ocrx_word' id='word_1_203' title='bbox 2263 550 2600 623; x_wconf 78' lang='grc' dir='ltr'>στρατόπεδα</span> <span class='ocrx_word' id='word_1_204' title='bbox 2635 550 2775 621; x_wconf 67' lang='grc' dir='ltr'>μετὰ</span> <span class='ocrx_word' id='word_1_205' title='bbox 2814 551 2905 604; x_wconf 83' lang='grc' dir='ltr'>τοῦ</span> <span class='ocrx_word' id='word_1_206' title='bbox 2956 549 3222 621; x_wconf 87' lang='grc' dir='ltr'>τυράννου</span> <span class='ocrx_word' id='word_1_207' title='bbox 3269 552 3391 605; x_wconf 69' lang='grc' dir='ltr'>κατ’</span> <span class='ocrx_word' id='word_1_208' title='bbox 3442 555 3578 625; x_wconf 75' lang='grc' dir='ltr'>ἐμοῦ</span> 
     </span>
     <span class='ocr_line' id='line_1_33' title="bbox 1998 644 3576 716; baseline -0.003 -13"><span class='ocrx_word' id='word_1_209' title='bbox 1998 649 2346 714; x_wconf 76' lang='grc' dir='ltr'>ὁπλίζονται;</span> <span class='ocrx_word' id='word_1_210' title='bbox 2393 646 2806 713; x_wconf 69' lang='grc' dir='ltr'>Ἐπίστρεψον,</span> <span class='ocrx_word' id='word_1_211' title='bbox 2835 646 3030 712; x_wconf 75' lang='grc' dir='ltr'>Κύριε,</span> <span class='ocrx_word' id='word_1_212' title='bbox 3064 644 3253 711; x_wconf 79' lang='grc' dir='ltr'>ῥῦσαι</span> <span class='ocrx_word' id='word_1_213' title='bbox 3296 644 3414 714; x_wconf 79' lang='grc' dir='ltr'>τὴν</span> <span class='ocrx_word' id='word_1_214' title='bbox 3459 650 3576 716; x_wconf 60' lang='grc' dir='ltr'>ψυ-</span> 
     </span>
     <span class='ocr_line' id='line_1_34' title="bbox 2001 735 3577 809; baseline 0 -16"><span class='ocrx_word' id='word_1_215' title='bbox 2001 740 2121 809; x_wconf 74' lang='grc' dir='ltr'>χήν</span> <span class='ocrx_word' id='word_1_216' title='bbox 2136 754 2276 808; x_wconf 86' lang='grc' dir='ltr'>μου·</span> <span class='ocrx_word' id='word_1_217' title='bbox 2318 736 2526 791; x_wconf 70' lang='grc' dir='ltr'>σῶσόν</span> <span class='ocrx_word' id='word_1_218' title='bbox 2557 754 2633 807; x_wconf 81' lang='grc' dir='ltr'>με</span> <span class='ocrx_word' id='word_1_219' title='bbox 2656 737 2866 790; x_wconf 75' lang='grc' dir='ltr'>ἕνεκεν</span> <span class='ocrx_word' id='word_1_220' title='bbox 2894 735 3000 789; x_wconf 82' lang='grc' dir='ltr'>τοῦ</span> <span class='ocrx_word' id='word_1_221' title='bbox 3031 735 3249 801; x_wconf 75' lang='grc' dir='ltr'>ἐλέους</span> <span class='ocrx_word' id='word_1_222' title='bbox 3275 752 3417 792; x_wconf 64' lang='grc' dir='ltr'>σου.</span> <span class='ocrx_word' id='word_1_223' title='bbox 3459 738 3577 793; x_wconf 74' lang='grc' dir='ltr'>Ὅτι</span> 
     </span>
     <span class='ocr_line' id='line_1_35' title="bbox 2001 823 3577 899; baseline -0.001 -17"><span class='ocrx_word' id='word_1_224' title='bbox 2001 828 2149 899; x_wconf 83' lang='grc' dir='ltr'>αὐτῷ</span> <span class='ocrx_word' id='word_1_225' title='bbox 2180 827 2378 899; x_wconf 83' lang='grc' dir='ltr'>πρέπει</span> <span class='ocrx_word' id='word_1_226' title='bbox 2427 826 2573 893; x_wconf 78' lang='grc' dir='ltr'>δόξα,</span> <span class='ocrx_word' id='word_1_227' title='bbox 2606 827 2763 898; x_wconf 85' lang='grc' dir='ltr'>τιμὴ,</span> <span class='ocrx_word' id='word_1_228' title='bbox 2807 826 3029 897; x_wconf 87' lang='grc' dir='ltr'>κράτος,</span> <span class='ocrx_word' id='word_1_229' title='bbox 3070 823 3168 878; x_wconf 85' lang='grc' dir='ltr'>νῦν</span> <span class='ocrx_word' id='word_1_230' title='bbox 3215 826 3314 880; x_wconf 66' lang='grc' dir='ltr'>καὶ</span> <span class='ocrx_word' id='word_1_231' title='bbox 3343 829 3426 891; x_wconf 76' lang='grc' dir='ltr'>εἰς</span> <span class='ocrx_word' id='word_1_232' title='bbox 3454 829 3577 894; x_wconf 79' lang='grc' dir='ltr'>τοὺς</span> 
     </span>
     <span class='ocr_line' id='line_1_36' title="bbox 1999 918 3258 989; baseline -0.005 -13"><span class='ocrx_word' id='word_1_233' title='bbox 1999 919 2388 987; x_wconf 83' lang='grc' dir='ltr'>ἀτελευτήτους</span> <span class='ocrx_word' id='word_1_234' title='bbox 2422 918 2623 982; x_wconf 78' lang='grc' dir='ltr'>αἰῶνας</span> <span class='ocrx_word' id='word_1_235' title='bbox 2649 919 2757 973; x_wconf 84' lang='grc' dir='ltr'>τῶν</span> <span class='ocrx_word' id='word_1_236' title='bbox 2783 918 3015 973; x_wconf 84' lang='grc' dir='ltr'><strong>αἰώνων.</strong></span> <span class='ocrx_word' id='word_1_237' title='bbox 3062 919 3258 989; x_wconf 82' lang='grc' dir='ltr'>Ἀμην.</span> 
     </span>
     <span class='ocr_line' id='line_1_37' title="bbox 2723 1011 2857 1063; baseline 0.007 -1"><span class='ocrx_word' id='word_1_238' title='bbox 2723 1011 2857 1063; x_wconf 87' lang='lat' dir='ltr'>KA&#39;.</span> 
     </span>
     <span class='ocr_line' id='line_1_38' title="bbox 2486 1099 3098 1174; baseline -0.003 -17"><span class='ocrx_word' id='word_1_239' title='bbox 2486 1104 2588 1167; x_wconf 73' lang='grc' dir='ltr'>Εἰς</span> <span class='ocrx_word' id='word_1_240' title='bbox 2620 1101 2725 1155; x_wconf 75' lang='grc' dir='ltr'>τὸν</span> <span class='ocrx_word' id='word_1_241' title='bbox 2756 1099 2806 1161; x_wconf 78' lang='grc' dir='ltr'>ζ’</span> <span class='ocrx_word' id='word_1_242' title='bbox 2831 1102 3098 1174; x_wconf 69' lang='grc' dir='ltr'>ψαλμρν.</span> 
     </span>
    </p>
   </div>
   <div class='ocr_carea' id='block_1_8' title="bbox 1999 1191 3521 1263">
    <p class='ocr_par' dir='ltr' id='par_1_10' title="bbox 1999 1191 3521 1263">
     <span class='ocr_line' id='line_1_39' title="bbox 1999 1191 3521 1263; baseline 0 -15"><span class='ocrx_word' id='word_1_243' title='bbox 1999 1194 2218 1262; x_wconf 57' lang='grc' dir='ltr'>κΚύριε</span> <span class='ocrx_word' id='word_1_244' title='bbox 2251 1198 2284 1247; x_wconf 85' lang='grc' dir='ltr'>ό</span> <span class='ocrx_word' id='word_1_245' title='bbox 2320 1196 2462 1259; x_wconf 83' lang='grc' dir='ltr'>Θεός</span> <span class='ocrx_word' id='word_1_246' title='bbox 2491 1210 2633 1263; x_wconf 81' lang='grc' dir='ltr'>μου,</span> <span class='ocrx_word' id='word_1_247' title='bbox 2671 1191 2770 1245; x_wconf 74' lang='grc' dir='ltr'>ἐπὶ</span> <span class='ocrx_word' id='word_1_248' title='bbox 2796 1192 2896 1245; x_wconf 80' lang='grc' dir='ltr'>σοὶ</span> <span class='ocrx_word' id='word_1_249' title='bbox 2930 1191 3408 1260; x_wconf 48' lang='lat' dir='ltr'>nantem-mimos·</span> <span class='ocrx_word' id='word_1_250' title='bbox 3423 1212 3521 1263; x_wconf 75' lang='grc' dir='ltr'>με.</span> 
     </span>
    </p>
   </div>
   <div class='ocr_carea' id='block_1_9' title="bbox 2004 1284 3582 3079">
    <p class='ocr_par' dir='ltr' id='par_1_11' title="bbox 2004 1284 3582 3079">
     <span class='ocr_line' id='line_1_40' title="bbox 2076 1284 3557 1358; baseline 0 -20"><span class='ocrx_word' id='word_1_251' title='bbox 2076 1286 2280 1357; x_wconf 79' lang='grc' dir='ltr'>’Ὥσπερ</span> <span class='ocrx_word' id='word_1_252' title='bbox 2304 1289 2332 1340; x_wconf 88' lang='grc' dir='ltr'><strong>ὁ</strong></span> <span class='ocrx_word' id='word_1_253' title='bbox 2358 1286 2456 1357; x_wconf 82' lang='grc' dir='ltr'>τῆς</span> <span class='ocrx_word' id='word_1_254' title='bbox 2480 1284 2758 1356; x_wconf 81' lang='grc' dir='ltr'>βασιλικῆς</span> <span class='ocrx_word' id='word_1_255' title='bbox 2785 1285 2991 1348; x_wconf 76' lang='grc' dir='ltr'>εἰκόνος</span> <span class='ocrx_word' id='word_1_256' title='bbox 3020 1285 3218 1357; x_wconf 78' lang='grc' dir='ltr'>θεατὴς</span> <span class='ocrx_word' id='word_1_257' title='bbox 3241 1286 3301 1338; x_wconf 77' lang='grc' dir='ltr'>οὐ</span> <span class='ocrx_word' id='word_1_258' title='bbox 3349 1288 3557 1358; x_wconf 78' lang='grc' dir='ltr'>παρορᾷ</span> 
     </span>
     <span class='ocr_line' id='line_1_41' title="bbox 2005 1374 3559 1447; baseline 0 -18"><span class='ocrx_word' id='word_1_259' title='bbox 2005 1376 2069 1429; x_wconf 77' lang='grc' dir='ltr'>τὰ</span> <span class='ocrx_word' id='word_1_260' title='bbox 2120 1376 2403 1447; x_wconf 86' lang='grc' dir='ltr'>πρόσωπα,</span> <span class='ocrx_word' id='word_1_261' title='bbox 2436 1375 2555 1429; x_wconf 78' lang='grc' dir='ltr'>οὐδὲ</span> <span class='ocrx_word' id='word_1_262' title='bbox 2605 1374 2675 1428; x_wconf 82' lang='grc' dir='ltr'>τὰ</span> <span class='ocrx_word' id='word_1_263' title='bbox 2711 1374 3126 1446; x_wconf 79' lang='grc' dir='ltr'>ἐπιγράμματα,</span> <span class='ocrx_word' id='word_1_264' title='bbox 3172 1374 3307 1429; x_wconf 79' lang='grc' dir='ltr'>ἀλλὰ</span> <span class='ocrx_word' id='word_1_265' title='bbox 3343 1376 3434 1429; x_wconf 68' lang='grc' dir='ltr'>καὶ</span> <span class='ocrx_word' id='word_1_266' title='bbox 3466 1377 3559 1447; x_wconf 75' lang='grc' dir='ltr'>τὴν</span> 
     </span>
     <span class='ocr_line' id='line_1_42' title="bbox 2004 1464 3566 1538; baseline -0.001 -17"><span class='ocrx_word' id='word_1_267' title='bbox 2004 1467 2219 1538; x_wconf 80' lang='grc' dir='ltr'>γραφὴν</span> <span class='ocrx_word' id='word_1_268' title='bbox 2245 1468 2339 1520; x_wconf 74' lang='grc' dir='ltr'>καὶ</span> <span class='ocrx_word' id='word_1_269' title='bbox 2371 1466 2467 1537; x_wconf 77' lang='grc' dir='ltr'>τὴν</span> <span class='ocrx_word' id='word_1_270' title='bbox 2495 1465 2803 1537; x_wconf 79' lang='grc' dir='ltr'>ἐπιγραφὴν</span> <span class='ocrx_word' id='word_1_271' title='bbox 2836 1464 3105 1536; x_wconf 79' lang='grc' dir='ltr'>βλέμματι</span> <span class='ocrx_word' id='word_1_272' title='bbox 3133 1466 3449 1531; x_wconf 80' lang='grc' dir='ltr'>ἀσπάζεται·</span> <span class='ocrx_word' id='word_1_273' title='bbox 3478 1466 3566 1520; x_wconf 73' lang='grc' dir='ltr'>οὓ-</span> 
     </span>
     <span class='ocr_line' id='line_1_43' title="bbox 2004 1555 3570 1629; baseline -0.001 -20"><span class='ocrx_word' id='word_1_274' title='bbox 2004 1574 2112 1621; x_wconf 89' lang='grc' dir='ltr'>τως</span> <span class='ocrx_word' id='word_1_275' title='bbox 2136 1560 2164 1611; x_wconf 88' lang='grc' dir='ltr'><strong>ὁ</strong></span> <span class='ocrx_word' id='word_1_276' title='bbox 2191 1557 2499 1629; x_wconf 78' lang='grc' dir='ltr'>ἐπιγραφὴν</span> <span class='ocrx_word' id='word_1_277' title='bbox 2536 1556 2749 1626; x_wconf 79' lang='grc' dir='ltr'>ψαλμοῦ</span> <span class='ocrx_word' id='word_1_278' title='bbox 2799 1555 3188 1624; x_wconf 81' lang='grc' dir='ltr'>ἀναγικώσκων</span> <span class='ocrx_word' id='word_1_279' title='bbox 3215 1556 3399 1627; x_wconf 78' lang='grc' dir='ltr'>ζητεῖν</span> <span class='ocrx_word' id='word_1_280' title='bbox 3428 1558 3570 1626; x_wconf 71' lang='grc' dir='ltr'>ὀφεί-</span> 
     </span>
     <span class='ocr_line' id='line_1_44' title="bbox 2005 1646 3573 1720; baseline 0.001 -19"><span class='ocrx_word' id='word_1_281' title='bbox 2005 1648 2084 1701; x_wconf 87' lang='grc' dir='ltr'>λει</span> <span class='ocrx_word' id='word_1_282' title='bbox 2115 1647 2211 1718; x_wconf 81' lang='grc' dir='ltr'>τὴν</span> <span class='ocrx_word' id='word_1_283' title='bbox 2233 1647 2560 1717; x_wconf 77' lang='grc' dir='ltr'>ἐπιγραφὴν,</span> <span class='ocrx_word' id='word_1_284' title='bbox 2596 1648 2690 1701; x_wconf 74' lang='grc' dir='ltr'>καὶ</span> <span class='ocrx_word' id='word_1_285' title='bbox 2722 1646 2814 1699; x_wconf 74' lang='grc' dir='ltr'>τὸν</span> <span class='ocrx_word' id='word_1_286' title='bbox 2846 1648 3151 1718; x_wconf 84' lang='grc' dir='ltr'>γράψαντα,</span> <span class='ocrx_word' id='word_1_287' title='bbox 3182 1648 3279 1700; x_wconf 69' lang='grc' dir='ltr'>καὶ</span> <span class='ocrx_word' id='word_1_288' title='bbox 3306 1648 3399 1701; x_wconf 82' lang='grc' dir='ltr'>τὸν</span> <span class='ocrx_word' id='word_1_289' title='bbox 3423 1666 3573 1720; x_wconf 82' lang='grc' dir='ltr'>γρα-</span> 
     </span>
     <span class='ocr_line' id='line_1_45' title="bbox 2006 1736 3577 1810; baseline -0.002 -19"><span class='ocrx_word' id='word_1_290' title='bbox 2006 1740 2262 1810; x_wconf 73' lang='grc' dir='ltr'>φόμενον.</span> <span class='ocrx_word' id='word_1_291' title='bbox 2292 1738 2403 1791; x_wconf 74' lang='grc' dir='ltr'>Καὶ</span> <span class='ocrx_word' id='word_1_292' title='bbox 2428 1738 2517 1791; x_wconf 76' lang='grc' dir='ltr'>διὰ</span> <span class='ocrx_word' id='word_1_293' title='bbox 2542 1738 2595 1791; x_wconf 88' lang='grc' dir='ltr'>τί</span> <span class='ocrx_word' id='word_1_294' title='bbox 2636 1738 2696 1790; x_wconf 77' lang='grc' dir='ltr'>τὸ</span> <span class='ocrx_word' id='word_1_295' title='bbox 2742 1737 3095 1808; x_wconf 72' lang='grc' dir='ltr'>ὲπίγραμμας</span> <span class='ocrx_word' id='word_1_296' title='bbox 3134 1736 3444 1807; x_wconf 81' lang='grc' dir='ltr'>Ὀφθαλμὸς</span> <span class='ocrx_word' id='word_1_297' title='bbox 3471 1738 3577 1807; x_wconf 74' lang='grc' dir='ltr'>γὰρ</span> 
     </span>
     <span class='ocr_line' id='line_1_46' title="bbox 2004 1827 3577 1900; baseline -0.003 -18"><span class='ocrx_word' id='word_1_298' title='bbox 2004 1830 2103 1900; x_wconf 78' lang='grc' dir='ltr'>τῆς</span> <span class='ocrx_word' id='word_1_299' title='bbox 2136 1830 2444 1900; x_wconf 80' lang='grc' dir='ltr'>ἑρμηνείας,</span> <span class='ocrx_word' id='word_1_300' title='bbox 2499 1830 2532 1898; x_wconf 86' lang='grc' dir='ltr'><strong>ἡ</strong></span> <span class='ocrx_word' id='word_1_301' title='bbox 2569 1828 2669 1897; x_wconf 79' lang='grc' dir='ltr'>τῆς</span> <span class='ocrx_word' id='word_1_302' title='bbox 2718 1827 2955 1898; x_wconf 79' lang='grc' dir='ltr'>ἱστορίας</span> <span class='ocrx_word' id='word_1_303' title='bbox 2990 1827 3262 1894; x_wconf 79' lang='grc' dir='ltr'>ἀπόδειξις</span> <span class='ocrx_word' id='word_1_304' title='bbox 3298 1827 3432 1898; x_wconf 67' lang='grc'><strong>(47).</strong></span> <span class='ocrx_word' id='word_1_305' title='bbox 3483 1828 3577 1889; x_wconf 84' lang='grc' dir='ltr'>Τίς</span> 
     </span>
     <span class='ocr_line' id='line_1_47' title="bbox 2006 1914 3580 1988; baseline -0.003 -16"><span class='ocrx_word' id='word_1_306' title='bbox 2006 1916 2099 1972; x_wconf 74' lang='grc' dir='ltr'>οὖν</span> <span class='ocrx_word' id='word_1_307' title='bbox 2143 1920 2176 1988; x_wconf 75' lang='grc' dir='ltr'>ἡ</span> <span class='ocrx_word' id='word_1_308' title='bbox 2206 1918 2537 1988; x_wconf 82' lang='grc' dir='ltr'>προκειμένη</span> <span class='ocrx_word' id='word_1_309' title='bbox 2575 1914 2669 1968; x_wconf 84' lang='grc' dir='ltr'>τοῦ</span> <span class='ocrx_word' id='word_1_310' title='bbox 2706 1914 2920 1984; x_wconf 80' lang='grc' dir='ltr'>ψαλμοῦ</span> <span class='ocrx_word' id='word_1_311' title='bbox 2963 1916 3279 1986; x_wconf 69' lang='grc' dir='ltr'>ἐπιγραφῆς</span> <span class='ocrx_word' id='word_1_312' title='bbox 3336 1915 3580 1983; x_wconf 66' lang='grc' dir='ltr'>Ψαλμὸς</span> 
     </span>
     <span class='ocr_line' id='line_1_48' title="bbox 2005 2001 3580 2078; baseline -0.001 -18"><span class='ocrx_word' id='word_1_313' title='bbox 2005 2008 2087 2073; x_wconf 80' lang='grc' dir='ltr'>τῷ</span> <span class='ocrx_word' id='word_1_314' title='bbox 2113 2008 2307 2071; x_wconf 67' lang='lat' dir='ltr'>Auem,</span> <span class='ocrx_word' id='word_1_315' title='bbox 2351 2006 2423 2060; x_wconf 80' lang='grc' dir='ltr'>ὃν</span> <span class='ocrx_word' id='word_1_316' title='bbox 2468 2001 2623 2078; x_wconf 77' lang='grc' dir='ltr'>ᾖσεν</span> <span class='ocrx_word' id='word_1_317' title='bbox 2669 2006 2750 2071; x_wconf 84' lang='grc' dir='ltr'>τῷ</span> <span class='ocrx_word' id='word_1_318' title='bbox 2798 2006 2991 2074; x_wconf 84' lang='grc' dir='ltr'>Κυρίῳ</span> <span class='ocrx_word' id='word_1_319' title='bbox 3026 2006 3178 2074; x_wconf 77' lang='grc' dir='ltr'>ὑπὲρ</span> <span class='ocrx_word' id='word_1_320' title='bbox 3214 2005 3337 2059; x_wconf 78' lang='grc' dir='ltr'>τῶν</span> <span class='ocrx_word' id='word_1_321' title='bbox 3385 2006 3580 2075; x_wconf 68' lang='grc' dir='ltr'>λόγων</span> 
     </span>
     <span class='ocr_line' id='line_1_49' title="bbox 2007 2093 3580 2169; baseline -0.003 -17"><span class='ocrx_word' id='word_1_322' title='bbox 2007 2100 2192 2154; x_wconf 78' lang='grc' dir='ltr'>Χουσὶ</span> <span class='ocrx_word' id='word_1_323' title='bbox 2220 2100 2353 2154; x_wconf 76' lang='grc' dir='ltr'>υἱοῦ</span> <span class='ocrx_word' id='word_1_324' title='bbox 2396 2099 2650 2167; x_wconf 80' lang='grc' dir='ltr'>Ἰεμενεί.</span> <span class='ocrx_word' id='word_1_325' title='bbox 2684 2093 2837 2159; x_wconf 83' lang='grc' dir='ltr'>Εἷδές</span> <span class='ocrx_word' id='word_1_326' title='bbox 2870 2115 2979 2167; x_wconf 86' lang='grc' dir='ltr'>μοι,</span> <span class='ocrx_word' id='word_1_327' title='bbox 3010 2097 3222 2165; x_wconf 81' lang='grc' dir='ltr'>ἀδελφὲ,</span> <span class='ocrx_word' id='word_1_328' title='bbox 3258 2096 3459 2169; x_wconf 77' lang='grc' dir='ltr'>στήλην</span> <span class='ocrx_word' id='word_1_329' title='bbox 3484 2097 3580 2166; x_wconf 73' lang='grc' dir='ltr'>τὴν</span> 
     </span>
     <span class='ocr_line' id='line_1_50' title="bbox 2007 2188 3580 2263; baseline -0.003 -18"><span class='ocrx_word' id='word_1_330' title='bbox 2007 2192 2340 2263; x_wconf 79' lang='grc' dir='ltr'>ἐπιγραφὴν,</span> <span class='ocrx_word' id='word_1_331' title='bbox 2381 2192 2477 2244; x_wconf 73' lang='grc' dir='ltr'>καὶ</span> <span class='ocrx_word' id='word_1_332' title='bbox 2516 2190 2788 2261; x_wconf 74' lang='grc' dir='ltr'>ἐγκώμιον</span> <span class='ocrx_word' id='word_1_333' title='bbox 2830 2189 2928 2259; x_wconf 70' lang='grc' dir='ltr'>τὴν</span> <span class='ocrx_word' id='word_1_334' title='bbox 2966 2190 3200 2259; x_wconf 62' lang='grc' dir='ltr'>γραφὴν,</span> <span class='ocrx_word' id='word_1_335' title='bbox 3253 2188 3346 2241; x_wconf 76' lang='grc' dir='ltr'>καὶ</span> <span class='ocrx_word' id='word_1_336' title='bbox 3370 2189 3580 2259; x_wconf 85' lang='grc' dir='ltr'>γραφέα</span> 
     </span>
     <span class='ocr_line' id='line_1_51' title="bbox 2007 2280 3578 2351; baseline -0.001 -18"><span class='ocrx_word' id='word_1_337' title='bbox 2007 2282 2098 2335; x_wconf 79' lang='grc' dir='ltr'>τὸν</span> <span class='ocrx_word' id='word_1_338' title='bbox 2150 2282 2331 2347; x_wconf 76' lang='grc' dir='ltr'>Δαόιδ,</span> <span class='ocrx_word' id='word_1_339' title='bbox 2389 2282 2480 2336; x_wconf 73' lang='grc' dir='ltr'>καὶ</span> <span class='ocrx_word' id='word_1_340' title='bbox 2530 2280 2830 2351; x_wconf 80' lang='grc' dir='ltr'>στρατηγὸν</span> <span class='ocrx_word' id='word_1_341' title='bbox 2884 2281 3163 2351; x_wconf 78' lang='grc' dir='ltr'>γραφέντα</span> <span class='ocrx_word' id='word_1_342' title='bbox 3221 2281 3314 2333; x_wconf 79' lang='grc' dir='ltr'>τὸν</span> <span class='ocrx_word' id='word_1_343' title='bbox 3355 2281 3578 2351; x_wconf 83' lang='grc' dir='ltr'>ἀριστέα</span> 
     </span>
     <span class='ocr_line' id='line_1_52' title="bbox 2008 2365 3578 2440; baseline -0.002 -15"><span class='ocrx_word' id='word_1_344' title='bbox 2008 2373 2209 2438; x_wconf 81' lang='grc' dir='ltr'>Χουσί;</span> <span class='ocrx_word' id='word_1_345' title='bbox 2254 2372 2362 2424; x_wconf 73' lang='grc' dir='ltr'>Καὶ</span> <span class='ocrx_word' id='word_1_346' title='bbox 2412 2370 2500 2423; x_wconf 76' lang='grc' dir='ltr'>διὰ</span> <span class='ocrx_word' id='word_1_347' title='bbox 2543 2370 2595 2422; x_wconf 87' lang='grc' dir='ltr'>τί</span> <span class='ocrx_word' id='word_1_348' title='bbox 2640 2374 2668 2423; x_wconf 88' lang='grc' dir='ltr'>ό</span> <span class='ocrx_word' id='word_1_349' title='bbox 2697 2370 2852 2438; x_wconf 90' lang='grc' dir='ltr'>λόγος</span> <span class='ocrx_word' id='word_1_350' title='bbox 2884 2369 3048 2423; x_wconf 76' lang='grc' dir='ltr'>αὐτοῦ</span> <span class='ocrx_word' id='word_1_351' title='bbox 3082 2370 3386 2440; x_wconf 81' lang='grc' dir='ltr'>μέμνηται;</span> <span class='ocrx_word' id='word_1_352' title='bbox 3418 2365 3578 2431; x_wconf 77' lang='grc' dir='ltr'>Οὗτος</span> 
     </span>
     <span class='ocr_line' id='line_1_53' title="bbox 2010 2459 3576 2533; baseline -0.003 -18"><span class='ocrx_word' id='word_1_353' title='bbox 2010 2461 2102 2515; x_wconf 77' lang='grc' dir='ltr'>τοῦ</span> <span class='ocrx_word' id='word_1_354' title='bbox 2145 2462 2413 2533; x_wconf 80' lang='grc' dir='ltr'>μακαρίου</span> <span class='ocrx_word' id='word_1_355' title='bbox 2445 2460 2609 2513; x_wconf 75' lang='grc' dir='ltr'>Δαὸὶδ</span> <span class='ocrx_word' id='word_1_356' title='bbox 2639 2461 2980 2533; x_wconf 86' lang='grc' dir='ltr'>ἀρχιεταίρος</span> <span class='ocrx_word' id='word_1_357' title='bbox 3008 2461 3245 2528; x_wconf 70' lang='grc' dir='ltr'>ἐγένετο.</span> <span class='ocrx_word' id='word_1_358' title='bbox 3283 2459 3576 2513; x_wconf 74' lang='grc' dir='ltr'>Ἀκούσατε</span> 
     </span>
     <span class='ocr_line' id='line_1_54' title="bbox 2010 2548 3579 2624; baseline -0.001 -20"><span class='ocrx_word' id='word_1_359' title='bbox 2010 2553 2117 2623; x_wconf 78' lang='grc' dir='ltr'>γὰρ</span> <span class='ocrx_word' id='word_1_360' title='bbox 2149 2548 2236 2605; x_wconf 74' lang='grc' dir='ltr'>οἶα</span> <span class='ocrx_word' id='word_1_361' title='bbox 2264 2553 2357 2606; x_wconf 74' lang='grc' dir='ltr'>καὶ</span> <span class='ocrx_word' id='word_1_362' title='bbox 2382 2554 2481 2605; x_wconf 86' lang='grc' dir='ltr'>ὅσα</span> <span class='ocrx_word' id='word_1_363' title='bbox 2509 2551 2659 2620; x_wconf 87' lang='grc' dir='ltr'>φιλία</span> <span class='ocrx_word' id='word_1_364' title='bbox 2689 2553 2745 2603; x_wconf 81' lang='grc' dir='ltr'>ἐν</span> <span class='ocrx_word' id='word_1_365' title='bbox 2770 2550 2985 2624; x_wconf 80' lang='grc' dir='ltr'>ἀνάγκῃ</span> <span class='ocrx_word' id='word_1_366' title='bbox 3016 2550 3255 2604; x_wconf 82' lang='grc' dir='ltr'>δύναται.</span> <span class='ocrx_word' id='word_1_367' title='bbox 3290 2552 3445 2604; x_wconf 76' lang='grc' dir='ltr'>Φιλία</span> <span class='ocrx_word' id='word_1_368' title='bbox 3471 2551 3579 2619; x_wconf 77' lang='grc' dir='ltr'>γὰρ</span> 
     </span>
     <span class='ocr_line' id='line_1_55' title="bbox 2008 2640 3579 2713; baseline -0.001 -20"><span class='ocrx_word' id='word_1_369' title='bbox 2008 2644 2042 2711; x_wconf 82' lang='grc' dir='ltr'>ἡ</span> <span class='ocrx_word' id='word_1_370' title='bbox 2087 2640 2179 2694; x_wconf 85' lang='grc' dir='ltr'>τοῦ</span> <span class='ocrx_word' id='word_1_371' title='bbox 2220 2642 2389 2696; x_wconf 72' lang='grc' dir='ltr'>Χουσὶ</span> <span class='ocrx_word' id='word_1_372' title='bbox 2420 2642 2555 2713; x_wconf 81' lang='grc' dir='ltr'>πρὸς</span> <span class='ocrx_word' id='word_1_373' title='bbox 2584 2642 2673 2694; x_wconf 84' lang='grc' dir='ltr'>τὸν</span> <span class='ocrx_word' id='word_1_374' title='bbox 2729 2641 2889 2693; x_wconf 65' lang='lat' dir='ltr'>Aucta</span> <span class='ocrx_word' id='word_1_375' title='bbox 2926 2642 3213 2711; x_wconf 84' lang='grc' dir='ltr'>τυραννίδα</span> <span class='ocrx_word' id='word_1_376' title='bbox 3243 2641 3449 2695; x_wconf 75' lang='grc' dir='ltr'>ἔλυσεν·</span> <span class='ocrx_word' id='word_1_377' title='bbox 3491 2659 3579 2710; x_wconf 85' lang='grc' dir='ltr'>φι-</span> 
     </span>
     <span class='ocr_line' id='line_1_56' title="bbox 2011 2730 3582 2803; baseline 0.001 -20"><span class='ocrx_word' id='word_1_378' title='bbox 2011 2732 2104 2784; x_wconf 91' lang='grc' dir='ltr'>λία</span> <span class='ocrx_word' id='word_1_379' title='bbox 2142 2730 2402 2802; x_wconf 86' lang='grc' dir='ltr'>τύραννον</span> <span class='ocrx_word' id='word_1_380' title='bbox 2433 2731 2816 2802; x_wconf 79' lang='grc' dir='ltr'>κατέστρεψεν·</span> <span class='ocrx_word' id='word_1_381' title='bbox 2854 2731 3004 2801; x_wconf 88' lang='grc' dir='ltr'>φιλία</span> <span class='ocrx_word' id='word_1_382' title='bbox 3029 2731 3121 2784; x_wconf 77' lang='grc' dir='ltr'>τὸν</span> <span class='ocrx_word' id='word_1_383' title='bbox 3153 2732 3582 2803; x_wconf 78' lang='grc' dir='ltr'>τυραννούμενον</span> 
     </span>
     <span class='ocr_line' id='line_1_57' title="bbox 2012 2822 3578 2896; baseline 0.003 -22"><span class='ocrx_word' id='word_1_384' title='bbox 2012 2823 2163 2892; x_wconf 82' lang='grc' dir='ltr'>φίλον</span> <span class='ocrx_word' id='word_1_385' title='bbox 2186 2822 2514 2892; x_wconf 77' lang='grc' dir='ltr'>ἐξεδίκησεν·</span> <span class='ocrx_word' id='word_1_386' title='bbox 2558 2824 2709 2893; x_wconf 79' lang='grc' dir='ltr'>φιλία</span> <span class='ocrx_word' id='word_1_387' title='bbox 2746 2823 3018 2893; x_wconf 86' lang='grc' dir='ltr'>βασιλείας</span> <span class='ocrx_word' id='word_1_388' title='bbox 3052 2826 3391 2896; x_wconf 80' lang='grc' dir='ltr'>ίσχυρωτέρα</span> <span class='ocrx_word' id='word_1_389' title='bbox 3416 2826 3578 2895; x_wconf 81' lang='grc' dir='ltr'>γέγο-</span> 
     </span>
     <span class='ocr_line' id='line_1_58' title="bbox 2009 2911 3580 2985; baseline 0.003 -23"><span class='ocrx_word' id='word_1_390' title='bbox 2009 2928 2115 2963; x_wconf 89' lang='grc' dir='ltr'>νεν.</span> <span class='ocrx_word' id='word_1_391' title='bbox 2150 2913 2213 2963; x_wconf 90' lang='grc' dir='ltr'><strong>Ὃ</strong></span> <span class='ocrx_word' id='word_1_392' title='bbox 2248 2912 2355 2983; x_wconf 84' lang='grc' dir='ltr'>γὰρ</span> <span class='ocrx_word' id='word_1_393' title='bbox 2384 2914 2416 2981; x_wconf 86' lang='grc' dir='ltr'>ὴ</span> <span class='ocrx_word' id='word_1_394' title='bbox 2446 2911 2692 2981; x_wconf 85' lang='grc' dir='ltr'>βασιλεία</span> <span class='ocrx_word' id='word_1_395' title='bbox 2734 2913 2811 2982; x_wconf 79' lang='grc' dir='ltr'>τῷ</span> <span class='ocrx_word' id='word_1_396' title='bbox 2836 2912 2998 2966; x_wconf 63' lang='lat' dir='ltr'>sams</span> <span class='ocrx_word' id='word_1_397' title='bbox 3024 2914 3124 2966; x_wconf 79' lang='grc' dir='ltr'>οὐκ</span> <span class='ocrx_word' id='word_1_398' title='bbox 3150 2914 3425 2985; x_wconf 74' lang='grc' dir='ltr'>ἐποίησεν,</span> <span class='ocrx_word' id='word_1_399' title='bbox 3455 2915 3580 2968; x_wconf 76' lang='grc' dir='ltr'>τοῦ·</span> 
     </span>
     <span class='ocr_line' id='line_1_59' title="bbox 2008 3001 3581 3079; baseline 0.007 -26"><span class='ocrx_word' id='word_1_400' title='bbox 2008 3018 2069 3054; x_wconf 88' lang='grc' dir='ltr'>το</span> <span class='ocrx_word' id='word_1_401' title='bbox 2101 3002 2251 3071; x_wconf 85' lang='grc' dir='ltr'>φιλία</span> <span class='ocrx_word' id='word_1_402' title='bbox 2275 3001 2369 3055; x_wconf 85' lang='grc' dir='ltr'>τοῦ</span> <span class='ocrx_word' id='word_1_403' title='bbox 2395 3004 2562 3055; x_wconf 73' lang='grc' dir='ltr'>Χουσὶ</span> <span class='ocrx_word' id='word_1_404' title='bbox 2590 3004 2861 3074; x_wconf 77' lang='grc' dir='ltr'>ἐποίησεν.</span> <span class='ocrx_word' id='word_1_405' title='bbox 2911 3005 3283 3078; x_wconf 80' lang='grc' dir='ltr'>’Δρχιεταῖρος</span> <span class='ocrx_word' id='word_1_406' title='bbox 3314 3008 3371 3061; x_wconf 79' lang='grc' dir='ltr'>δὲ</span> <span class='ocrx_word' id='word_1_407' title='bbox 3400 3009 3581 3079; x_wconf 75' lang='grc' dir='ltr'>ἐλέγε-</span> 
     </span>
    </p>
   </div>
   <div class='ocr_carea' id='block_1_10' title="bbox 245 3074 3578 3179">
    <p class='ocr_par' dir='ltr' id='par_1_12' title="bbox 245 3074 3578 3179">
     <span class='ocr_line' id='line_1_60' title="bbox 245 3074 3578 3179; baseline 0.004 -38"><span class='ocrx_word' id='word_1_408' title='bbox 245 3074 259 3086; x_wconf 74' lang='grc'><strong>’</strong></span> <span class='ocrx_word' id='word_1_409' title='bbox 343 3089 554 3143; x_wconf 86' lang='lat' dir='ltr'>ciorum</span> <span class='ocrx_word' id='word_1_410' title='bbox 600 3088 877 3167; x_wconf 27' lang='lat' dir='ltr'>dicebat-ur</span> <span class='ocrx_word' id='word_1_411' title='bbox 922 3100 1028 3138; x_wconf 92' lang='lat' dir='ltr'>uno</span> <span class='ocrx_word' id='word_1_412' title='bbox 1059 3100 1124 3140; x_wconf 79' lang='lat' dir='ltr'>ex</span> <span class='ocrx_word' id='word_1_413' title='bbox 1161 3085 1370 3139; x_wconf 87' lang='lat' dir='ltr'>duobus</span> <span class='ocrx_word' id='word_1_414' title='bbox 1425 3087 1618 3149; x_wconf 87' lang='lat' dir='ltr'>modis,</span> <span class='ocrx_word' id='word_1_415' title='bbox 1670 3086 1748 3140; x_wconf 77' lang='lat' dir='ltr'>vel</span> <span class='ocrx_word' id='word_1_416' title='bbox 1781 3088 1905 3156; x_wconf 83' lang='lat' dir='ltr'>quia</span> <span class='ocrx_word' id='word_1_417' title='bbox 1933 3119 1979 3179; x_wconf 76' lang='lat' dir='ltr'>C</span> <span class='ocrx_word' id='word_1_418' title='bbox 2008 3110 2069 3147; x_wconf 82' lang='grc' dir='ltr'>το</span> <span class='ocrx_word' id='word_1_419' title='bbox 2102 3093 2243 3146; x_wconf 81' lang='grc' dir='ltr'>κατὰ</span> <span class='ocrx_word' id='word_1_420' title='bbox 2266 3093 2361 3147; x_wconf 66' lang='grc' dir='ltr'>ἕνα</span> <span class='ocrx_word' id='word_1_421' title='bbox 2382 3094 2491 3147; x_wconf 85' lang='grc' dir='ltr'>τῶν</span> <span class='ocrx_word' id='word_1_422' title='bbox 2515 3094 2608 3147; x_wconf 82' lang='grc' dir='ltr'>δύο</span> <span class='ocrx_word' id='word_1_423' title='bbox 2636 3096 2872 3164; x_wconf 84' lang='grc' dir='ltr'>τρόπων,</span> <span class='ocrx_word' id='word_1_424' title='bbox 2904 3096 2937 3167; x_wconf 79' lang='grc' dir='ltr'>ἢ</span> <span class='ocrx_word' id='word_1_425' title='bbox 2971 3099 3053 3151; x_wconf 83' lang='grc' dir='ltr'>ὅτι</span> <span class='ocrx_word' id='word_1_426' title='bbox 3083 3099 3186 3169; x_wconf 84' lang='grc' dir='ltr'>τῆς</span> <span class='ocrx_word' id='word_1_427' title='bbox 3206 3101 3450 3173; x_wconf 80' lang='grc' dir='ltr'>ἑταιρίας</span> <span class='ocrx_word' id='word_1_428' title='bbox 3471 3106 3578 3156; x_wconf 80' lang='grc' dir='ltr'>τῶν</span> 
     </span>
    </p>
   </div>
   <div class='ocr_carea' id='block_1_11' title="bbox 345 3172 1906 3263">
    <p class='ocr_par' dir='ltr' id='par_1_13' title="bbox 345 3172 1906 3263">
     <span class='ocr_line' id='line_1_61' title="bbox 345 3172 1906 3263; baseline -0.001 -31"><span class='ocrx_word' id='word_1_429' title='bbox 345 3176 592 3233; x_wconf 80' lang='lat' dir='ltr'>societati</span> <span class='ocrx_word' id='word_1_430' title='bbox 638 3172 834 3233; x_wconf 79' lang='lat' dir='ltr'>ducum</span> <span class='ocrx_word' id='word_1_431' title='bbox 884 3176 1121 3233; x_wconf 61' lang='grc' dir='ltr'>Βοιὼ</span> <span class='ocrx_word' id='word_1_432' title='bbox 1144 3185 1402 3253; x_wconf 71' lang='lat' dir='ltr'>praeerat,</span> <span class='ocrx_word' id='word_1_433' title='bbox 1459 3178 1906 3263; x_wconf 38' lang='lat' dir='ltr'>tauquam-‘priu-</span> 
     </span>
    </p>
   </div>
   <div class='ocr_carea' id='block_1_12' title="bbox 2009 3179 3570 3263">
    <p class='ocr_par' dir='ltr' id='par_1_14' title="bbox 2009 3179 3570 3263">
     <span class='ocr_line' id='line_1_62' title="bbox 2009 3179 3570 3263; baseline 0.006 -26"><span class='ocrx_word' id='word_1_434' title='bbox 2009 3185 2327 3263; x_wconf 73' lang='grc' dir='ltr'>στρατηγῶν</span> <span class='ocrx_word' id='word_1_435' title='bbox 2378 3185 2542 3238; x_wconf 76' lang='grc' dir='ltr'>Δαὸὶδ</span> <span class='ocrx_word' id='word_1_436' title='bbox 2586 3179 2753 3256; x_wconf 80' lang='grc' dir='ltr'>ἦρχεν</span> <span class='ocrx_word' id='word_1_437' title='bbox 2790 3187 2866 3250; x_wconf 83' lang='grc' dir='ltr'>ὡς</span> <span class='ocrx_word' id='word_1_438' title='bbox 2921 3188 3366 3261; x_wconf 66' lang='grc' dir='ltr'>ἀρχιστράτηγος,</span> <span class='ocrx_word' id='word_1_439' title='bbox 3411 3193 3441 3261; x_wconf 83' lang='grc' dir='ltr'><strong>ῆ</strong></span> <span class='ocrx_word' id='word_1_440' title='bbox 3488 3194 3570 3246; x_wconf 80' lang='grc' dir='ltr'>ὅτι</span> 
     </span>
    </p>
   </div>
   <div class='ocr_carea' id='block_1_13' title="bbox 347 3252 3560 3348">
    <p class='ocr_par' dir='ltr' id='par_1_15' title="bbox 347 3252 3560 3348">
     <span class='ocr_line' id='line_1_63' title="bbox 347 3252 3560 3348; baseline -0.001 -24"><span class='ocrx_word' id='word_1_441' title='bbox 347 3282 471 3339; x_wconf 75' lang='lat' dir='ltr'>ceps</span> <span class='ocrx_word' id='word_1_442' title='bbox 503 3270 721 3333; x_wconf 87' lang='lat' dir='ltr'>ducum,</span> <span class='ocrx_word' id='word_1_443' title='bbox 769 3268 849 3321; x_wconf 87' lang='lat' dir='ltr'>vel</span> <span class='ocrx_word' id='word_1_444' title='bbox 887 3265 1010 3337; x_wconf 88' lang='lat' dir='ltr'>quia</span> <span class='ocrx_word' id='word_1_445' title='bbox 1034 3264 1146 3334; x_wconf 83' lang='lat' dir='ltr'>ja&#39;m</span> <span class='ocrx_word' id='word_1_446' title='bbox 1193 3252 1409 3323; x_wconf 64' lang='lat' dir='ltr'>dti‘ffi‘et</span> <span class='ocrx_word' id='word_1_447' title='bbox 1428 3254 1435 3259; x_wconf 75' lang='grc'><strong>’</strong></span> <span class='ocrx_word' id='word_1_448' title='bbox 1454 3258 1524 3321; x_wconf 81' lang='lat' dir='ltr'>ab</span> <span class='ocrx_word' id='word_1_449' title='bbox 1538 3264 1706 3322; x_wconf 65' lang='lat' dir='ltr'>initio</span> <span class='ocrx_word' id='word_1_450' title='bbox 1732 3256 1954 3337; x_wconf 38' lang='lat' dir='ltr'>esso-&#39;⁶4</span> <span class='ocrx_word' id='word_1_451' title='bbox 1971 3258 2516 3346; x_wconf 42' lang='lat' dir='ltr'>Jfffflogtrasespfflaz</span> <span class='ocrx_word' id='word_1_452' title='bbox 2547 3275 2783 3347; x_wconf 64' lang='grc' dir='ltr'>εξαρχῆς</span> <span class='ocrx_word' id='word_1_453' title='bbox 2803 3278 3018 3348; x_wconf 64' lang='grc' dir='ltr'>ἑταῖρος</span> <span class='ocrx_word' id='word_1_454' title='bbox 3042 3280 3139 3333; x_wconf 60' lang='grc' dir='ltr'>καὶ</span> <span class='ocrx_word' id='word_1_455' title='bbox 3167 3280 3313 3348; x_wconf 66' lang='lat' dir='ltr'>‹pss-os</span> <span class='ocrx_word' id='word_1_456' title='bbox 3332 3282 3560 3346; x_wconf 61' lang='grc' dir='ltr'>ἐγένετο,</span> 
     </span>
    </p>
   </div>
   <div class='ocr_carea' id='block_1_14' title="bbox 343 3358 1906 4418">
    <p class='ocr_par' dir='ltr' id='par_1_16' title="bbox 343 3358 1906 4418">
     <span class='ocr_line' id='line_1_64' title="bbox 344 3358 1903 3429; baseline -0.001 -16"><span class='ocrx_word' id='word_1_457' title='bbox 344 3362 462 3414; x_wconf 85' lang='lat' dir='ltr'>eius</span> <span class='ocrx_word' id='word_1_458' title='bbox 487 3360 805 3429; x_wconf 66' lang='lat' dir='ltr'>austerisque</span> <span class='ocrx_word' id='word_1_459' title='bbox 834 3360 1134 3414; x_wconf 84' lang='lat' dir='ltr'>exstiterat.</span> <span class='ocrx_word' id='word_1_460' title='bbox 1168 3358 1300 3414; x_wconf 86' lang='lat' dir='ltr'>Nam</span> <span class='ocrx_word' id='word_1_461' title='bbox 1341 3374 1463 3414; x_wconf 87' lang='lat' dir='ltr'>cum</span> <span class='ocrx_word' id='word_1_462' title='bbox 1515 3360 1679 3414; x_wconf 87' lang='lat' dir='ltr'>sciret</span> <span class='ocrx_word' id='word_1_463' title='bbox 1711 3359 1903 3424; x_wconf 88' lang='lat' dir='ltr'>David,</span> 
     </span>
     <span class='ocr_line' id='line_1_65' title="bbox 345 3450 1905 3522; baseline 0.001 -18"><span class='ocrx_word' id='word_1_464' title='bbox 345 3453 484 3522; x_wconf 85' lang='lat' dir='ltr'>quod</span> <span class='ocrx_word' id='word_1_465' title='bbox 512 3452 687 3505; x_wconf 89' lang='lat' dir='ltr'>amico</span> <span class='ocrx_word' id='word_1_466' title='bbox 722 3450 859 3505; x_wconf 89' lang='lat' dir='ltr'>tideli</span> <span class='ocrx_word' id='word_1_467' title='bbox 898 3451 1029 3504; x_wconf 81' lang='lat' dir='ltr'>nihil</span> <span class='ocrx_word' id='word_1_468' title='bbox 1061 3460 1146 3504; x_wconf 90' lang='lat' dir='ltr'>est</span> <span class='ocrx_word' id='word_1_469' title='bbox 1184 3451 1508 3519; x_wconf 88' lang='lat' dir='ltr'>pretiosius;</span> <span class='ocrx_word' id='word_1_470' title='bbox 1545 3460 1598 3504; x_wconf 89' lang='lat' dir='ltr'>et</span> <span class='ocrx_word' id='word_1_471' title='bbox 1636 3453 1774 3506; x_wconf 87' lang='lat' dir='ltr'>sicut</span> <span class='ocrx_word' id='word_1_472' title='bbox 1801 3454 1905 3506; x_wconf 67' lang='lat' dir='ltr'>«luo</span> 
     </span>
     <span class='ocr_line' id='line_1_66' title="bbox 343 3541 1901 3611; baseline -0.001 -14"><span class='ocrx_word' id='word_1_473' title='bbox 343 3544 486 3597; x_wconf 76' lang='lat' dir='ltr'>oculi</span> <span class='ocrx_word' id='word_1_474' title='bbox 529 3557 636 3596; x_wconf 88' lang='lat' dir='ltr'>uno</span> <span class='ocrx_word' id='word_1_475' title='bbox 666 3543 730 3595; x_wconf 85' lang='lat' dir='ltr'>ad</span> <span class='ocrx_word' id='word_1_476' title='bbox 771 3542 978 3610; x_wconf 81' lang='lat' dir='ltr'>objecta</span> <span class='ocrx_word' id='word_1_477' title='bbox 1019 3541 1245 3596; x_wconf 88' lang='lat' dir='ltr'>videnda</span> <span class='ocrx_word' id='word_1_478' title='bbox 1284 3542 1694 3611; x_wconf 76' lang='lat' dir='ltr'>,praestantiorcs</span> <span class='ocrx_word' id='word_1_479' title='bbox 1743 3553 1901 3607; x_wconf 90' lang='lat' dir='ltr'>sunt,</span> 
     </span>
     <span class='ocr_line' id='line_1_67' title="bbox 348 3631 1903 3700; baseline 0.003 -17"><span class='ocrx_word' id='word_1_480' title='bbox 348 3635 416 3684; x_wconf 84' lang='lat' dir='ltr'>ita</span> <span class='ocrx_word' id='word_1_481' title='bbox 454 3641 507 3686; x_wconf 91' lang='lat' dir='ltr'>et</span> <span class='ocrx_word' id='word_1_482' title='bbox 538 3633 652 3686; x_wconf 72' lang='lat' dir='ltr'>dum</span> <span class='ocrx_word' id='word_1_483' title='bbox 686 3632 876 3685; x_wconf 83' lang='lat' dir='ltr'>animae</span> <span class='ocrx_word' id='word_1_484' title='bbox 923 3631 1237 3697; x_wconf 56' lang='lat' dir='ltr'>concordes„</span> <span class='ocrx_word' id='word_1_485' title='bbox 1293 3645 1410 3700; x_wconf 82' lang='lat' dir='ltr'>quae</span> <span class='ocrx_word' id='word_1_486' title='bbox 1460 3632 1577 3687; x_wconf 78' lang='lat' dir='ltr'>duae</span> <span class='ocrx_word' id='word_1_487' title='bbox 1629 3633 1903 3696; x_wconf 89' lang='lat' dir='ltr'>dicuntur,</span> 
     </span>
     <span class='ocr_line' id='line_1_68' title="bbox 347 3721 1906 3784; baseline -0.001 -9"><span class='ocrx_word' id='word_1_488' title='bbox 347 3722 435 3776; x_wconf 87' lang='lat' dir='ltr'>scd</span> <span class='ocrx_word' id='word_1_489' title='bbox 478 3737 579 3775; x_wconf 88' lang='lat' dir='ltr'>uua</span> <span class='ocrx_word' id='word_1_490' title='bbox 609 3737 726 3776; x_wconf 88' lang='lat' dir='ltr'>csse</span> <span class='ocrx_word' id='word_1_491' title='bbox 757 3721 1024 3784; x_wconf 86' lang='lat' dir='ltr'>videntur,</span> <span class='ocrx_word' id='word_1_492' title='bbox 1070 3721 1135 3776; x_wconf 79' lang='lat' dir='ltr'>ad</span> <span class='ocrx_word' id='word_1_493' title='bbox 1179 3729 1418 3774; x_wconf 89' lang='lat' dir='ltr'>mutuum</span> <span class='ocrx_word' id='word_1_494' title='bbox 1459 3721 1741 3776; x_wconf 88' lang='lat' dir='ltr'>consilium</span> <span class='ocrx_word' id='word_1_495' title='bbox 1772 3721 1906 3775; x_wconf 78' lang='lat' dir='ltr'>fiunt</span> 
     </span>
     <span class='ocr_line' id='line_1_69' title="bbox 346 3808 1904 3877; baseline -0.001 -13"><span class='ocrx_word' id='word_1_496' title='bbox 346 3810 602 3865; x_wconf 86' lang='lat' dir='ltr'>baculus:</span> <span class='ocrx_word' id='word_1_497' title='bbox 652 3809 853 3863; x_wconf 66' lang='lat' dir='ltr'>idcirco</span> <span class='ocrx_word' id='word_1_498' title='bbox 908 3824 1012 3862; x_wconf 91' lang='lat' dir='ltr'>non</span> <span class='ocrx_word' id='word_1_499' title='bbox 1065 3809 1165 3862; x_wconf 88' lang='lat' dir='ltr'>sibi</span> <span class='ocrx_word' id='word_1_500' title='bbox 1224 3808 1323 3862; x_wconf 90' lang='lat' dir='ltr'>soli</span> <span class='ocrx_word' id='word_1_501' title='bbox 1379 3809 1657 3863; x_wconf 86' lang='lat' dir='ltr'>consilium</span> <span class='ocrx_word' id='word_1_502' title='bbox 1713 3821 1904 3877; x_wconf 86' lang='lat' dir='ltr'>capere</span> 
     </span>
     <span class='ocr_line' id='line_1_70' title="bbox 343 3898 1905 3968; baseline -0.003 -13"><span class='ocrx_word' id='word_1_503' title='bbox 343 3899 634 3964; x_wconf 85' lang='lat' dir='ltr'>commisit,</span> <span class='ocrx_word' id='word_1_504' title='bbox 678 3901 773 3954; x_wconf 91' lang='lat' dir='ltr'>sed</span> <span class='ocrx_word' id='word_1_505' title='bbox 825 3898 1012 3952; x_wconf 83' lang='lat' dir='ltr'>amicis</span> <span class='ocrx_word' id='word_1_506' title='bbox 1062 3912 1278 3967; x_wconf 87' lang='lat' dir='ltr'>quoque</span> <span class='ocrx_word' id='word_1_507' title='bbox 1326 3913 1450 3952; x_wconf 89' lang='lat' dir='ltr'>cum</span> <span class='ocrx_word' id='word_1_508' title='bbox 1503 3899 1619 3967; x_wconf 86' lang='lat' dir='ltr'>ipso</span> <span class='ocrx_word' id='word_1_509' title='bbox 1659 3901 1905 3968; x_wconf 86' lang='lat' dir='ltr'>permisit</span> 
     </span>
     <span class='ocr_line' id='line_1_71' title="bbox 346 3985 1905 4055; baseline -0.001 -14"><span class='ocrx_word' id='word_1_510' title='bbox 346 3987 672 4043; x_wconf 81' lang='lat' dir='ltr'>consultare.</span> <span class='ocrx_word' id='word_1_511' title='bbox 727 3985 838 4038; x_wconf 74' lang='lat' dir='ltr'>Non</span> <span class='ocrx_word' id='word_1_512' title='bbox 889 3987 1128 4054; x_wconf 81' lang='lat' dir='ltr'>gustavit</span> <span class='ocrx_word' id='word_1_513' title='bbox 1174 3985 1484 4048; x_wconf 63' lang='lat' dir='ltr'>antistiti-am,</span> <span class='ocrx_word' id='word_1_514' title='bbox 1533 4001 1759 4055; x_wconf 88' lang='lat' dir='ltr'>eamque</span> <span class='ocrx_word' id='word_1_515' title='bbox 1806 4001 1905 4040; x_wconf 84' lang='lat' dir='ltr'>ex·-</span> 
     </span>
     <span class='ocr_line' id='line_1_72' title="bbox 347 4074 1901 4146; baseline -0.002 -14"><span class='ocrx_word' id='word_1_516' title='bbox 347 4079 520 4146; x_wconf 84' lang='lat' dir='ltr'>spuit;</span> <span class='ocrx_word' id='word_1_517' title='bbox 581 4091 680 4129; x_wconf 90' lang='lat' dir='ltr'>uec</span> <span class='ocrx_word' id='word_1_518' title='bbox 738 4074 974 4128; x_wconf 89' lang='lat' dir='ltr'>animum</span> <span class='ocrx_word' id='word_1_519' title='bbox 1035 4074 1301 4127; x_wconf 88' lang='lat' dir='ltr'>sincerum</span> <span class='ocrx_word' id='word_1_520' title='bbox 1358 4076 1527 4127; x_wconf 87' lang='lat' dir='ltr'>instar</span> <span class='ocrx_word' id='word_1_521' title='bbox 1581 4076 1901 4131; x_wconf 73' lang='lat' dir='ltr'>fraudulenti</span> 
     </span>
     <span class='ocr_line' id='line_1_73' title="bbox 346 4166 1904 4234; baseline -0.003 -11"><span class='ocrx_word' id='word_1_522' title='bbox 346 4176 626 4225; x_wconf 79' lang='lat' dir='ltr'>aversatus</span> <span class='ocrx_word' id='word_1_523' title='bbox 656 4176 736 4221; x_wconf 82' lang='lat' dir='ltr'>cst</span> <span class='ocrx_word' id='word_1_524' title='bbox 767 4185 781 4231; x_wconf 89' lang='lat'>;</span> <span class='ocrx_word' id='word_1_525' title='bbox 827 4179 997 4234; x_wconf 82' lang='lat' dir='ltr'>nequo</span> <span class='ocrx_word' id='word_1_526' title='bbox 1030 4175 1280 4232; x_wconf 80' lang='lat' dir='ltr'>tanquam</span> <span class='ocrx_word' id='word_1_527' title='bbox 1311 4175 1522 4232; x_wconf 87' lang='lat' dir='ltr'>emptor</span> <span class='ocrx_word' id='word_1_528' title='bbox 1561 4166 1785 4233; x_wconf 90' lang='lat' dir='ltr'>pecunia</span> <span class='ocrx_word' id='word_1_529' title='bbox 1813 4183 1904 4221; x_wconf 87' lang='lat' dir='ltr'>ca-</span> 
     </span>
     <span class='ocr_line' id='line_1_74' title="bbox 345 4254 1904 4327; baseline -0.004 -12"><span class='ocrx_word' id='word_1_530' title='bbox 345 4276 471 4315; x_wconf 86' lang='lat' dir='ltr'>reus</span> <span class='ocrx_word' id='word_1_531' title='bbox 506 4267 705 4313; x_wconf 81' lang='lat' dir='ltr'>vestem</span> <span class='ocrx_word' id='word_1_532' title='bbox 740 4260 792 4311; x_wconf 93' lang='lat' dir='ltr'>in</span> <span class='ocrx_word' id='word_1_533' title='bbox 852 4256 989 4320; x_wconf 86' lang='lat' dir='ltr'>l&#39;oro,</span> <span class='ocrx_word' id='word_1_534' title='bbox 1022 4254 1194 4310; x_wconf 89' lang='lat' dir='ltr'>induit</span> <span class='ocrx_word' id='word_1_535' title='bbox 1234 4255 1487 4321; x_wconf 89' lang='lat' dir='ltr'>amicum,</span> <span class='ocrx_word' id='word_1_536' title='bbox 1519 4257 1769 4327; x_wconf 81' lang='lat' dir='ltr'>exuitque</span> <span class='ocrx_word' id='word_1_537' title='bbox 1794 4269 1904 4312; x_wconf 80' lang='lat' dir='ltr'>sta-</span> 
     </span>
     <span class='ocr_line' id='line_1_75' title="bbox 349 4347 1900 4418; baseline -0.003 -12"><span class='ocrx_word' id='word_1_538' title='bbox 349 4355 442 4406; x_wconf 90' lang='lat' dir='ltr'>tim</span> <span class='ocrx_word' id='word_1_539' title='bbox 465 4369 479 4416; x_wconf 93' lang='lat'>;</span> <span class='ocrx_word' id='word_1_540' title='bbox 507 4364 675 4418; x_wconf 84' lang='lat' dir='ltr'>neque</span> <span class='ocrx_word' id='word_1_541' title='bbox 701 4349 843 4403; x_wconf 87' lang='lat' dir='ltr'>velut</span> <span class='ocrx_word' id='word_1_542' title='bbox 867 4357 1100 4404; x_wconf 81' lang='lat' dir='ltr'>veterem</span> <span class='ocrx_word' id='word_1_543' title='bbox 1124 4347 1382 4413; x_wconf 89' lang='lat' dir='ltr'>tunicam,</span> <span class='ocrx_word' id='word_1_544' title='bbox 1414 4358 1647 4403; x_wconf 86' lang='lat' dir='ltr'>veterem</span> <span class='ocrx_word' id='word_1_545' title='bbox 1671 4350 1900 4404; x_wconf 89' lang='lat' dir='ltr'>amicum</span> 
     </span>
    </p>
   </div>
   <div class='ocr_carea' id='block_1_15' title="bbox 2007 3352 3557 3451">
    <p class='ocr_par' dir='ltr' id='par_1_17' title="bbox 2007 3352 3557 3451">
     <span class='ocr_line' id='line_1_76' title="bbox 2007 3352 3557 3451; baseline 0.005 -36"><span class='ocrx_word' id='word_1_546' title='bbox 2007 3362 2177 3425; x_wconf 81' lang='grc' dir='ltr'>Εἰδὼς</span> <span class='ocrx_word' id='word_1_547' title='bbox 2213 3363 2321 3434; x_wconf 83' lang='grc' dir='ltr'>γὰρ</span> <span class='ocrx_word' id='word_1_548' title='bbox 2346 3365 2375 3416; x_wconf 87' lang='grc' dir='ltr'>ό</span> <span class='ocrx_word' id='word_1_549' title='bbox 2401 3352 2705 3428; x_wconf 64' lang='grc' dir='ltr'>Δαόὶδ,“δτι</span> <span class='ocrx_word' id='word_1_550' title='bbox 2725 3366 3132 3435; x_wconf 40' lang='grc' dir='ltr'>φίλου-πιστοῦ,</span> <span class='ocrx_word' id='word_1_551' title='bbox 3148 3368 3256 3439; x_wconf 70' lang='grc'><strong>(48)</strong></span> <span class='ocrx_word' id='word_1_552' title='bbox 3281 3369 3430 3451; x_wconf 75' lang='grc' dir='ltr'>οὐδὲν</span> <span class='ocrx_word' id='word_1_553' title='bbox 3475 3389 3557 3423; x_wconf 66' lang='grc' dir='ltr'>τι·</span> 
     </span>
    </p>
   </div>
   <div class='ocr_carea' id='block_1_16' title="bbox 2005 3448 3568 3618">
    <p class='ocr_par' dir='ltr' id='par_1_18' title="bbox 2005 3448 3568 3618">
     <span class='ocr_line' id='line_1_77' title="bbox 2011 3448 3559 3529; baseline 0.005 -26"><span class='ocrx_word' id='word_1_554' title='bbox 2011 3451 2298 3523; x_wconf 85' lang='grc' dir='ltr'>μιώτερον,</span> <span class='ocrx_word' id='word_1_555' title='bbox 2344 3452 2437 3505; x_wconf 76' lang='grc' dir='ltr'>καὶ</span> <span class='ocrx_word' id='word_1_556' title='bbox 2465 3451 2654 3523; x_wconf 82' lang='grc' dir='ltr'>ὥσπερ</span> <span class='ocrx_word' id='word_1_557' title='bbox 2681 3455 2729 3506; x_wconf 82' lang='lat' dir='ltr'>oi</span> <span class='ocrx_word' id='word_1_558' title='bbox 2763 3451 2858 3508; x_wconf 83' lang='grc' dir='ltr'>δύο</span> <span class='ocrx_word' id='word_1_559' title='bbox 2880 3448 3391 3526; x_wconf 50' lang='grc' dir='ltr'>ὀφθαλῇζύὖάϋδς</span> <span class='ocrx_word' id='word_1_560' title='bbox 3423 3458 3559 3529; x_wconf 72' lang='grc' dir='ltr'>πρὸς</span> 
     </span>
     <span class='ocr_line' id='line_1_78' title="bbox 2005 3542 3568 3618; baseline 0.004 -22"><span class='ocrx_word' id='word_1_561' title='bbox 2005 3545 2065 3597; x_wconf 75' lang='grc' dir='ltr'>τὸ</span> <span class='ocrx_word' id='word_1_562' title='bbox 2093 3544 2227 3614; x_wconf 76' lang='grc' dir='ltr'>ὀρᾷν</span> <span class='ocrx_word' id='word_1_563' title='bbox 2256 3542 2325 3596; x_wconf 72' lang='grc' dir='ltr'>τά</span> <span class='ocrx_word' id='word_1_564' title='bbox 2348 3545 2682 3615; x_wconf 85' lang='grc' dir='ltr'>ὑποκείμενα</span> <span class='ocrx_word' id='word_1_565' title='bbox 2705 3546 3139 3618; x_wconf 76' lang='grc' dir='ltr'>ἀναγκαιότεραι,</span> <span class='ocrx_word' id='word_1_566' title='bbox 3166 3544 3328 3610; x_wconf 67' lang='grc' dir='ltr'>οὕτως</span> <span class='ocrx_word' id='word_1_567' title='bbox 3352 3549 3451 3601; x_wconf 76' lang='grc' dir='ltr'>καὶ</span> <span class='ocrx_word' id='word_1_568' title='bbox 3474 3550 3568 3602; x_wconf 71' lang='grc' dir='ltr'>δύο</span> 
     </span>
    </p>
   </div>
   <div class='ocr_carea' id='block_1_17' title="bbox 1997 3634 3570 3708">
    <p class='ocr_par' dir='ltr' id='par_1_19' title="bbox 1997 3634 3570 3708">
     <span class='ocr_line' id='line_1_79' title="bbox 1997 3634 3570 3708; baseline 0.003 -22"><span class='ocrx_word' id='word_1_569' title='bbox 1997 3634 2172 3704; x_wconf 75' lang='grc' dir='ltr'>ψυχαὶ</span> <span class='ocrx_word' id='word_1_570' title='bbox 2195 3635 2503 3703; x_wconf 86' lang='grc' dir='ltr'>όμόπιστοι,</span> <span class='ocrx_word' id='word_1_571' title='bbox 2532 3634 2625 3687; x_wconf 84' lang='grc' dir='ltr'>δύο</span> <span class='ocrx_word' id='word_1_572' title='bbox 2650 3634 2957 3705; x_wconf 80' lang='grc' dir='ltr'>λεγόμεναι,</span> <span class='ocrx_word' id='word_1_573' title='bbox 2986 3637 3081 3690; x_wconf 80' lang='grc' dir='ltr'>καὶ</span> <span class='ocrx_word' id='word_1_574' title='bbox 3110 3637 3206 3707; x_wconf 87' lang='grc' dir='ltr'>μία</span> <span class='ocrx_word' id='word_1_575' title='bbox 3228 3637 3570 3708; x_wconf 76' lang='grc' dir='ltr'>φαινόμεναι,</span> 
     </span>
    </p>
   </div>
   <div class='ocr_carea' id='block_1_18' title="bbox 2003 3723 3584 4428">
    <p class='ocr_par' dir='ltr' id='par_1_20' title="bbox 2003 3723 3584 4428">
     <span class='ocr_line' id='line_1_80' title="bbox 2005 3723 3582 3798; baseline 0.004 -22"><span class='ocrx_word' id='word_1_576' title='bbox 2005 3724 2141 3795; x_wconf 81' lang='grc' dir='ltr'>πρὸς</span> <span class='ocrx_word' id='word_1_577' title='bbox 2197 3723 2523 3794; x_wconf 76' lang='grc' dir='ltr'>συμὸουλίαν</span> <span class='ocrx_word' id='word_1_578' title='bbox 2574 3724 2817 3794; x_wconf 78' lang='grc' dir='ltr'>ἀλλήλων</span> <span class='ocrx_word' id='word_1_579' title='bbox 2866 3724 3139 3798; x_wconf 82' lang='grc' dir='ltr'>βακτηρία</span> <span class='ocrx_word' id='word_1_580' title='bbox 3181 3727 3440 3795; x_wconf 79' lang='grc' dir='ltr'>γίνονται·</span> <span class='ocrx_word' id='word_1_581' title='bbox 3492 3730 3582 3782; x_wconf 65' lang='grc' dir='ltr'>διὰ.</span> 
     </span>
     <span class='ocr_line' id='line_1_81' title="bbox 2004 3813 3582 3885; baseline 0.002 -17"><span class='ocrx_word' id='word_1_582' title='bbox 2004 3813 2161 3868; x_wconf 78' lang='grc' dir='ltr'>τοῦτο</span> <span class='ocrx_word' id='word_1_583' title='bbox 2201 3815 2300 3884; x_wconf 76' lang='grc' dir='ltr'>οὐχ</span> <span class='ocrx_word' id='word_1_584' title='bbox 2354 3813 2528 3884; x_wconf 83' lang='grc' dir='ltr'>ἑαυτῷ</span> <span class='ocrx_word' id='word_1_585' title='bbox 2561 3815 2704 3884; x_wconf 85' lang='grc' dir='ltr'>μόνῳ</span> <span class='ocrx_word' id='word_1_586' title='bbox 2732 3814 2824 3868; x_wconf 81' lang='grc' dir='ltr'>τοῦ</span> <span class='ocrx_word' id='word_1_587' title='bbox 2892 3815 3241 3885; x_wconf 83' lang='grc' dir='ltr'>βουλεύεσθαι</span> <span class='ocrx_word' id='word_1_588' title='bbox 3277 3818 3582 3882; x_wconf 76' lang='grc' dir='ltr'>ἐπίστευεν,</span> 
     </span>
     <span class='ocr_line' id='line_1_82' title="bbox 2003 3904 3583 3979; baseline 0.003 -21"><span class='ocrx_word' id='word_1_589' title='bbox 2003 3905 2139 3959; x_wconf 89' lang='grc' dir='ltr'>ἀλλά</span> <span class='ocrx_word' id='word_1_590' title='bbox 2182 3906 2275 3959; x_wconf 77' lang='grc' dir='ltr'>καὶ</span> <span class='ocrx_word' id='word_1_591' title='bbox 2321 3904 2494 3975; x_wconf 83' lang='grc' dir='ltr'>φίλοις</span> <span class='ocrx_word' id='word_1_592' title='bbox 2537 3905 2597 3958; x_wconf 80' lang='grc' dir='ltr'>τὸ</span> <span class='ocrx_word' id='word_1_593' title='bbox 2632 3905 3017 3977; x_wconf 73' lang='grc' dir='ltr'>συμὸουλεύειν</span> <span class='ocrx_word' id='word_1_594' title='bbox 3066 3907 3218 3978; x_wconf 80' lang='grc' dir='ltr'>αὐτῷ</span> <span class='ocrx_word' id='word_1_595' title='bbox 3257 3909 3583 3979; x_wconf 78' lang='grc' dir='ltr'>ἐπέτρεπεν.</span> 
     </span>
     <span class='ocr_line' id='line_1_83' title="bbox 2006 3994 3584 4068; baseline 0.005 -20"><span class='ocrx_word' id='word_1_596' title='bbox 2006 3997 2081 4048; x_wconf 83' lang='grc' dir='ltr'>Οὐ</span> <span class='ocrx_word' id='word_1_597' title='bbox 2137 3994 2469 4065; x_wconf 79' lang='grc' dir='ltr'>γευσάμενος</span> <span class='ocrx_word' id='word_1_598' title='bbox 2514 3996 2611 4066; x_wconf 84' lang='grc' dir='ltr'>τῆς</span> <span class='ocrx_word' id='word_1_599' title='bbox 2642 3996 2843 4065; x_wconf 83' lang='grc' dir='ltr'>φιλίας,</span> <span class='ocrx_word' id='word_1_600' title='bbox 2877 3997 2971 4051; x_wconf 77' lang='grc' dir='ltr'>καὶ</span> <span class='ocrx_word' id='word_1_601' title='bbox 2998 3996 3204 4068; x_wconf 82' lang='grc' dir='ltr'>ταύτην</span> <span class='ocrx_word' id='word_1_602' title='bbox 3238 3998 3584 4062; x_wconf 83' lang='grc' dir='ltr'>ἀποπτύσας.</span> 
     </span>
     <span class='ocr_line' id='line_1_84' title="bbox 2004 4083 3577 4158; baseline 0.003 -21"><span class='ocrx_word' id='word_1_603' title='bbox 2004 4084 2123 4137; x_wconf 83' lang='grc' dir='ltr'>οὐδὲ</span> <span class='ocrx_word' id='word_1_604' title='bbox 2161 4083 2260 4154; x_wconf 80' lang='grc' dir='ltr'>τὴν</span> <span class='ocrx_word' id='word_1_605' title='bbox 2307 4083 2490 4138; x_wconf 81' lang='grc' dir='ltr'>ἄδολον</span> <span class='ocrx_word' id='word_1_606' title='bbox 2532 4083 2707 4154; x_wconf 80' lang='grc' dir='ltr'>ψυχὴν</span> <span class='ocrx_word' id='word_1_607' title='bbox 2750 4085 2825 4148; x_wconf 83' lang='grc' dir='ltr'>ὡς</span> <span class='ocrx_word' id='word_1_608' title='bbox 2862 4084 3040 4138; x_wconf 87' lang='grc' dir='ltr'>δολίαν</span> <span class='ocrx_word' id='word_1_609' title='bbox 3077 4085 3577 4158; x_wconf 67' lang='grc' dir='ltr'>ἀποστρεφόμενος,</span> 
     </span>
     <span class='ocr_line' id='line_1_85' title="bbox 2004 4174 3578 4247; baseline 0.001 -20"><span class='ocrx_word' id='word_1_610' title='bbox 2004 4175 2122 4228; x_wconf 74' lang='grc' dir='ltr'>οὐδὲ</span> <span class='ocrx_word' id='word_1_611' title='bbox 2149 4175 2224 4237; x_wconf 82' lang='grc' dir='ltr'>ὡς</span> <span class='ocrx_word' id='word_1_612' title='bbox 2258 4174 2566 4245; x_wconf 84' lang='grc' dir='ltr'>ἀνάργυρος</span> <span class='ocrx_word' id='word_1_613' title='bbox 2598 4174 2904 4245; x_wconf 81' lang='grc' dir='ltr'>ἀγοραστὴς</span> <span class='ocrx_word' id='word_1_614' title='bbox 2950 4174 3010 4228; x_wconf 83' lang='grc' dir='ltr'>τὸ</span> <span class='ocrx_word' id='word_1_615' title='bbox 3056 4175 3115 4227; x_wconf 82' lang='grc' dir='ltr'>ἐν</span> <span class='ocrx_word' id='word_1_616' title='bbox 3152 4176 3334 4247; x_wconf 78' lang='grc' dir='ltr'>ἀγορᾷ</span> <span class='ocrx_word' id='word_1_617' title='bbox 3367 4178 3578 4246; x_wconf 71' lang='grc' dir='ltr'>ἱμάτιον</span> 
     </span>
     <span class='ocr_line' id='line_1_86' title="bbox 2004 4263 3572 4337; baseline 0.001 -21"><span class='ocrx_word' id='word_1_618' title='bbox 2004 4265 2361 4334; x_wconf 81' lang='grc' dir='ltr'>ἐνδυσάμενος</span> <span class='ocrx_word' id='word_1_619' title='bbox 2385 4263 2478 4316; x_wconf 82' lang='grc' dir='ltr'>τὸν</span> <span class='ocrx_word' id='word_1_620' title='bbox 2503 4263 2672 4333; x_wconf 82' lang='grc' dir='ltr'>φίλον,</span> <span class='ocrx_word' id='word_1_621' title='bbox 2711 4265 2804 4317; x_wconf 78' lang='grc' dir='ltr'>καὶ</span> <span class='ocrx_word' id='word_1_622' title='bbox 2831 4264 3034 4328; x_wconf 81' lang='grc' dir='ltr'>εὐθέως</span> <span class='ocrx_word' id='word_1_623' title='bbox 3063 4265 3455 4337; x_wconf 76' lang='grc' dir='ltr'>ἐκδυσάμενος,</span> <span class='ocrx_word' id='word_1_624' title='bbox 3483 4269 3572 4320; x_wconf 80' lang='grc' dir='ltr'>οὐ·</span> 
     </span>
     <span class='ocr_line' id='line_1_87' title="bbox 2003 4355 3575 4428; baseline 0.003 -21"><span class='ocrx_word' id='word_1_625' title='bbox 2003 4355 2062 4407; x_wconf 82' lang='grc' dir='ltr'>δὲ</span> <span class='ocrx_word' id='word_1_626' title='bbox 2089 4359 2163 4419; x_wconf 80' lang='grc' dir='ltr'>ὡς</span> <span class='ocrx_word' id='word_1_627' title='bbox 2193 4355 2418 4409; x_wconf 76' lang='grc' dir='ltr'>παλαιὸν</span> <span class='ocrx_word' id='word_1_628' title='bbox 2450 4355 2648 4425; x_wconf 84' lang='grc' dir='ltr'>χιτῶνα</span> <span class='ocrx_word' id='word_1_629' title='bbox 2677 4355 2765 4408; x_wconf 76' lang='grc' dir='ltr'>τὸν</span> <span class='ocrx_word' id='word_1_630' title='bbox 2795 4355 3020 4409; x_wconf 86' lang='grc' dir='ltr'>παλαιὸν</span> <span class='ocrx_word' id='word_1_631' title='bbox 3043 4356 3192 4424; x_wconf 83' lang='grc' dir='ltr'>φίλον</span> <span class='ocrx_word' id='word_1_632' title='bbox 3217 4358 3575 4428; x_wconf 85' lang='grc' dir='ltr'>ἀπαμφιασά-</span> 
     </span>
    </p>
   </div>
   <div class='ocr_carea' id='block_1_19' title="bbox 346 4438 3568 4518">
    <p class='ocr_par' dir='ltr' id='par_1_21' title="bbox 346 4438 3568 4518">
     <span class='ocr_line' id='line_1_88' title="bbox 346 4438 3568 4518; baseline -0.002 -23"><span class='ocrx_word' id='word_1_633' title='bbox 346 4443 609 4510; x_wconf 86' lang='lat' dir='ltr'>deposuit.</span> <span class='ocrx_word' id='word_1_634' title='bbox 664 4440 937 4509; x_wconf 85' lang='lat' dir='ltr'>Siquidem</span> <span class='ocrx_word' id='word_1_635' title='bbox 984 4447 1140 4493; x_wconf 85' lang='lat' dir='ltr'>vetus</span> <span class='ocrx_word' id='word_1_636' title='bbox 1189 4438 1561 4493; x_wconf 83' lang='lat' dir='ltr'>indumentum</span> <span class='ocrx_word' id='word_1_637' title='bbox 1604 4442 1890 4509; x_wconf 88' lang='lat' dir='ltr'>corrumpi·</span> <span class='ocrx_word' id='word_1_638' title='bbox 1925 4459 1976 4512; x_wconf 70' lang='grc' dir='ltr'>ι)</span> <span class='ocrx_word' id='word_1_639' title='bbox 2007 4464 2183 4517; x_wconf 84' lang='grc' dir='ltr'>μενος.</span> <span class='ocrx_word' id='word_1_640' title='bbox 2225 4448 2298 4500; x_wconf 85' lang='grc' dir='ltr'>Τὸ</span> <span class='ocrx_word' id='word_1_641' title='bbox 2329 4447 2428 4517; x_wconf 86' lang='grc' dir='ltr'>μὲν</span> <span class='ocrx_word' id='word_1_642' title='bbox 2464 4448 2573 4518; x_wconf 84' lang='grc' dir='ltr'>γὰρ</span> <span class='ocrx_word' id='word_1_643' title='bbox 2597 4447 2808 4517; x_wconf 79' lang='grc' dir='ltr'>ἱμάτιον</span> <span class='ocrx_word' id='word_1_644' title='bbox 2842 4447 3237 4517; x_wconf 84' lang='grc' dir='ltr'>παλαιούμενον</span> <span class='ocrx_word' id='word_1_645' title='bbox 3265 4447 3568 4518; x_wconf 66' lang='grc' dir='ltr'>διαφθείρε.</span> 
     </span>
    </p>
   </div>
   <div class='ocr_carea' id='block_1_20' title="bbox 344 4529 1900 4690">
    <p class='ocr_par' dir='ltr' id='par_1_22' title="bbox 344 4529 1900 4690">
     <span class='ocr_line' id='line_1_89' title="bbox 348 4529 1898 4598; baseline 0.002 -16"><span class='ocrx_word' id='word_1_646' title='bbox 348 4541 462 4596; x_wconf 86' lang='lat' dir='ltr'>tur;</span> <span class='ocrx_word' id='word_1_647' title='bbox 495 4530 648 4585; x_wconf 76' lang='lat' dir='ltr'>verus</span> <span class='ocrx_word' id='word_1_648' title='bbox 705 4541 883 4585; x_wconf 85' lang='lat' dir='ltr'>autem</span> <span class='ocrx_word' id='word_1_649' title='bbox 935 4529 1143 4583; x_wconf 89' lang='lat' dir='ltr'>amicus</span> <span class='ocrx_word' id='word_1_650' title='bbox 1186 4543 1291 4597; x_wconf 85' lang='lat' dir='ltr'>quo</span> <span class='ocrx_word' id='word_1_651' title='bbox 1343 4530 1513 4598; x_wconf 81' lang='lat' dir='ltr'>magis</span> <span class='ocrx_word' id='word_1_652' title='bbox 1555 4532 1898 4596; x_wconf 83' lang='lat' dir='ltr'>vetustescit,</span> 
     </span>
     <span class='ocr_line' id='line_1_90' title="bbox 344 4619 1900 4690; baseline 0 -15"><span class='ocrx_word' id='word_1_653' title='bbox 344 4637 407 4682; x_wconf 83' lang='lat' dir='ltr'>eo</span> <span class='ocrx_word' id='word_1_654' title='bbox 433 4624 705 4690; x_wconf 86' lang='lat' dir='ltr'>acceptior</span> <span class='ocrx_word' id='word_1_655' title='bbox 740 4636 863 4675; x_wconf 87' lang='lat' dir='ltr'>esse</span> <span class='ocrx_word' id='word_1_656' title='bbox 899 4622 1075 4675; x_wconf 88' lang='lat' dir='ltr'>debet.</span> <span class='ocrx_word' id='word_1_657' title='bbox 1127 4619 1585 4685; x_wconf 86' lang='lat' dir='ltr'>Quemadmodum</span> <span class='ocrx_word' id='word_1_658' title='bbox 1633 4622 1775 4676; x_wconf 88' lang='lat' dir='ltr'>enim</span> <span class='ocrx_word' id='word_1_659' title='bbox 1804 4635 1900 4675; x_wconf 64' lang='lat' dir='ltr'>ve-</span> 
     </span>
    </p>
   </div>
   <div class='ocr_carea' id='block_1_21' title="bbox 416 4774 1145 4844">
    <p class='ocr_par' dir='ltr' id='par_1_23' title="bbox 416 4774 1145 4844">
     <span class='ocr_line' id='line_1_91' title="bbox 416 4774 1145 4844; baseline -0.003 -15"><span class='ocrx_word' id='word_1_660' title='bbox 416 4774 456 4806; x_wconf 87' lang='lat'>¹’</span> <span class='ocrx_word' id='word_1_661' title='bbox 494 4774 535 4830; x_wconf 90' lang='lat' dir='ltr'>tt</span> <span class='ocrx_word' id='word_1_662' title='bbox 580 4775 710 4844; x_wconf 81' lang='lat' dir='ltr'>ch.</span> <span class='ocrx_word' id='word_1_663' title='bbox 751 4789 872 4837; x_wconf 83' lang='lat' dir='ltr'>xvt,</span> <span class='ocrx_word' id='word_1_664' title='bbox 915 4775 983 4829; x_wconf 75' lang='lat'>{6</span> <span class='ocrx_word' id='word_1_665' title='bbox 1021 4789 1145 4844; x_wconf 84' lang='lat' dir='ltr'>sqq.</span> 
     </span>
    </p>
   </div>
   <div class='ocr_carea' id='block_1_22' title="bbox 339 4889 1906 5798">
    <p class='ocr_par' dir='ltr' id='par_1_24' title="bbox 339 4889 1904 5100">
     <span class='ocr_line' id='line_1_92' title="bbox 413 4889 1904 4966; baseline 0 -17"><span class='ocrx_word' id='word_1_666' title='bbox 413 4894 521 4966; x_wconf 67' lang='lat'>(⁴7)</span> <span class='ocrx_word' id='word_1_667' title='bbox 562 4889 895 4964; x_wconf 67' lang='grc' dir='ltr'>Ὀφθαλμὸς</span> <span class='ocrx_word' id='word_1_668' title='bbox 985 4907 1025 4959; x_wconf 85' lang='grc' dir='ltr'>ρ</span> <span class='ocrx_word' id='word_1_669' title='bbox 1047 4890 1155 4958; x_wconf 83' lang='grc' dir='ltr'>τῆς</span> <span class='ocrx_word' id='word_1_670' title='bbox 1191 4891 1520 4961; x_wconf 78' lang='grc' dir='ltr'>ἑρμηνείας,</span> <span class='ocrx_word' id='word_1_671' title='bbox 1547 4894 1585 4962; x_wconf 73' lang='grc' dir='ltr'><strong><em>ἡ</em></strong></span> <span class='ocrx_word' id='word_1_672' title='bbox 1609 4893 1719 4962; x_wconf 86' lang='grc' dir='ltr'>τῆς</span> <span class='ocrx_word' id='word_1_673' title='bbox 1744 4899 1904 4949; x_wconf 79' lang='grc' dir='ltr'>ἱστο-</span> 
     </span>
     <span class='ocr_line' id='line_1_93' title="bbox 339 4962 1904 5030; baseline 0.001 -13"><span class='ocrx_word' id='word_1_674' title='bbox 339 4966 474 5030; x_wconf 73' lang='grc' dir='ltr'>ρίας</span> <span class='ocrx_word' id='word_1_675' title='bbox 517 4963 840 5027; x_wconf 70' lang='grc' dir='ltr'>ἀπόδειξις.</span> <span class='ocrx_word' id='word_1_676' title='bbox 943 4962 1152 5013; x_wconf 89' lang='lat' dir='ltr'>imirum</span> <span class='ocrx_word' id='word_1_677' title='bbox 1211 4972 1430 5030; x_wconf 83' lang='lat' dir='ltr'>propter</span> <span class='ocrx_word' id='word_1_678' title='bbox 1462 4965 1803 5019; x_wconf 83' lang='lat' dir='ltr'>claritatem:</span> <span class='ocrx_word' id='word_1_679' title='bbox 1839 4967 1904 5018; x_wconf 83' lang='lat' dir='ltr'>de</span> 
     </span>
     <span class='ocr_line' id='line_1_94' title="bbox 343 5029 1902 5100; baseline 0.001 -16"><span class='ocrx_word' id='word_1_680' title='bbox 343 5049 445 5100; x_wconf 84' lang='lat' dir='ltr'>qua</span> <span class='ocrx_word' id='word_1_681' title='bbox 475 5049 595 5088; x_wconf 89' lang='lat' dir='ltr'>cum</span> <span class='ocrx_word' id='word_1_682' title='bbox 627 5033 673 5086; x_wconf 89' lang='lat' dir='ltr'>lc</span> <span class='ocrx_word' id='word_1_683' title='bbox 710 5034 818 5085; x_wconf 84' lang='lat' dir='ltr'>eris</span> <span class='ocrx_word' id='word_1_684' title='bbox 855 5033 1012 5096; x_wconf 85' lang='lat' dir='ltr'>epist.</span> <span class='ocrx_word' id='word_1_685' title='bbox 1049 5029 1173 5093; x_wconf 70' lang='lat'>¹82,</span> <span class='ocrx_word' id='word_1_686' title='bbox 1207 5030 1298 5085; x_wconf 82' lang='lat' dir='ltr'>tit).</span> <span class='ocrx_word' id='word_1_687' title='bbox 1341 5047 1357 5086; x_wconf 89' lang='lat' dir='ltr'>t</span> <span class='ocrx_word' id='word_1_688' title='bbox 1386 5031 1489 5086; x_wconf 85' lang='lat' dir='ltr'>Nili</span> <span class='ocrx_word' id='word_1_689' title='bbox 1518 5034 1792 5096; x_wconf 82' lang='lat' dir='ltr'>monachi,</span> <span class='ocrx_word' id='word_1_690' title='bbox 1823 5035 1902 5087; x_wconf 74' lang='grc' dir='ltr'>εί-</span> 
     </span>
    </p>

    <p class='ocr_par' dir='ltr' id='par_1_25' title="bbox 343 5048 1906 5798">
     <span class='ocr_line' id='line_1_95' title="bbox 379 5048 1904 5173; baseline 0.001 -18"><span class='ocrx_word' id='word_1_691' title='bbox 379 5101 514 5172; x_wconf 83' lang='grc' dir='ltr'>ηκάς</span> <span class='ocrx_word' id='word_1_692' title='bbox 542 5119 630 5172; x_wconf 85' lang='grc' dir='ltr'>μοι</span> <span class='ocrx_word' id='word_1_693' title='bbox 660 5048 806 5168; x_wconf 53' lang='grc' dir='ltr'>ἕγαν</span> <span class='ocrx_word' id='word_1_694' title='bbox 834 5099 1302 5171; x_wconf 83' lang='grc' dir='ltr'>πολυπραγμονεῖν</span> <span class='ocrx_word' id='word_1_695' title='bbox 1344 5100 1411 5154; x_wconf 82' lang='grc' dir='ltr'>τὰ</span> <span class='ocrx_word' id='word_1_696' title='bbox 1440 5103 1646 5170; x_wconf 86' lang='grc' dir='ltr'>ἀναγεγ</span> <span class='ocrx_word' id='word_1_697' title='bbox 1685 5105 1904 5173; x_wconf 82' lang='grc' dir='ltr'>αμμένα</span> 
     </span>
     <span class='ocr_line' id='line_1_96' title="bbox 366 5168 1903 5243; baseline 0.001 -21"><span class='ocrx_word' id='word_1_698' title='bbox 366 5171 645 5241; x_wconf 85' lang='grc' dir='ltr'>στορικῶς,</span> <span class='ocrx_word' id='word_1_699' title='bbox 681 5168 981 5223; x_wconf 79' lang='grc' dir='ltr'>εὐσύνοπτα</span> <span class='ocrx_word' id='word_1_700' title='bbox 1012 5169 1119 5240; x_wconf 83' lang='grc' dir='ltr'>γὰρ</span> <span class='ocrx_word' id='word_1_701' title='bbox 1161 5168 1354 5231; x_wconf 80' lang='grc' dir='ltr'>ταῦτα,</span> <span class='ocrx_word' id='word_1_702' title='bbox 1401 5170 1532 5225; x_wconf 82' lang='grc' dir='ltr'>ἀλλὰ</span> <span class='ocrx_word' id='word_1_703' title='bbox 1623 5173 1656 5223; x_wconf 81' lang='grc' dir='ltr'>ἀ</span> <span class='ocrx_word' id='word_1_704' title='bbox 1691 5172 1780 5225; x_wconf 86' lang='grc' dir='ltr'>λον</span> <span class='ocrx_word' id='word_1_705' title='bbox 1804 5173 1903 5243; x_wconf 82' lang='grc' dir='ltr'>τὴν</span> 
     </span>
     <span class='ocr_line' id='line_1_97' title="bbox 343 5238 1904 5310; baseline 0.001 -18"><span class='ocrx_word' id='word_1_706' title='bbox 343 5241 524 5309; x_wconf 81' lang='grc' dir='ltr'>νόησιν</span> <span class='ocrx_word' id='word_1_707' title='bbox 548 5242 655 5294; x_wconf 87' lang='grc' dir='ltr'>τῶν</span> <span class='ocrx_word' id='word_1_708' title='bbox 682 5238 1079 5309; x_wconf 80' lang='grc' dir='ltr'>γεγραμμένων</span> <span class='ocrx_word' id='word_1_709' title='bbox 1103 5238 1294 5308; x_wconf 83' lang='grc' dir='ltr'>λίχνως</span> <span class='ocrx_word' id='word_1_710' title='bbox 1329 5240 1565 5310; x_wconf 84' lang='grc' dir='ltr'>διαθρεῖν</span> <span class='ocrx_word' id='word_1_711' title='bbox 1614 5241 1779 5309; x_wconf 90' lang='grc' dir='ltr'>έγεις,</span> <span class='ocrx_word' id='word_1_712' title='bbox 1807 5245 1904 5295; x_wconf 76' lang='grc' dir='ltr'>καὶ</span> 
     </span>
     <span class='ocr_line' id='line_1_98' title="bbox 344 5307 1904 5381; baseline 0.003 -21"><span class='ocrx_word' id='word_1_713' title='bbox 344 5309 422 5371; x_wconf 86' lang='grc' dir='ltr'>εἰς</span> <span class='ocrx_word' id='word_1_714' title='bbox 465 5308 634 5373; x_wconf 80' lang='grc' dir='ltr'>λέξεις</span> <span class='ocrx_word' id='word_1_715' title='bbox 676 5307 870 5378; x_wconf 84' lang='grc' dir='ltr'>νοητὰς</span> <span class='ocrx_word' id='word_1_716' title='bbox 926 5308 1204 5377; x_wconf 77' lang='grc' dir='ltr'>βούλεσθαι</span> <span class='ocrx_word' id='word_1_717' title='bbox 1239 5309 1403 5378; x_wconf 76' lang='grc' dir='ltr'>ἡδέως</span> <span class='ocrx_word' id='word_1_718' title='bbox 1439 5310 1537 5381; x_wconf 81' lang='grc' dir='ltr'>τὴν</span> <span class='ocrx_word' id='word_1_719' title='bbox 1567 5310 1788 5381; x_wconf 83' lang='grc' dir='ltr'>Γραφὴν</span> <span class='ocrx_word' id='word_1_720' title='bbox 1817 5313 1904 5363; x_wconf 80' lang='grc' dir='ltr'>ὲκ·</span> 
     </span>
     <span class='ocr_line' id='line_1_99' title="bbox 343 5377 1898 5514; baseline 0.003 -84"><span class='ocrx_word' id='word_1_721' title='bbox 343 5377 635 5498; x_wconf 50' lang='grc' dir='ltr'>λαμῗάνειν</span> <span class='ocrx_word' id='word_1_722' title='bbox 661 5388 944 5514; x_wconf 53' lang='grc' dir='ltr'>ιιιξιιιειιιο,</span> <span class='ocrx_word' id='word_1_723' title='bbox 980 5378 1060 5433; x_wconf 86' lang='lat' dir='ltr'>vel</span> <span class='ocrx_word' id='word_1_724' title='bbox 1084 5378 1277 5434; x_wconf 86' lang='lat' dir='ltr'>addere</span> <span class='ocrx_word' id='word_1_725' title='bbox 1313 5381 1385 5448; x_wconf 88' lang='grc' dir='ltr'>μή</span> <span class='ocrx_word' id='word_1_726' title='bbox 1417 5390 1535 5449; x_wconf 85' lang='lat' dir='ltr'>post</span> <span class='ocrx_word' id='word_1_727' title='bbox 1575 5381 1684 5450; x_wconf 75' lang='grc' dir='ltr'>μοί,</span> <span class='ocrx_word' id='word_1_728' title='bbox 1724 5381 1898 5436; x_wconf 83' lang='lat' dir='ltr'>velex</span> 
     </span>
     <span class='ocr_line' id='line_1_100' title="bbox 387 5460 764 5516; baseline -0.003 -17"><span class='ocrx_word' id='word_1_729' title='bbox 387 5464 416 5499; x_wconf 88' lang='lat'>0</span> <span class='ocrx_word' id='word_1_730' title='bbox 484 5460 640 5500; x_wconf 86' lang='lat' dir='ltr'>acere</span> <span class='ocrx_word' id='word_1_731' title='bbox 672 5463 709 5516; x_wconf 92' lang='grc' dir='ltr'>μ</span> <span class='ocrx_word' id='word_1_732' title='bbox 753 5487 764 5498; x_wconf 94' lang='grc'><em>.</em></span> 
     </span>
     <span class='ocr_line' id='line_1_101' title="bbox 347 5463 1906 5591; baseline 0.004 -24"><span class='ocrx_word' id='word_1_733' title='bbox 347 5463 386 5518; x_wconf 72' lang='grc' dir='ltr'><strong>μ</strong></span> <span class='ocrx_word' id='word_1_734' title='bbox 415 5514 526 5586; x_wconf 69' lang='grc'><strong>(48)</strong></span> <span class='ocrx_word' id='word_1_735' title='bbox 556 5515 739 5569; x_wconf 53' lang='lat' dir='ltr'>&amp;mov</span> <span class='ocrx_word' id='word_1_736' title='bbox 766 5516 1001 5571; x_wconf 80' lang='grc' dir='ltr'>πιστοῦ.</span> <span class='ocrx_word' id='word_1_737' title='bbox 1029 5515 1172 5572; x_wconf 87' lang='lat' dir='ltr'>lnter</span> <span class='ocrx_word' id='word_1_738' title='bbox 1197 5515 1343 5571; x_wconf 83' lang='lat' dir='ltr'>varia</span> <span class='ocrx_word' id='word_1_739' title='bbox 1373 5518 1668 5574; x_wconf 88' lang='lat' dir='ltr'>amicorum</span> <span class='ocrx_word' id='word_1_740' title='bbox 1701 5519 1906 5591; x_wconf 83' lang='lat' dir='ltr'>epithe-</span> 
     </span>
     <span class='ocr_line' id='line_1_102' title="bbox 347 5585 1901 5658; baseline 0.003 -18"><span class='ocrx_word' id='word_1_741' title='bbox 347 5594 422 5647; x_wconf 84' lang='lat' dir='ltr'>ta,</span> <span class='ocrx_word' id='word_1_742' title='bbox 450 5586 700 5653; x_wconf 77' lang='lat' dir='ltr'>frequens</span> <span class='ocrx_word' id='word_1_743' title='bbox 725 5594 807 5640; x_wconf 86' lang='lat' dir='ltr'>cst</span> <span class='ocrx_word' id='word_1_744' title='bbox 837 5585 962 5640; x_wconf 88' lang='lat' dir='ltr'>illud</span> <span class='ocrx_word' id='word_1_745' title='bbox 992 5588 1129 5656; x_wconf 87' lang='lat' dir='ltr'>apud</span> <span class='ocrx_word' id='word_1_746' title='bbox 1184 5585 1421 5652; x_wconf 80' lang='lat' dir='ltr'>Latinos,</span> <span class='ocrx_word' id='word_1_747' title='bbox 1465 5604 1570 5656; x_wconf 88' lang='lat' dir='ltr'>quo</span> <span class='ocrx_word' id='word_1_748' title='bbox 1609 5589 1901 5658; x_wconf 73' lang='lat' dir='ltr'>sinqulares</span> 
     </span>
     <span class='ocr_line' id='line_1_103' title="bbox 344 5654 1903 5724; baseline 0.002 -15"><span class='ocrx_word' id='word_1_749' title='bbox 344 5655 614 5710; x_wconf 87' lang='lat' dir='ltr'>dicuntur.</span> <span class='ocrx_word' id='word_1_750' title='bbox 651 5655 703 5708; x_wconf 92' lang='lat' dir='ltr'>ld</span> <span class='ocrx_word' id='word_1_751' title='bbox 733 5665 1085 5722; x_wconf 82' lang='lat' dir='ltr'>usurpaverat</span> <span class='ocrx_word' id='word_1_752' title='bbox 1113 5655 1272 5710; x_wconf 79' lang='lat' dir='ltr'>dubio</span> <span class='ocrx_word' id='word_1_753' title='bbox 1300 5655 1482 5724; x_wconf 86' lang='lat' dir='ltr'>procul</span> <span class='ocrx_word' id='word_1_754' title='bbox 1512 5654 1690 5711; x_wconf 83' lang='lat' dir='ltr'>Julius</span> <span class='ocrx_word' id='word_1_755' title='bbox 1719 5659 1903 5714; x_wconf 84' lang='lat' dir='ltr'>Caesar</span> 
     </span>
     <span class='ocr_line' id='line_1_104' title="bbox 347 5722 1903 5798; baseline 0.003 -18"><span class='ocrx_word' id='word_1_756' title='bbox 347 5725 400 5780; x_wconf 92' lang='lat' dir='ltr'>in</span> <span class='ocrx_word' id='word_1_757' title='bbox 434 5723 651 5779; x_wconf 77' lang='lat' dir='ltr'>decreto</span> <span class='ocrx_word' id='word_1_758' title='bbox 673 5736 769 5792; x_wconf 90' lang='lat' dir='ltr'>pro</span> <span class='ocrx_word' id='word_1_759' title='bbox 805 5722 1065 5795; x_wconf 69' lang='lat' dir='ltr'>Hyrcano.</span> <span class='ocrx_word' id='word_1_760' title='bbox 1098 5725 1204 5781; x_wconf 78' lang='lat' dir='ltr'>Sed</span> <span class='ocrx_word' id='word_1_761' title='bbox 1232 5722 1517 5796; x_wconf 80' lang='lat' dir='ltr'>Josephus,</span> <span class='ocrx_word' id='word_1_762' title='bbox 1558 5725 1643 5782; x_wconf 80' lang='lat' dir='ltr'>vel</span> <span class='ocrx_word' id='word_1_763' title='bbox 1682 5726 1726 5783; x_wconf 88' lang='lat' dir='ltr'>si</span> <span class='ocrx_word' id='word_1_764' title='bbox 1778 5730 1903 5798; x_wconf 85' lang='lat' dir='ltr'>quis</span> 
     </span>
    </p>
   </div>
   <div class='ocr_carea' id='block_1_23' title="bbox 2004 4535 3579 4700">
    <p class='ocr_par' dir='ltr' id='par_1_26' title="bbox 2004 4535 3579 4700">
     <span class='ocr_line' id='line_1_105' title="bbox 2004 4535 3577 4608; baseline -0.004 -18"><span class='ocrx_word' id='word_1_765' title='bbox 2004 4553 2118 4608; x_wconf 82' lang='grc' dir='ltr'>ται,</span> <span class='ocrx_word' id='word_1_766' title='bbox 2168 4540 2196 4590; x_wconf 88' lang='grc' dir='ltr'>ὁ</span> <span class='ocrx_word' id='word_1_767' title='bbox 2240 4537 2297 4590; x_wconf 82' lang='grc' dir='ltr'>δὲ</span> <span class='ocrx_word' id='word_1_768' title='bbox 2347 4535 2571 4600; x_wconf 85' lang='grc' dir='ltr'>παλαιὸς</span> <span class='ocrx_word' id='word_1_769' title='bbox 2620 4538 2773 4605; x_wconf 90' lang='grc' dir='ltr'>φίλος</span> <span class='ocrx_word' id='word_1_770' title='bbox 2812 4539 2923 4607; x_wconf 77' lang='grc' dir='ltr'>ὅσῳ</span> <span class='ocrx_word' id='word_1_771' title='bbox 2952 4536 3297 4600; x_wconf 83' lang='grc' dir='ltr'>παλαιοῦται,</span> <span class='ocrx_word' id='word_1_772' title='bbox 3336 4536 3577 4604; x_wconf 76' lang='grc' dir='ltr'>τοσούτῳ</span> 
     </span>
     <span class='ocr_line' id='line_1_106' title="bbox 2009 4612 3579 4700; baseline 0.001 -22"><span class='ocrx_word' id='word_1_773' title='bbox 2009 4626 2167 4680; x_wconf 87' lang='grc' dir='ltr'>πλέον</span> <span class='ocrx_word' id='word_1_774' title='bbox 2199 4628 2399 4696; x_wconf 85' lang='grc' dir='ltr'>ὀφείλει</span> <span class='ocrx_word' id='word_1_775' title='bbox 2431 4612 2965 4700; x_wconf 56' lang='grc' dir='ltr'>εἷναιδοκιμώτερος.</span> <span class='ocrx_word' id='word_1_776' title='bbox 3008 4628 3093 4690; x_wconf 84' lang='grc' dir='ltr'>Ὦς</span> <span class='ocrx_word' id='word_1_777' title='bbox 3130 4627 3239 4697; x_wconf 82' lang='grc' dir='ltr'>γὰρ</span> <span class='ocrx_word' id='word_1_778' title='bbox 3287 4631 3316 4681; x_wconf 78' lang='grc' dir='ltr'><strong>ὁ</strong></span> <span class='ocrx_word' id='word_1_779' title='bbox 3353 4626 3579 4688; x_wconf 75' lang='grc' dir='ltr'>παλαιὸς</span> 
     </span>
    </p>
   </div>
   <div class='ocr_carea' id='block_1_24' title="bbox 2002 4891 3588 5727">
    <p class='ocr_par' dir='ltr' id='par_1_27' title="bbox 2002 4891 3588 5727">
     <span class='ocr_line' id='line_1_107' title="bbox 2007 4891 3575 4960; baseline 0.001 -12"><span class='ocrx_word' id='word_1_780' title='bbox 2007 4896 2146 4951; x_wconf 87' lang='lat' dir='ltr'>alius</span> <span class='ocrx_word' id='word_1_781' title='bbox 2203 4895 2468 4959; x_wconf 84' lang='lat' dir='ltr'>interpres</span> <span class='ocrx_word' id='word_1_782' title='bbox 2498 4891 2720 4947; x_wconf 86' lang='lat' dir='ltr'>Graecus</span> <span class='ocrx_word' id='word_1_783' title='bbox 2756 4892 2966 4948; x_wconf 86' lang='lat' dir='ltr'>Decreti</span> <span class='ocrx_word' id='word_1_784' title='bbox 3009 4894 3150 4960; x_wconf 86' lang='lat' dir='ltr'>apud</span> <span class='ocrx_word' id='word_1_785' title='bbox 3191 4907 3317 4948; x_wconf 90' lang='lat' dir='ltr'>eum</span> <span class='ocrx_word' id='word_1_786' title='bbox 3349 4894 3445 4952; x_wconf 83' lang='lat' dir='ltr'>lib.</span> <span class='ocrx_word' id='word_1_787' title='bbox 3481 4912 3575 4950; x_wconf 79' lang='lat' dir='ltr'>xiv</span> 
     </span>
     <span class='ocr_line' id='line_1_108' title="bbox 2002 4961 3574 5036; baseline 0 -19"><span class='ocrx_word' id='word_1_788' title='bbox 2002 4966 2179 5036; x_wconf 82' lang='lat' dir='ltr'>Antiq.</span> <span class='ocrx_word' id='word_1_789' title='bbox 2238 4963 2452 5018; x_wconf 76' lang='lat' dir='ltr'>Iudaic.</span> <span class='ocrx_word' id='word_1_790' title='bbox 2516 4977 2634 5029; x_wconf 81' lang='lat' dir='ltr'>cap.</span> <span class='ocrx_word' id='word_1_791' title='bbox 2736 4962 2834 5028; x_wconf 81' lang='lat'>¹7,</span> <span class='ocrx_word' id='word_1_792' title='bbox 2901 4977 2953 5030; x_wconf 92' lang='lat' dir='ltr'>p.</span> <span class='ocrx_word' id='word_1_793' title='bbox 3013 4961 3147 5022; x_wconf 65' lang='lat'>486.</span> <span class='ocrx_word' id='word_1_794' title='bbox 3201 4976 3326 5016; x_wconf 89' lang='lat' dir='ltr'>cum</span> <span class='ocrx_word' id='word_1_795' title='bbox 3389 4979 3574 5020; x_wconf 81' lang='lat' dir='ltr'>vocem</span> 
     </span>
     <span class='ocr_line' id='line_1_109' title="bbox 2003 5030 3574 5103; baseline -0.001 -15"><span class='ocrx_word' id='word_1_796' title='bbox 2003 5034 2246 5089; x_wconf 81' lang='lat' dir='ltr'>Latina-n</span> <span class='ocrx_word' id='word_1_797' title='bbox 2311 5034 2489 5085; x_wconf 83' lang='lat' dir='ltr'>minus</span> <span class='ocrx_word' id='word_1_798' title='bbox 2556 5031 2910 5100; x_wconf 79' lang='lat' dir='ltr'>intelligeret,</span> <span class='ocrx_word' id='word_1_799' title='bbox 2968 5031 3088 5085; x_wconf 84' lang='grc' dir='ltr'>κατ’</span> <span class='ocrx_word' id='word_1_800' title='bbox 3154 5030 3323 5103; x_wconf 74' lang='grc' dir='ltr'>ἄνδρα</span> <span class='ocrx_word' id='word_1_801' title='bbox 3386 5038 3574 5088; x_wconf 84' lang='lat' dir='ltr'>vertit.</span> 
     </span>
     <span class='ocr_line' id='line_1_110' title="bbox 2004 5099 3581 5173; baseline 0 -17"><span class='ocrx_word' id='word_1_802' title='bbox 2004 5099 2157 5158; x_wconf 78' lang='grc' dir='ltr'>Εἶναί</span> <span class='ocrx_word' id='word_1_803' title='bbox 2206 5119 2264 5155; x_wconf 88' lang='grc' dir='ltr'>τε</span> <span class='ocrx_word' id='word_1_804' title='bbox 2307 5100 2467 5154; x_wconf 80' lang='grc' dir='ltr'>αὐτὸν</span> <span class='ocrx_word' id='word_1_805' title='bbox 2500 5100 2592 5152; x_wconf 76' lang='grc' dir='ltr'>καὶ</span> <span class='ocrx_word' id='word_1_806' title='bbox 2636 5101 2763 5162; x_wconf 78' lang='grc' dir='ltr'>τοὺς</span> <span class='ocrx_word' id='word_1_807' title='bbox 2815 5101 3009 5164; x_wconf 87' lang='grc' dir='ltr'>παῖδας</span> <span class='ocrx_word' id='word_1_808' title='bbox 3040 5099 3205 5154; x_wconf 83' lang='grc' dir='ltr'>αὐτοῦ</span> <span class='ocrx_word' id='word_1_809' title='bbox 3254 5103 3581 5173; x_wconf 83' lang='grc' dir='ltr'>συμμάχους</span> 
     </span>
     <span class='ocr_line' id='line_1_111' title="bbox 2004 5169 3578 5243; baseline 0 -17"><span class='ocrx_word' id='word_1_810' title='bbox 2004 5175 2035 5243; x_wconf 78' lang='grc' dir='ltr'>ὴ</span> <span class='ocrx_word' id='word_1_811' title='bbox 2083 5176 2132 5225; x_wconf 86' lang='grc' dir='ltr'>ἰν</span> <span class='ocrx_word' id='word_1_812' title='bbox 2183 5173 2262 5226; x_wconf 76' lang='grc' dir='ltr'>ἔτι</span> <span class='ocrx_word' id='word_1_813' title='bbox 2314 5188 2373 5225; x_wconf 89' lang='grc' dir='ltr'>τε</span> <span class='ocrx_word' id='word_1_814' title='bbox 2424 5171 2517 5223; x_wconf 81' lang='grc' dir='ltr'>καὶ</span> <span class='ocrx_word' id='word_1_815' title='bbox 2542 5171 2599 5222; x_wconf 84' lang='grc' dir='ltr'>ὲν</span> <span class='ocrx_word' id='word_1_816' title='bbox 2626 5172 2737 5233; x_wconf 81' lang='grc' dir='ltr'>τοῖς</span> <span class='ocrx_word' id='word_1_817' title='bbox 2767 5171 2887 5223; x_wconf 83' lang='grc' dir='ltr'>κατ’</span> <span class='ocrx_word' id='word_1_818' title='bbox 2926 5170 3091 5241; x_wconf 80' lang='grc' dir='ltr'>ἄνδρα</span> <span class='ocrx_word' id='word_1_819' title='bbox 3127 5169 3304 5237; x_wconf 89' lang='grc' dir='ltr'>φίλοις</span> <span class='ocrx_word' id='word_1_820' title='bbox 3323 5172 3578 5242; x_wconf 80' lang='grc' dir='ltr'>ἀριθμεῖ-</span> 
     </span>
     <span class='ocr_line' id='line_1_112' title="bbox 2006 5191 3577 5310; baseline 0 -16"><span class='ocrx_word' id='word_1_821' title='bbox 2006 5191 2151 5295; x_wconf 58' lang='lat' dir='ltr'>egat.</span> <span class='ocrx_word' id='word_1_822' title='bbox 2184 5242 2409 5310; x_wconf 65' lang='lat' dir='ltr'>Eaeque</span> <span class='ocrx_word' id='word_1_823' title='bbox 2438 5242 2605 5306; x_wconf 79' lang='lat' dir='ltr'>ipsum</span> <span class='ocrx_word' id='word_1_824' title='bbox 2644 5249 2689 5292; x_wconf 86' lang='lat' dir='ltr'>et</span> <span class='ocrx_word' id='word_1_825' title='bbox 2728 5239 2866 5306; x_wconf 83' lang='lat' dir='ltr'>lilios</span> <span class='ocrx_word' id='word_1_826' title='bbox 2899 5240 3013 5306; x_wconf 72' lang='lat' dir='ltr'>ejus</span> <span class='ocrx_word' id='word_1_827' title='bbox 3053 5241 3198 5293; x_wconf 75' lang='lat' dir='ltr'>nobis</span> <span class='ocrx_word' id='word_1_828' title='bbox 3232 5242 3424 5305; x_wconf 78' lang='lat' dir='ltr'>socios,</span> <span class='ocrx_word' id='word_1_829' title='bbox 3448 5259 3577 5306; x_wconf 78' lang='lat' dir='ltr'>pm·-</span> 
     </span>
     <span class='ocr_line' id='line_1_113' title="bbox 2004 5307 3573 5380; baseline -0.002 -15"><span class='ocrx_word' id='word_1_830' title='bbox 2004 5323 2242 5380; x_wconf 73' lang='lat' dir='ltr'>teretique</span> <span class='ocrx_word' id='word_1_831' title='bbox 2270 5315 2325 5365; x_wconf 82' lang='lat' dir='ltr'>in</span> <span class='ocrx_word' id='word_1_832' title='bbox 2346 5307 2699 5377; x_wconf 74' lang='lat' dir='ltr'>sinqnlaribus</span> <span class='ocrx_word' id='word_1_833' title='bbox 2734 5307 2917 5362; x_wconf 68' lang='lat' dir='ltr'>etnicis</span> <span class='ocrx_word' id='word_1_834' title='bbox 2950 5309 3222 5362; x_wconf 74' lang='lat' dir='ltr'>recenseri.</span> <span class='ocrx_word' id='word_1_835' title='bbox 3247 5308 3324 5361; x_wconf 79' lang='lat' dir='ltr'>Ex</span> <span class='ocrx_word' id='word_1_836' title='bbox 3350 5312 3573 5378; x_wconf 77' lang='lat' dir='ltr'>anitiquo</span> 
     </span>
     <span class='ocr_line' id='line_1_114' title="bbox 2003 5377 3578 5448; baseline -0.003 -12"><span class='ocrx_word' id='word_1_837' title='bbox 2003 5380 2218 5448; x_wconf 72' lang='lat' dir='ltr'>Joseptni</span> <span class='ocrx_word' id='word_1_838' title='bbox 2248 5382 2560 5446; x_wconf 85' lang='lat' dir='ltr'>interprete,</span> <span class='ocrx_word' id='word_1_839' title='bbox 2592 5378 2729 5430; x_wconf 79' lang='lat' dir='ltr'>inter</span> <span class='ocrx_word' id='word_1_840' title='bbox 2756 5379 2892 5431; x_wconf 79' lang='lat' dir='ltr'>viros</span> <span class='ocrx_word' id='word_1_841' title='bbox 2932 5377 3277 5430; x_wconf 72' lang='lat' dir='ltr'>ainicissimos</span> <span class='ocrx_word' id='word_1_842' title='bbox 3303 5393 3416 5432; x_wconf 80' lang='lat' dir='ltr'>esse</span> <span class='ocrx_word' id='word_1_843' title='bbox 3451 5395 3578 5433; x_wconf 78' lang='lat' dir='ltr'>cen·</span> 
     </span>
     <span class='ocr_line' id='line_1_115' title="bbox 2005 5446 3579 5513; baseline -0.001 -9"><span class='ocrx_word' id='word_1_844' title='bbox 2005 5453 2212 5504; x_wconf 73' lang='lat' dir='ltr'>sendos.</span> <span class='ocrx_word' id='word_1_845' title='bbox 2240 5447 2386 5504; x_wconf 85' lang='lat' dir='ltr'>Bene</span> <span class='ocrx_word' id='word_1_846' title='bbox 2412 5449 2475 5501; x_wconf 89' lang='lat' dir='ltr'>ad</span> <span class='ocrx_word' id='word_1_847' title='bbox 2515 5460 2752 5510; x_wconf 89' lang='lat' dir='ltr'>sensum,</span> <span class='ocrx_word' id='word_1_848' title='bbox 2785 5461 3090 5513; x_wconf 83' lang='lat' dir='ltr'>quanquam</span> <span class='ocrx_word' id='word_1_849' title='bbox 3134 5461 3323 5501; x_wconf 84' lang='lat' dir='ltr'>errore</span> <span class='ocrx_word' id='word_1_850' title='bbox 3374 5446 3579 5509; x_wconf 81' lang='lat' dir='ltr'>Graeci,</span> 
     </span>
     <span class='ocr_line' id='line_1_116' title="bbox 2009 5515 3588 5597; baseline -0.004 -26"><span class='ocrx_word' id='word_1_851' title='bbox 2009 5520 2063 5572; x_wconf 86' lang='lat' dir='ltr'>ui</span> <span class='ocrx_word' id='word_1_852' title='bbox 2096 5518 2271 5583; x_wconf 78' lang='lat' dir='ltr'>fallor,</span> <span class='ocrx_word' id='word_1_853' title='bbox 2293 5529 2627 5585; x_wconf 78' lang='lat' dir='ltr'>nequaquam</span> <span class='ocrx_word' id='word_1_854' title='bbox 2644 5527 2916 5597; x_wconf 86' lang='lat' dir='ltr'>percepto.</span> <span class='ocrx_word' id='word_1_855' title='bbox 2935 5516 3014 5568; x_wconf 84' lang='lat' dir='ltr'>Ad</span> <span class='ocrx_word' id='word_1_856' title='bbox 3034 5515 3137 5571; x_wconf 79' lang='lat' dir='ltr'>ltoc</span> <span class='ocrx_word' id='word_1_857' title='bbox 3161 5515 3448 5571; x_wconf 81' lang='lat' dir='ltr'>observavi</span> <span class='ocrx_word' id='word_1_858' title='bbox 3474 5519 3588 5570; x_wconf 77' lang='grc' dir='ltr'>οὐκ·</span> 
     </span>
     <span class='ocr_line' id='line_1_117' title="bbox 2008 5583 3588 5657; baseline 0.001 -17"><span class='ocrx_word' id='word_1_859' title='bbox 2008 5587 2199 5657; x_wconf 83' lang='grc' dir='ltr'>ἁφίλου</span> <span class='ocrx_word' id='word_1_860' title='bbox 2238 5588 2584 5656; x_wconf 86' lang='lat' dir='ltr'>depravatum</span> <span class='ocrx_word' id='word_1_861' title='bbox 2618 5583 2781 5640; x_wconf 79' lang='lat' dir='ltr'>fuisse</span> <span class='ocrx_word' id='word_1_862' title='bbox 2812 5603 2863 5640; x_wconf 88' lang='lat' dir='ltr'>m</span> <span class='ocrx_word' id='word_1_863' title='bbox 2896 5584 3020 5654; x_wconf 74' lang='grc' dir='ltr'>οὐχὶ</span> <span class='ocrx_word' id='word_1_864' title='bbox 3066 5585 3223 5653; x_wconf 88' lang='grc' dir='ltr'>φίλου</span> <span class='ocrx_word' id='word_1_865' title='bbox 3247 5583 3309 5639; x_wconf 78' lang='lat'>5¹</span> <span class='ocrx_word' id='word_1_866' title='bbox 3347 5585 3588 5656; x_wconf 73' lang='lat' dir='ltr'>epistola</span> 
     </span>
     <span class='ocr_line' id='line_1_118' title="bbox 2010 5656 2413 5727; baseline -0.007 -13"><span class='ocrx_word' id='word_1_867' title='bbox 2010 5656 2413 5727; x_wconf 76' lang='lat' dir='ltr'>Ttteopliytacti.</span> 
     </span>
    </p>
   </div>
  </div>
 </body>
</html>
