3725 6125
231 342 261 395 ξ
277 340 378 397 195

1326 336 1597 393 PATttsss
1636 333 1936 398 AEGYPTtt
1978 331 2244 387 SAECITM
2286 331 2378 384 lv.

235 448 598 513 'contumelias
639 453 897 526 pertulit:
933 463 988 509 et
1033 453 1480 524 quemadmodum
1539 454 1803 523 scriptum
1837 457 1875 513 Α
1905 448 2125 514 Christi,
2172 449 2288 505 sive
2338 449 2390 504 iu
2416 447 2546 513 vita,
2590 445 2719 504 sive
2766 446 2833 502 in
2881 453 3098 512 morte,
3125 444 3227 500 siv«

242 555 326 603 est
356 566 368 579 ·
406 544 675 619 Tanquam
707 545 814 600 otte's
848 542 918 598 ad
943 544 1253 602 occisionem
1285 542 1471 598 ductus
1496 553 1595 609 eu,
1618 554 1666 598 ιι
1690 553 1803 597 tan·

241 655 395 707 quam
417 653 584 707 ayunt
605 651 784 692 eoram
824 637 1069 690 tondente
1090 652 1143 689 ae
1174 634 1456 701 obmutuit,
1487 644 1535 690 et
1558 651 1660 690 non
1687 652 1808 704 ape·

245 729 345 781 ruit
368 744 425 782 oa
453 742 629 781 auum.
661 724 729 780 Iu
756 724 1052 780 hnmilitate
1087 726 1201 795 ejus
1239 725 1505 795 judicium
1542 726 1808 781 sublatum

240 825 316 869 est
367 815 436 880 ⁸¹,
483 827 540 870 et
568 827 797 870 mortem
850 815 1216 884 turpissimam
1271 830 1369 885 pro
1416 814 1572 869 nobis
1621 813 1804 870 subiit.

241 907 602 972 Quamobrem
648 914 704 961 et
743 920 842 961 nos
891 915 1114 976 propter
1146 907 1453 960 mandatum
1483 904 1600 974 ejus
1630 914 1686 960 et
1711 920 1809 977 pro

239 996 474 1067 peccatis
505 996 727 1063 nostris,
780 996 1004 1066 patienti
1054 1005 1212 1065 atque
1255 1009 1409 1066 aequo
1448 995 1630 1054 auimo
1668 995 1810 1049 serre

240 1089 519 1155 debemus,
565 1089 763 1159 siquis
795 1103 892 1145 nos
924 1088 1006 1142 vel
1039 1088 1163 1158 jure
1188 1087 1272 1142 vel
1313 1087 1506 1157 iuJuria
1534 1087 1680 1148 laedit
1719 1097 1813 1141 aut

244 1180 404 1238 afficit
431 1183 781 1238 contumelia.
822 1181 877 1237 Si
909 1182 1028 1251 quis
1070 1182 1139 1236 ad
1170 1190 1400 1237 mortem
1430 1196 1599 1252 usque
1629 1195 1813 1252 perse-

241 1273 444 1344 quitur,
477 1283 730 1343 tanquam
756 1287 885 1329 oves
935 1287 1034 1327 nos
1057 1287 1330 1342 geramus,
1363 1288 1468 1327 non
1499 1272 1813 1328 resistentes

243 1377 340 1421 uec
365 1364 819 1427 contradicentes,
847 1363 941 1417 sed
974 1363 1154 1432 potius
1177 1377 1298 1419 cum
1320 1363 1537 1420 silentio
1555 1372 1610 1418 et
1632 1362 1816 1420 ‹lutmi-

242 1454 392 1509 litatc
422 1468 518 1523 pro
563 1453 797 1507 inimicis
826 1462 1064 1507 orantes.

312 1545 382 1599 1¹.
440 1546 668 1599 Attende
706 1543 802 1597 tibi
848 1542 1154 1615 diligenter,
1200 1550 1254 1595 et
1306 1556 1557 1614 maguum
1606 1540 1812 1595 lucrum

242 1638 512 1703 existima,
545 1636 881 1706 salutemque
910 1634 1104 1688 animai
1151 1642 1254 1688 tuoe
1294 1632 1346 1686 in
1381 1646 1446 1686 co
1479 1632 1637 1686 sitam
1669 1633 1814 1688 arbi-

243 1739 408 1790 trare,
433 1726 477 1778 si
507 1724 862 1780 contumelias
879 1732 930 1775 et
956 1720 1280 1791 ignominias
1308 1730 1362 1776 et
1387 1720 1816 1792 oppugnationes

1908 538 2217 594 afflictione.
2245 536 2313 592 Et
2333 552 2552 607 semper
2583 549 2849 606 magnas
2887 534 3122 604 aliquas
3151 546 3227 592 ter

1911 626 2143 682 tationes
2194 637 2252 681 et
2309 625 2639 682 afflictiones
2684 635 2757 681 et
2820 623 3198 682 calamitates

1908 726 2183 786 exspecta,
2214 732 2284 771 ne
2306 727 2358 771 te
2396 716 2748 787 imparatum
2795 713 3140 771 offendant.

1981 808 2112 865 vm.
2145 810 2382 865 Attende
2422 810 2523 864 tibi
2570 809 2930 880 diligenter,
2974 818 3045 863 ut
3088 818 3227 878 unq*

1910 914 2149 970 praesens
2186 900 2258 956 sit
2291 898 2459 967 Deus,
2497 899 2635 956 nihil
2696 900 2917 956 facere
2983 900 3227 970 cogites,

1913 993 1983 1047 sit
2011 992 2272 1049 voluntati
2288 993 2654 1050 contrarium.
2685 991 3012 1050 omnibus
3053 994 3113 1047 in
3141 993 3227 1049 reli

1915 1081 2175 1148 minimis,
2228 1098 2322 1139 seu
2359 1082 2490 1152 quid
2536 1083 2697 1154 loqui
2750 1083 2877 1150 vis,
2941 1097 3053 1140 seu
3106 1099 3226 1154 ager

1918 1172 2104 1243 aliquo
2158 1174 2355 1242 negotii
2383 1174 2688 1243 quidpiam
2729 1174 3132 1238 contrahere,
3161 1191 3226 1232 au

1891 1277 2061 1332 -pcrc,
2086 1274 2179 1318 aut
2203 1264 2405 1331 bibere,
2440 1276 2538 1320 aut
2561 1267 2846 1322 cubitum
2888 1268 3008 1337 ire,
3042 1279 3139 1326 aut
3161 1286 3226 1340 qa

1897 1353 2264 1426 .gredi,prius
2319 1356 2652 1422 considera,
2700 1368 2913 1416 utrum
2975 1360 3035 1415 id
3086 1377 3204 1418 cuin

1918 1453 2030 1499 tate
2076 1448 2384 1512 conveniat,
2426 1458 2486 1503 et
2533 1448 2672 1519 ejus
2735 1467 2995 1508 causam
3057 1454 3227 1510 coufltt

1915 1536 1994 1608 ita
2041 1552 2153 1594 rem
2192 1539 2510 1612 aggredere,
2544 1551 2617 1598 ut
2680 1559 2912 1615 magna
2961 1546 3068 1602 uui
3102 1546 3227 1605 lldttt

1897 1629 2107 1686 Deum.

1996 1720 2089 1777 lx.
2118 1721 2349 1779 Attende
2381 1724 2485 1779 tibi
2523 1725 2893 1796 diligmtter.
2933 1738 3004 1784 ut
3037 1731 3086 1786 si
3115 1730 3226 1800 qais

243 1828 460 1888 propter
493 1817 777 1870 Dominum
823 1815 1092 1884 patienter
1138 1815 1306 1868 ieras.
1351 1812 1481 1867 lllud
1521 1812 1725 1884 cogita,
1762 1822 1812 1869 te
1846 1804 1888 1859 Β
1917 1812 1977 1868 in
2038 1829 2098 1868 re
2154 1814 2460 1884 offenderit,
2482 1824 2541 1871 et
2597 1826 2659 1874 te
2696 1819 2889 1875 dolor
2949 1822 3226 1879 exsufflata

244 1910 413 1964 multo
466 1908 714 1978 graviora
764 1907 958 1962 mereri
1016 1909 1277 1979 supplicia
1326 1917 1547 1979 propter
1596 1917 1815 1978 peccata

246 2016 355 2056 tua.
391 1999 458 2055 Et
503 1997 744 2054 beneficii
797 1997 918 2056 loco
984 2012 1203 2052 nurnera
1255 1997 1816 2071 quoddiguus·l'.·ctus

245 2096 342 2162 sis,
377 2092 466 2163 qui
500 2099 717 2160 propter
771 2088 936 2145 Deum
984 2088 1262 2160 plectaris,
1296 2098 1354 2143 ut
1401 2088 1582 2159 aliquo
1623 2089 1815 2145 saltem

246 2184 404 2239 modo
435 2198 502 2237 ex
539 2179 721 2235 multis
765 2178 1144 2235 afflictionibus
1173 2165 1473 2250 et-probris'
1500 2178 1710 2237 Domini
1741 2181 1815 2236 tui

248 2276 540 2333 ioedissima
568 2273 795 2329 ludibria
837 2283 893 2329 et
924 2272 1194 2328 cruciatus
1225 2272 1603 2327 acerbissimos
1640 2272 1819 2328 imite-

247 2368 343 2422 ris.
381 2365 451 2420 Ει
493 2366 707 2434 quoties
750 2360 1104 2434 affligentium
1151 2371 1202 2416 te
1241 2371 1404 2430 atque
1436 2362 1816 2417 insectantium

248 2454 574 2517 recordaris,
612 2452 720 2507 noli
769 2449 1048 2519 conqueri,
1075 2447 1166 2504 sed
1201 2451 1377 2520 potius
1401 2465 1466 2506 ex
1507 2452 1688 2507 animo
1720 2466 1818 2522 pro

241 2547 348 2602 iilis
371 2560 491 2611 ora,
516 2554 574 2599 ut
612 2544 702 2614 qui
740 2543 833 2598 tibi
890 2540 1252 2596 maximorum
1295 2540 1554 2596 bonorum
1586 2542 1694 2596 sint
1728 2556 1822 2595 au·

242 2646 438 2691 etot-es„
890 2688 897 2695 .

314 2726 403 2783 lll.
442 2726 673 2782 Attende
709 2724 805 2779 tilii
853 2724 1159 2793 diligenter,
1213 2732 1273 2777 ut
1316 2732 1567 2793 tauquam
1597 2733 1816 2791 pestem

247 2831 303 2877 et
354 2828 579 2875 mortem
641 2823 800 2886 atque
853 2815 1125 2884 interitum
1175 2815 1404 2878 animm,
1446 2822 1818 2884 :eternumque

246 2910 566 2984 supplicium
631 2907 806 2979 fugias
858 2906 1068 2977 imperii
1115 2914 1171 2962 et
1210 2906 1393 2976 gloriae
1438 2906 1738 2962 ethottoris
1763 2916 1817 2964 et

245 3005 419 3060 laudis
447 3000 816 3071 cupiditatem.
843 2998 909 3053 Et
934 3013 1065 3052 cave
1086 3012 1154 3052 ne
1181 3007 1230 3052 te
1261 2997 1465 3069 aliqmd
1500 3012 1619 3052 esse
1639 3010 1813 3068 putes,

246 3108 344 3151 aut
373 3096 574 3152 virtute
627 3091 804 3161 aliqua
865 3088 1172 3158 praeditum,
1202 3099 1294 3144 aut
1324 3099 1377 3144 te
1405 3089 1523 3144 aliis
1564 3089 1648 3144 vel
1673 3105 1814 3159 prae-

248 3184 594 3249 stantiorem,
623 3181 703 3236 vel
730 3180 894 3236 etiam
923 3195 1129 3252 parem.
1155 3179 1220 3234 Et
1239 3194 1399 3236 omne
1436 3180 1683 3251 quamvis
1707 3182 1820 3237 exi·

251 3291 412 3350 guum
478 3275 662 3332 carinis
717 3273 1044 3331 desiderium
1105 3282 1169 3329 et
1224 3272 1556 3343 voluptatem
1606 3272 1822 3343 penitus

250 3369 521 3425 abscinde.
557 3367 743 3438 Neque
771 3367 1089 3437 cujusquam
1132 3364 1367 3419 hominis
1399 3371 1570 3430 utere,
1596 3362 1699 3421 nlsi
1725 3377 1821 3420 ne·

247 3463 472 3517 cessitas
501 3469 708 3530 urgeat,
737 3457 1126 3523 laxiiiliaritate,
1177 3470 1351 3524 neque
1380 3469 1574 3524 corpus
1598 3455 1819 3512 alterius

238 3553 476 3621 attinge,
529 3561 619 3605 aut
673 3549 947 3620 quidpiam
991 3548 1117 3603 licet
1148 3548 1443 3618 pauxillum
1479 3548 1569 3614 sit,
1599 3549 1820 3606 comede

259 3655 454 3714 praeter
512 3654 746 3712 tempus,
787 3654 854 3695 nc
900 3639 1155 3710 paulatim
1196 3656 1261 3695 ex
1306 3640 1542 3697 minimis
1574 3641 1642 3697 ad
1668 3643 1818 3698 dete-

258 3738 396 3790 riora
428 3736 732 3807 prolatmre.

316 3826 405 3884 iv.
433 3827 658 3883 Atteude
701 3825 794 3882 tibi
848 3824 1151 3895 diligenter,
1191 3834 1247 3879 ut
1279 3834 1329 3879 te
1380 3839 1509 3880 vere
1548 3835 1711 3896 atque
1739 3843 1815 3884 ex

249 3918 429 3971 auimo
477 3916 913 3970 Christianorum
976 3914 1216 3968 omnium
1276 3914 1723 3985 abjectissimum,
1763 3928 1819 3973 et

250 4017 586 4075 peccatorem
636 4010 927 4063 maximum
979 4007 1286 4071 arbitrere,
1339 4019 1394 4063 et
1431 4009 1644 4066 animus
1696 4019 1819 4069 tuus

247 4111 459 4167 semper
487 4098 702 4154 lium-ilis
723 4101 814 4162 sit,
845 4108 900 4154 et
933 4100 986 4154 in
1017 4113 1251 4156 moerore
1280 4099 1603 4172 tristitiaque
1640 4117 1818 4159 verse-

250 4195 354 4239 tur.
386 4185 610 4256 Semper
635 4197 695 4242 ut
728 4188 1014 4256 imperitus
1061 4189 1416 4258 indiguusque
1464 4201 1602 4256 tacc,
1643 4208 1816 4263 neque

246 4291 476 4345 unquam
506 4278 726 4332 omuino
747 4318 761 4341 ,
794 4279 894 4332 nisi
930 4293 1150 4334 neccsse
1182 4282 1273 4345 sit,
1297 4279 1535 4349 loquere.

318 4364 381 4419 V.
428 4367 658 4421 Attende
709 4367 800 4420 tibi
831 4366 1148 4436 diligenter;
1193 4368 1334 4436 ignis
1371 4368 1459 4423 iile
1503 4381 1809 4441 perpetuus,

1920 1907 2127 1976 guatio,
2160 1922 2229 1962 ne
2276 1907 2402 1977 quid
2436 1918 2648 1979 praeter
2683 1910 2892 1967 decus
2939 1913 3227 1984 loquaris,t

1916 1997 2090 2056 donec
2120 2002 2365 2070 quiescat
2404 2015 2498 2056 cot·
2532 2013 2732 2069 tuum,
2796 2022 2874 2063 ac
2916 2019 3036 2064 tum
3067 2011 3227 2065 dena·

1921 2090 2144 2147 fratrem
2202 2094 2451 2158 admone,
2491 2104 2560 2151 et
2629 2099 2998 2163 cohortare.
3073 2103 3207 2171 Quod

1920 2182 2085 2238 luerit
2135 2184 2356 2240 fratrem
2378 2188 2875 2258 reprehendere,
2933 2205 2992 2249 et
3029 2207 3083 2254 te
3121 2197 3227 2252 irat

1919 2274 2140 2342 videris,
2168 2286 2225 2331 et
2262 2292 2366 2332 non
2404 2280 2474 2333 tui
2503 2279 2717 2351 'jttris;
2789 2300 2944 2343 case
2983 2304 3057 2346 ue
3085 2289 3227 2359 qn‘dn

1919 2370 2122 2439 quaris,
2179 2383 2244 2423 ne
2302 2380 2516 2424 crescat
2563 2377 2992 2446 perturbatio,
3032 2381 3118 2437 sed
3145 2396 3227 2436 ι-

1921 2460 2066 2515 illum
2094 2461 2305 2532 quietos
2367 2462 2861 2538 tranquillosque
2929 2474 3227 2530 animadm

1919 2552 2000 2608 sic
2024 2566 2147 2605 eum
2184 2551 2480 2622 alloquere,
2517 2562 2579 2608 nt
2639 2571 2776 2612 uon
2821 2564 3226 2629 arguerent-

1915 2642 2223 2699 humilitate
2250 2658 2606 2700 commonere
2637 2653 3009 2717 proximum
3031 2656 3177 2710 rid-te-
3213 2653 3226 2670 ⁰

1990 2732 2058 2788 X.
2093 2735 2323 2791 Attende
2379 2735 2474 2790 tibi
2526 2737 2895 2812 diligenter,
2924 2758 2990 2802 m
3021 2741 3227 2818 ςῑηρὶ

1916 2841 2083 2896 quam
2141 2828 2232 2882 tibi
2293 2827 2372 2884 vai
2423 2844 2493 2885 ex
2540 2844 2783 2903 mot-te,
2849 2840 2951 2894 vel
3001 2836 3227 2895 exedi-i

1921 2932 2114 2986 magno
2148 2918 2329 2989 aliquo
2356 2921 2611 2989 periculo
2643 2931 3045 2988 tentationem
3080 2932 3226 2987 indm

1919 3006 2077 3064 bites.
2122 3008 2188 3065 Et
2242 3025 2361 3080 qua:
2411 3012 2792 3086 advenerint,
2834 3020 2975 3079 sorti
3000 3037 3064 3081 ac
3091 3030 3227 3078 stret·

1843 3135 1889 3193 C
1919 3099 2101 3170 perfer
2146 3103 2348 3169 omnia,
2407 3107 2808 3170 considerans
2874 3130 3009 3172 esse
3053 3127 3226 3172 m

1921 3208 2019 3265 per
2055 3193 2250 3252 multas
2290 3194 2624 3257 afflictiones
2661 3211 2737 3258 -et
2774 3221 3070 3265 aerumtas
3097 3207 3227 3279 ingr&

1923 3300 2146 3355 regnum
2172 3287 2431 3345 coelorum
2472 3291 2545 3346 ⁸’.

1993 3375 2081 3433 Xl.
2134 3378 2363 3437 Atteude
2410 3382 2510 3438 tibi
2565 3385 2930 3463 diligemus,
2967 3405 3035 3456 -ιιι
3069 3392 3226 3453 nait-i

1921 3479 2014 3522 aut
2040 3481 2293 3525 sermone
2346 3480 2441 3527 aut
2490 3475 2892 3552 cogitatione,
2937 3485 3227 3547 uoluntatit

1927 3570 2032 3616 tuae
2059 3562 2288 3628 servias,
2315 3566 2409 3618 sed
2434 3564 2718 3624 voluntati
2750 3571 2888 3641 Dei,
2916 3577 3126 3635 etiamsi
3157 3590 3227 3640 :aa

1929 3652 2139 3721 positus
2190 3653 2342 3711 labor
2391 3657 2673 3721 videatur.
2743 3665 2853 3722 Sic
2896 3669 3042 3725 enim
3079 3667 3227 3725 tenditz

1919 3758 2083 3813 gnum
2112 3746 2390 3804 coelorum.
2417 3747 2552 3807 Eam
2592 3752 2786 3822 igitur
2823 3762 2981 3817 omni
3036 3763 3227 3817 humant

1920 3833 2006 3886 tiae
2043 3842 2327 3905 antepone,
2352 3846 2407 3892 et
2430 3838 2972 3908 reliquis-omnibus
2993 3853 3227 3907 lio-iuna

1919 3924 2185 3980 utiliorem
2244 3927 2518 3995 existima,
2575 3929 2684 3991 Dei
2755 3952 3011 4008 natuque
3077 3941 3227 3997 maadi

1914 4026 2113 4070 aeterua
2142 4016 2268 4070 vita.
2295 4014 2362 4071 Et
2390 4018 2479 4087 qni
2508 4020 2700 4088 ipsum
2747 4033 3068 4101 exquirunt,
3093 4047 3179 4086 noa
3202 4044 3227 4081 ι

1914 4105 1971 4158 in
2010 4107 2153 4160 omni
2174 4108 2303 4160 bono
2325 4107 2393 4162 ⁸0.

1990 4195 2102 4253 xit.
2140 4197 2370 4256 Attende
2414 4200 2511 4257 tibi
2555 4203 2913 4282 diligenter,
2947 4227 3009 4271 ut
3048 4217 3227 4280 incon

1911 4300 2127 4357 semper
2159 4289 2441 4354 exsistens,
2476 4293 2617 4349 nihil
2671 4301 2756 4357 ab
2813 4305 2933 4363 ullo
2957 4309 3063 4363 alio
3095 4316 3226 4376 εμπ-’1,

1915 4393 2021 4432 nuo
2052 4377 2146 4432 illo
2193 4381 2371 4436 omnia
2423 4397 2548 4440 cum
2589 4385 2741 4450 nde.
2783 4394 2849 4454 Si
2893 4415 3001 4470 qua
3035 4398 3227 4461 retitur

245 4458 570 4523 sempiterna
622 4457 905 4526 supplicia,
964 4465 1020 4511 et
1069 4459 1159 4528 qui
1190 4458 1299 4513 illic
1339 4461 1574 4515 damuati
1606 4476 1804 4517 excru-
1838 4480 1883 4535 ι)
1912 4468 2077 4524 Deum
2106 4486 2347 4541 precare,
2378 4482 2436 4528 ut
2457 4487 2582 4531 eam
2610 4483 2760 4552 tibi,
2795 4491 2850 4545 si
2885 4487 3214 4557 velint-uni*

247 4547 481 4611 riantur,
544 4547 637 4601 tibi
715 4563 927 4616 semper
986 4559 1111 4603 ante
1187 4547 1373 4605 oculos
1425 4552 1801 4618 obversentur,

246 4644 402 4708 teque
426 4653 496 4692 ex
534 4652 719 4692 eorum
773 4654 997 4695 numero
1019 4655 1181 4695 unum
1216 4640 1396 4710 potius
1435 4656 1600 4712 quam
1627 4645 1808 4701 viven-

243 4725 372 4779 tium
402 4725 677 4782 existima.

309 4811 397 4869 vt.
431 4815 658 4868 Attende
689 4812 782 4869 tibi
801 4814 1084 4886 diligenter
1116 4822 1170 4871 et
1191 4816 1497 4895 considera,
1522 4818 1804 4876 Dominum

238 4913 479 4960 nostrum
533 4902 713 4960 lesum
754 4904 1032 4961 Christum
1068 4920 1164 4974 pro
1205 4908 1356 4964 nobis
1381 4918 1655 4964 mortuum
1687 4925 1809 4966 esse

232 5003 289 5048 et
324 4992 649 5060 surrexisse,
683 5009 886 5066 nosque
935 4998 1193 5067 sanguine
1226 5012 1324 5054 suo
1370 5000 1686 5068 redemisse,
1748 5017 1806 5059 ut

234 5085 335 5154 ipsi
391 5085 483 5141 tibi
532 5100 638 5141 non
684 5089 912 5159 amplius
949 5090 1122 5154 vivas,
1165 5091 1259 5144 sed
1317 5091 1542 5147 Domino
1567 5096 1658 5166 qui
1707 5111 1805 5166 pro

237 5175 389 5229 uobis
421 5186 666 5232 mortuus
710 5187 795 5234 cst
841 5187 896 5235 et
933 5182 1168 5235 surrexit
1190 5179 1259 5235 ⁸⁸.
1306 5182 1494 5251 Cogita
1525 5185 1705 5256 igitur,
1751 5200 1802 5245 te

231 5277 446 5335 semper
481 5277 609 5324 aute
653 5268 840 5326 oculos
876 5271 997 5341 ejus
1035 5271 1263 5337 versari,
1299 5282 1354 5327 et
1396 5286 1667 5334 cortuum
1704 5284 1800 5342 ob·

231 5369 405 5409 serva.

301 5443 414 5502 vn.
455 5447 688 5505 Attende
737 5451 832 5506 tibi
882 5450 1186 5520 diligenter,
1210 5463 1268 5509 ut
1310 5467 1557 5527 prompto
1584 5475 1799 5531 semper

228 5537 410 5595 animo
448 5553 642 5609 pareas
688 5541 947 5597 voluntati
995 5542 1087 5597 Dei
1115 5552 1168 5597 et
1214 5545 1425 5604 Domini
1470 5553 1638 5607 nostri
1670 5552 1796 5609 lesu

1913 4562 2046 4648 quid
2087 4561 2273 4627 habes,
2306 4563 2356 4617 id
2409 4580 2515 4620 non
2559 4569 2727 4643 aliis,
2766 4584 2871 4636 sed
2919 4580 3227 4646 neom*

1912 4660 1965 4706 et
1997 4649 2069 4705 illi
2103 4653 2303 4722 gratias
2342 4667 2458 4724 age.
2490 4655 2549 4712 Si
2587 4676 2717 4730 qua
2750 4671 2859 4728 tibi
2913 4656 3227 4732 domuisti

1914 4741 2070 4797 uibus
2099 4757 2167 4796 ne
2200 4756 2503 4813 exspectes,
2554 4766 2763 4825 neque
2801 4765 2885 4823 de
2927 4762 3227 4826 dimum

1913 4831 2075 4888 alacri
2108 4833 2289 4888 auimo
2315 4843 2370 4888 et
2414 4844 2737 4908 tranquillo
2772 4867 2988 4914 cuncta
3007 4852 3207 4912 ΜΣ

1913 4919 2029 4989 ipse
2057 4920 2128 4975 ita
2156 4923 2395 4995 cogitans
2424 4939 2438 4976 ε
2468 4925 2586 4999 Ego
2623 4938 2880 5002 quidem
2917 4949 3226 5018 proptervetfl

1908 5012 2088 5069 multis
2119 5028 2236 5069 sum
2302 5017 2500 5088 dignus
2551 5022 2987 5097 afflictionibus
3015 5059 3029 5094 :
3060 5045 3224 5092 auam·

1903 5103 1947 5157 si
1975 5103 2121 5172 velit,
2148 5115 2320 5176 potest
2352 5111 2455 5166 mei
2487 5115 2789 5191 misereri,
2817 5140 2882 5186 et
2923 5120 3227 5202 quamtum

1903 5196 2044 5250 saria
2073 5235 2089 5263 ,
2148 5198 2277 5254 milti
2322 5201 2792 5274 subministrare.
2862 5223 2979 5280 lloc
3015 5223 3159 5279 anino
3185 5214 3216 5268 ἐ

1904 5287 2042 5343 Deus
2075 5289 2204 5344 nillil
2231 5290 2322 5345 tini
2369 5296 2514 5363 quod
2544 5293 2854 5379 expediat,
2885 5318 3067 5375 deesse
3095 5312 3227 5384 patiett

1980 5376 2111 5483 Xlll.
2172 5381 2405 5440 Attende
2460 5387 2562 5444 tihi
2628 5397 2959 5475 diligi-nter,
3007 5415 3060 5462 ut
3100 5400 3197 5460 nibil

1907 5471 2192 5540 suscipias,
2219 5475 2318 5528 nisi
2350 5481 2497 5551 quod
2529 5484 2636 5542 tibi
2679 5501 3033 5561 persuaseris
3050 5498 3226 5569 justet*

1908 5558 2017 5616 Deo
2041 5566 2387 5634 suppeditari.
2421 5571 2558 5638 Quae
2593 5594 2733 5641 sunt
2781 5589 3069 5658 ejusmodi,
3098 5604 3150 5645 a
3177 5599 3226 5639 eu

296 5695 336 5725 ⁸⁷
361 5698 470 5754 lsa.
511 5712 628 5764 sin,
668 5701 720 5769 7,
753 5701 806 5756 8.
881 5703 927 5734 ··
960 5701 998 5755 ll
1025 5700 1151 5757 Cor.
1180 5720 1229 5770 v,
1262 5706 1344 5760 iti.
1421 5706 1466 5738 ¹*
1495 5707 1612 5763 Act.
1642 5710 1863 5776 xtv,‘?.l.
1931 5715 1977 5748 ⁸·
2008 5715 2147 5774 Psal.
2175 5734 2363 5792 xxxin,
2399 5723 2492 5784 Η.
