3725 6125
227 282 370 341 toas
1344 283 1622 341 rames
1659 283 1967 342 AEcrpru
2008 281 2284 342 smum
2321 284 2392 340 tv
2705 261 2715 269 ”
3412 288 3423 341 t

230 384 390 440 decet
434 383 556 439 laus
592 394 651 439 et
693 384 869 439 honor
920 384 990 440 ab
1026 383 1281 439 omnibus
1309 384 1672 441 rationalibus
1696 400 1822 441 curn
1851 392 1896 448 Α
1928 393 2121 455 putant
2172 384 2266 455 qui
2302 399 2425 439 eam
2469 397 2500 437 a
2536 380 2709 450 longe
2758 374 3189 446 conspiciunt;
3235 391 3423 451 propt

238 476 402 533 Patre
433 490 558 542 suo,
591 482 649 532 et
680 474 887 545 Spiritu
917 485 1113 531 sancto
1142 475 1195 530 in
1222 475 1444 532 saecula.
1469 475 1663 532 Amen.
1933 476 2257 532 accedentes
2300 475 2368 532 ad
2400 474 2580 541 illam,
2610 479 2838 543 praetcr
2879 477 3202 539 corruptos
3224 467 3411 531 fructu

810 587 1153 644 EPISTOLA
1189 589 1259 645 X.

242 656 398 714 filiis
435 659 546 713 suis
574 659 844 714 monachis
868 674 888 715 .·
929 661 996 713 de
1021 677 1157 714 rana
1188 661 1380 729 yloriar,
1413 661 1629 731 ejusque
1658 669 1831 715 certa·

312 731 560 784 minibus.
598 727 865 784 I'roeterea
896 746 985 783 eos
1009 732 1154 784 docet
1177 770 1193 791 ,
1223 749 1330 798 qua
1365 735 1571 787 ratione
1597 731 1704 786 illis
1742 733 1835 785 de-

310 802 618 855 certandum
659 798 760 867 sit,
811 810 867 854 ttt
898 798 964 854 ub
1001 800 1096 856 itta
1136 802 1436 873 eripiantur
1474 804 1532 857 t'tt
1566 819 1693 873 pace
1723 801 1835 856 Do·

311 870 459 924 mini.
496 869 640 923 Dixit
672 883 693 923 .·

311 961 506 1017 Scribo
528 961 703 1027 vobis,
733 960 886 1016 lilioli
911 962 1016 1017 mei
1045 961 1338 1027 benedicti,
1359 962 1646 1034 epistolam
1672 962 1836 1028 ltanr,

241 1062 302 1108 ut
331 1052 641 1123 percipiatis
672 1052 813 1123 quod
849 1052 995 1108 Deus
1049 1069 1108 1110 se
1139 1053 1447 1123 diligentes,
1499 1063 1556 1110 et
1592 1068 1840 1124 quaeren·

245 1153 327 1199 tes
374 1142 443 1199 de
486 1150 599 1198 toto
655 1143 821 1199 corde
868 1159 992 1213 suo,
1037 1146 1283 1215 exaudit,
1326 1146 1682 1217 conceditque
1737 1146 1842 1203 illis

243 1250 434 1291 ornnes
473 1250 663 1291 eorum
705 1235 1016 1306 petitiones.
1057 1235 1445 1295 Verumtamen
1492 1238 1707 1295 illorum
1749 1237 1842 1309 qui

247 1332 314 1383 ad
338 1328 490 1384 illum
525 1326 596 1384 de
627 1336 740 1385 toto
771 1329 940 1385 corde
971 1344 1071 1385 suo
1101 1344 1209 1386 non
1237 1331 1522 1395 accedunt,
1560 1330 1654 1387 sed
1689 1331 1843 1387 anci·

248 1420 376 1491 pitis
403 1429 530 1476 suut
555 1419 758 1487 cordis,
790 1428 846 1475 et
875 1419 1137 1491 quidquid
1166 1430 1334 1492 agunt
1358 1460 1375 1487 ,
1404 1421 1456 1476 ld
1491 1420 1669 1491 palam
1702 1436 1832 1493 prae·

250 1522 401 1568 stant
425 1512 492 1568 ad
517 1512 958 1584 consequendam
987 1510 1214 1584 gloriam
1233 1512 1515 1568 laudentve
1541 1513 1846 1581 hominum,

253 1606 541 1677 petitiones
590 1620 696 1661 non
748 1603 1000 1672 exaudit,
1049 1605 1145 1661 sed
1183 1604 1366 1677 potius
1403 1605 1664 1663 irascitur
1702 1606 1847 1663 illis:

1934 569 2143 627 cedinis
2170 576 2459 639 expertes,
2497 565 2647 623 nihtr
2676 563 3145 620 nanciscuntur.
3187 560 3423 621 similest

1935 671 2065 719 sunt
2087 661 2179 732 qui
2213 662 2432 716 inanem
2454 658 2780 729 suscipiunt
2826 655 3084 728 gloriam
3105 671 3132 722 ς
3157 669 3286 710 nat·
3310 657 3423 713 arbit

1939 766 2027 809 tur
2061 753 2336 817 homines,
2385 752 2487 808 lios
2524 748 2804 822 plurimis
2844 762 2991 804 esse
3029 745 3423 817 praeditum

1937 845 2268 918 gratissimis
2304 844 2555 911 Domino,
2590 858 2723 901 cum
2769 852 2977 897 tamen
3014 838 3410 899 nullosontttiu

1940 947 2062 993 ctus
2096 936 2353 993 habeant.
2384 935 2645 1006 Quinimo
2671 933 3022 993 exsiccavit
3049 948 3161 990 eos
3187 934 3423 1010 Densus

1942 1031 2149 1087 nullum
2178 1031 2322 1087 iniis
2346 1031 2545 1087 bonum
2576 1030 2840 1087 fructum
2872 1038 3102 1087 nactus
3139 1030 3423 1103 sitnm·

1942 1140 2005 1181 ea
2033 1140 2145 1181 suae
2178 1124 2478 1181 divinitatis
2519 1123 2830 1180 dulcedine
2876 1116 3422 1194 incomparata-m

1944 1217 2108 1273 ravit.
2138 1217 2208 1273 At
2239 1232 2361 1284 vos,
2396 1216 2548 1274 lllioli
2569 1217 2723 1286 meis,
2756 1217 3181 1281 decertantes,
3205 1214 3423 1273 olith!

1945 1311 2087 1382 agite
2131 1309 2343 1380 spiritui
2400 1310 2577 1367 inanis
2650 1309 2865 1382 gloriae
2892 1348 2911 1376 ,
2980 1317 3058 1364 ct·
3111 1309 3192 1365 illi
3244 1308 3423 1364 πᾶνεμ·

1949 1412 2113 1474 atque
2143 1402 2432 1473 praevalete
2453 1411 2645 1458 contra
2678 1402 2877 1459 illurn.
2931 1401 3174 1458 Etenim
3215 1402 3423 1459 adraim

1951 1501 2037 1550 tus
2074 1494 2193 1560 Dei,
2229 1494 2492 1564 vobisque
2519 1483 2683 1564 o‘pern
2727 1491 2885 1549 t'eret
2917 1508 2998 1550 ac
3028 1494 3423 1550 manebitvdin

1952 1595 2006 1642 et
2035 1585 2372 1655 diligentiam
2401 1584 2553 1641 vobis
2587 1585 2924 1658 elargietur
2979 1593 3162 1655 atquc
3187 1585 3423 1643 calore-t

253 1696 320 1751 ad
365 1696 787 1753 ostentationem
822 1696 1021 1767 quippe
1049 1710 1240 1752 eorum
1266 1706 1395 1753 sunt
1451 1712 1638 1763 opera.
1667 1697 1850 1765 Quare
1957 1685 2231 1764 10111Ροΐῦ
2260 1676 2374 1745 ¹38⁰
2399 1690 2618 1745 ‘lumine
2647 1690 2803 1746 '08⁰
2830 1690 2950 1746 1)Γο
2985 1676 3176 1744 '⁰¹³³-
3205 1686 3262 1731 ”2
3283 1691 3422 1747 W*

254 1788 579 1858 adimpletur
632 1786 703 1844 de
751 1787 862 1843 illis
909 1786 1113 1842 dictum
1154 1786 1358 1843 Psalmi
1406 1788 1675 1845 dicentis:
1711 1788 1855 1843 Deus
1888 1758 1934 1813 B
1958 1768 2010 1821 ³¹¹
2048 1767 2203 1822 ‘'⁰¹³5ss
2238 1768 2325 1822 '⁸5⁰
2368 1766 2593 1822 031οῑῑῦ
2632 1775 2980 1834 aeoefflumi
3031 1781 3164 1821 '¹²⁰¹
3199 1782 3346 1822 ἘΜ
3371 1775 3423 1823 ⁸¹¹

258 1878 517 1949 disper-yet
551 1893 669 1932 ossa
697 1878 1095 1949 hypocritarum
1116 1877 1187 1931 ⁶⁶.
1229 1877 1369 1933 Deus
1404 1892 1638 1948 namque
1677 1875 1854 1949 (cujus

259 1968 539 2023 memoriae
562 1968 758 2039 honor)
781 1983 970 2024 eorum
999 1966 1325 2023 adirascitur
1345 1968 1604 2037 operibus
1620 1967 1858 2024 illorum-

259 2074 368 2129 que
397 2060 648 2129 precibus
675 2060 817 2114 haud
841 2060 1073 2124 lactatur,
1106 2068 1162 2115 et
1192 2074 1540 2129 summopere
1565 2059 1632 2114 iis
1663 2059 1860 2116 adver·

261 2158 455 2217 satur;
491 2164 652 2220 opera
687 2150 832 2205 enim
860 2164 961 2205 sua
992 2148 1114 2205 sine
1144 2149 1251 2205 lide
1282 2159 1485 2220 agunt,
1521 2164 1587 2205 eo
1611 2148 1757 2221 quod
1785 2147 1857 2205 ad

261 2243 680 2298 ostentationem
719 2241 1016 2297 hornanaru
1051 2257 1114 2298 ea
1165 2251 1495 2312 perpetrent.
1531 2243 1709 2313 Atque
1753 2242 1858 2299 hac

263 2334 331 2389 de
357 2347 521 2390 eausa
558 2334 729 2390 virtus
758 2334 850 2390 Dei
882 2332 936 2387 in
964 2332 1069 2389 illis
1106 2346 1212 2389 non
1236 2343 1518 2405 operatur,
1542 2349 1665 2391 cum
1694 2334 1861 2391 corde

262 2424 372 2480 sint
399 2424 599 2480 iulirmi
630 2426 682 2480 in
711 2425 968 2482 omnihus
1001 2425 1260 2494 operibus
1282 2440 1401 2495 quae
1444 2426 1856 2497 aggrediuntur.

263 2515 477 2572 l'dcirco
503 2516 741 2572 divinam
779 2516 1034 2585 ignorant
1060 2514 1398 2571 dulcedinem
1420 2557 1435 2580 ,
1466 2517 1692 2587 ejusque
1722 2517 1863 2573 leni-

268 2616 432 2662 tatem
466 2616 523 2663 et
561 2608 839 2678 gaudium.
895 2605 1154 2675 Quinimo
1202 2618 1569 2677 aggravantur
1597 2623 1761 2679 opera
1796 2608 1862 2666 il·

264 2698 442 2754 lorum
491 2713 654 2768 super
687 2701 898 2757 animas
930 2714 1145 2764 eorum,
1194 2706 1450 2768 tanquam
1489 2715 1628 2756 onus
1662 2715 1850 2772 grave.

274 2788 465 2843 Multos
519 2789 734 2858 quidem
775 2805 844 2844 ex
894 2804 1092 2861 genere
1151 2798 1377 2855 vestro,
1426 2792 1518 2861 qui
1565 2792 1706 2849 lianc
1744 2793 1860 2849 vir-

275 2891 441 2937 tutem
500 2896 622 2952 quoe
675 2882 870 2936 anitum
937 2885 1256 2940 suavitatem
1324 2885 1560 2954 praebet.
1631 2899 1862 2957 eamque

275 2975 327 3029 in
360 2974 476 3030 dies
501 2973 706 3046 gaudio
719 2982 776 3029 et
802 2972 985 3027 laetitia
1017 2985 1196 3047 auget,
1227 2986 1389 3044 atque
1418 2976 1471 3030 in
1503 2976 1592 3030 illa
1619 2976 1860 3031 divinum

275 3069 524 3125 accendit
555 3066 793 3124 calorem
822 3107 840 3134 ,
873 3080 978 3121 non
1021 3076 1151 3122 sunt
1183 3071 1457 3124 consecuti
1484 3086 1500 3136 ;
1541 3083 1741 3139 eosque
1768 3069 1862 3125 de-

275 3165 421 3233 cepit
455 3161 680 3231 spiritus
723 3162 824 3218 iste
870 3159 1074 3228 malus,
1132 3174 1198 3216 eo
1246 3163 1396 3232 quod·
1445 3178 1540 3217 sua
1581 3178 1745 3233 opera
1795 3163 1861 3218 ad

276 3255 695 3310 ostentationem
729 3255 1040 3310 hominibus
1073 3266 1417 3326 peregerunt.
1447 3255 1522 3310 At
1560 3268 1661 3311 vos
1682 3295 1701 3323 ,
1730 3255 1864 3312 dile·

279 3346 509 3404 ctissimi
547 3346 651 3403 ntei
682 3356 734 3404 et
759 3346 909 3402 cordi
960 3361 1082 3403 meo
1108 3347 1454 3413 charissimi,
1488 3347 1581 3418 qui
1618 3346 1862 3404 laborum

280 3450 580 3498 vostrorum
629 3439 840 3498 fructus
871 3455 1053 3496 coram
1100 3438 1330 3496 Domino
1368 3440 1676 3507 obtulistis,
1711 3455 1860 3496 rece·

277 3535 406 3591 dere
451 3533 684 3606 satagite
713 3550 744 3589 a
779 3534 1060 3603 spiritibus
1092 3533 1282 3604 gloriae
1318 3533 1535 3599 inanis,
1570 3543 1624 3587 et
1662 3533 1864 3606 jugiter

278 3628 541 3683 adversus
580 3642 702 3681 earn
748 3633 986 3696 pugnate
1009 3665 1026 3691 ,
1063 3634 1123 3679 ut
1151 3625 1385 3695 accipiat
1411 3625 1621 3681 fruetus
1654 3636 1866 3680 vestros

281 3716 543 3773 Dominus
584 3732 720 3786 quos
765 3731 950 3773 coram
998 3716 1116 3786 ipso
1155 3715 1468 3780 obtulistis,
1510 3725 1564 3771 et
1613 3716 1864 3771 virtutem

279 3825 401 3880 quat
425 3810 543 3881 ejus
566 3810 723 3865 datur
744 3808 954 3875 electis,
986 3808 1302 3864 obtineatis.
1327 3807 1433 3864 Cor·
1457 3815 1638 3863 autem
1663 3821 1866 3873 meum,

279 3900 616 3958 dilectissimi
653 3902 780 3968 mei,
808 3909 988 3957 vestra
1015 3917 1179 3959 causa
1203 3901 1588 3958 confirmatum
1615 3907 1721 3967 est,
1742 3915 1864 3955 cum

281 3995 475 4060 sciam,
511 4010 607 4049 vos
631 3995 843 4066 spiritui
883 3996 1066 4067 glorioe
1095 3996 1273 4051 inanis
1320 3993 1544 4048 minime
1572 3993 1863 4060 assentiri,

280 4085 375 4141 sed
419 4095 679 4157 perpetuo
717 4087 795 4143 illi
829 4089 1135 4153 adversari;
1171 4087 1404 4156 ideoque
1444 4086 1652 4141 fructus
1689 4092 1869 4139 vester

280 4187 500 4236 sanetus
544 4192 709 4251 atque
759 4179 915 4235 vivus
971 4190 1076 4236 est.
1115 4178 1478 4247 Quamobrem
1525 4176 1743 4248 spiritui
1791 4175 1867 4231 illi

282 4270 423 4326 malo
483 4270 763 4326 adversari
808 4270 1110 4340 persistite3
1149 4284 1273 4323 nam
1333 4268 1486 4325 initis
1533 4269 1602 4324 ab
1649 4265 1870 4323 homine

279 4360 443 4431 iustis
472 4362 752 4433 operibus,
786 4364 1100 4434 optimoque
1129 4360 1448 4426 certamine,
1479 4360 1546 4414 ad
1578 4358 1866 4415 ineundam

1959 1858 2089 1914 nibil
2128 1866 2211 1915 est
2257 1873 2322 1914 eo
2374 1858 2754 1929 praestantius.
2817 1857 2887 1913 Si
2934 1859 3081 1928 quis
3140 1866 3312 1915 auten
3341 1869 3423 1914 vett

1958 1950 2379 2022 deprehenderit
2404 1965 2465 2007 se
2494 1948 2732 2004 minime
2759 1950 2880 2004 ltoe
2915 1949 3225 2019 pra-ditum
3254 1948 3423 2006 essed

1961 2043 2110 2098 illum
2147 2058 2397 2115 quaerere
2420 2051 2668 2113 satagat;
2699 2041 2800 2111 qui
2825 2043 3087 2114 quidem
3123 2043 3423 2114 qua-remia}

1960 2133 2169 2189 Etenim
2222 2134 2330 2205 igni
2362 2133 2555 2189 similis
2572 2143 2654 2188 est
2678 2171 2698 2199 ,
2729 2136 2788 2189 in
2824 2148 3020 2204 quem
3061 2134 3302 2189 volentes
3337 2136 3423 2189 bt·

1960 2225 2160 2297 aliquid
2200 2226 2409 2282 olerum
2458 2239 2816 2292 concoquere
2846 2266 2866 2293 ,
2922 2226 3136 2283 inflant
3194 2228 3343 2285 donst
3371 2242 3423 2281 aa

1961 2318 2162 2374 datur:
2239 2331 2349 2387 quo
2397 2328 2577 2373 autem
2630 2331 2894 2372 accenso
2921 2357 2943 2385 ‚
3008 2317 3169 2375 illius
3229 2318 3402 2392 acquirit

1964 2421 2167 2477 turam,
2210 2408 2506 2480 ebullitqne
2566 2406 2900 2465 ascendens
2965 2419 3028 2466 et
3079 2408 3423 2467 combure-tl

1962 2502 2180 2572 quidem
2248 2501 2487 2567 ratione,
2551 2499 2709 2555 lilioli
2769 2502 2938 2570 mei,
2984 2519 3119 2558 curn
3184 2504 3423 2559 viderb‘·

1965 2606 2081 2647 mas
2140 2599 2349 2646 vestras
2412 2589 2669 2660 frigelleri
2740 2604 2859 2660 pet·
2931 2591 3218 2649 incuriam
3297 2602 3423 2664 atsst

1964 2681 2210 2754 gritiam,
2260 2696 2356 2737 eas
2403 2682 2611 2751 erigere
2666 2685 2951 2751 studete,
3009 2699 3184 2757 super
3225 2683 3423 2754 illasplu

1969 2783 2068 2828 tes.
2121 2772 2505 2828 Procul-dubio
2551 2776 2706 2827 enlm
2756 2774 2939 2831 calor
2995 2776 3093 2833 ille
3144 2778 3337 2845 veniet,
3375 2786 3413 2829 tt

1966 2861 2171 2919 scilieet
2195 2863 2478 2918 animabus
2501 2862 2712 2918 vestris
2737 2864 3036 2921 unietur:
3076 2867 3221 2934 cuius
3246 2866 3423 2937 acquire

1969 2966 2240 3020 naturam,
2268 2955 2423 3010 bonis
2449 2954 2713 3024 operibns
2736 2955 3071 3014 ebullient.
3099 2956 3221 3013 nine
3249 2958 3397 3012 David

1970 3046 2445 3103 animadvertisset
2476 3045 2720 3101 animam
2750 3060 2936 3101 suam
2958 3046 3085 3116 jam
3117 3056 3414 3121 aggravatam

1970 3150 2133 3210 atque
2160 3139 2535 3210 frigefactatn,
2576 3139 2656 3191 sie
2704 3138 2789 3191 ait
2829 3156 2849 3193 ε
2910 3138 3144 3212 ProJ’eci
3178 3139 3377 3193 animatu
3403 3156 3423 3190 r

1967 3247 2146 3286 eoram
2178 3240 2247 3296 te,
2282 3241 2330 3284 et
2361 3226 2676 3284 recordatus
2705 3244 2840 3283 sum
2880 3235 3288 3300 praeteritorun
3303 3231 3422 3283 dim.

1968 3327 2253 3380 meditatus
2280 3340 2396 3379 sum
2420 3338 2576 3394 opera
2607 3339 2901 3381 munuum
2934 3336 3197 3382 tuarum.
3231 3321 3423 3378 armare«

1965 3418 2128 3486 pandi
2158 3433 2343 3472 uranus
2371 3431 2511 3470 meas
2532 3457 2548 3482 ,
2575 3425 2623 3469 et
2655 3416 2820 3483 [ueta
2869 3430 2964 3474 est
2999 3421 3200 3478 cuim
3228 3430 3423 3488 ιικιιιη

1969 3520 2108 3562 terra
2134 3511 2317 3563 sitiens
2341 3524 2517 3563 coram
2558 3515 2607 3560 te
2644 3507 2720 3562 ⁸⁸.
2757 3509 2978 3576 Quare
3032 3513 3327 3584 percipite,
3353 3509 3423 3565 fla

1969 3602 2090 3656 sinti
2127 3601 2265 3665 mei,
2308 3615 2425 3670 quae
2468 3599 2593 3654 fecit
2627 3598 2813 3655 David
2844 3641 2865 3668 ,
2920 3607 3055 3675 qui,
3089 3621 3220 3662 cum
3273 3610 3423 3674 aggn‘i

1970 3703 2119 3749 ‹es-et
2164 3708 2261 3747 eor
2300 3692 2453 3761 cJuS,
2486 3693 2620 3747 adeo
2651 3691 2906 3762 quidem
2951 3697 3244 3761 sollicitus
3271 3696 3423 3758 luia*

1971 3799 2233 3840 accensus
2262 3793 2345 3837 est
2372 3783 2523 3836 calor
2551 3781 2601 3835 in
2624 3783 2805 3836 rot-de
2839 3783 3008 3853 ejus,
3050 3788 3133 3841 ita
3166 3796 3228 3842 ut
3257 3769 3420 3842 disi-'5‘

1969 3893 2139 3930 meum
2164 3885 2410 3947 puratum
2448 3883 2543 3938 est,
2572 3872 2740 3938 Deus,
2772 3890 2887 3929 cor
2927 3895 3127 3933 meum
3169 3857 3422 3950 parata-²⁴⁸·

1972 3969 2040 4024 Et
2072 3968 2357 4023 restitutus
2380 3974 2465 4021 est
2497 3963 2842 4030 ministerio,
2884 3969 3198 4025 mediante
3217 3967 3422 4038 eluunt!

1970 4061 2276 4131 diurnaque
2307 4073 2437 4113 eura
2483 4064 2539 4110 et
2576 4052 3017 4116 sollicitudine.
3062 4052 3420 4119 Similitarlatiit

1970 4167 2068 4208 vos
2090 4192 2106 4217 ,
2138 4159 2197 4206 ut
2232 4151 2517 4206 unanimes
2545 4147 2668 4202 sitis
2709 4148 2764 4202 iu
2813 4155 3252 4223 pra-paratiore
3273 4144 3410 4206 mre,

1971 4247 2096 4300 vino
2123 4243 2423 4314 opitulante
2451 4241 2652 4296 lumine
2687 4251 2746 4295 et
2776 4242 3001 4300 calore
3022 4285 3045 4314 ,
3085 4258 3146 4302 et
3187 4252 3242 4300 ιιι
3263 4244 3422 4309 tum

1972 4337 2081 4391 riat
2131 4336 2274 4390 Deus
2332 4333 2486 4391 vobis
2532 4347 2736 4388 arcana
2787 4349 2939 4405 quae
3002 4336 3264 4408 explicari
3292 4335 3422 4398 κβ·

1892 3106 1935 3164 C

283 4467 406 4508 cnm
448 4452 542 4508 illo
570 4453 1037 4522 participationem
1060 4450 1297 4508 accurrit
1321 4450 1429 4517 ltic,
1454 4459 1508 4505 et
1537 4450 1605 4505 ab
1635 4449 1719 4504 ltis
1744 4463 1870 4505 eum
1906 4447 1947 4501 D
1979 4427 2088 4496 38⁰
2123 4436 2304 4480 “mem
2356 4439 2488 4495 '⁵⁰8⁰
2523 4423 2669 4478 “¹⁸⁰¹
2694 4461 2711 4487 ν
2745 4433 2819 4478 ¹¹²
2857 4441 3133 4499 c‘³¹'l‘ffl'2
3166 4428 3391 4488 ”W
3417 4424 3423 4456 ⁸

285 4557 538 4599 amovere
580 4554 840 4613 conatum
896 4545 970 4600 ita
1015 4545 1273 4616 quidem,
1302 4554 1361 4598 ut
1400 4544 1694 4614 quidquam
1735 4541 1868 4611 justi

284 4636 434 4691 illum
466 4650 626 4707 agere
657 4652 761 4692 nnn
796 4638 960 4699 sinat,
985 4652 1105 4691 cunt
1131 4637 1203 4692 sit
1220 4637 1443 4708 spiritus
1469 4635 1644 4691 malus
1677 4634 1872 4689 adver-

284 4737 542 4797 seturque
594 4727 848 4783 omnibus
889 4727 982 4797 qui
1034 4727 1221 4783 fideles
1249 4742 1368 4782 esse
1426 4726 1671 4798 cupiunt.
1715 4722 1868 4778 Multi

283 4820 498 4888 quidem
547 4827 676 4877 sunt
716 4819 914 4891 quibus
965 4820 1214 4875 homines
1268 4817 1573 4890 gloriantur
1610 4825 1868 4886 tanquam

285 4910 563 4978 fidelibus,
603 4912 777 4981 etqui
818 4912 1001 4966 statim
1054 4919 1397 4966 commutant
1438 4907 1868 4964 misericordiam

284 5001 571 5074 egentibus
595 5042 613 5070 ,
654 5003 856 5075 quibus
896 5016 1109 5073 quoque
1139 4992 1457 5056 adversatur
1486 4999 1712 5069 spiritus
1746 4999 1869 5054 iste-0

285 5095 418 5150 Aliis
456 5110 588 5152 vero
618 5095 765 5151 inter
791 5096 1127 5165 operandum
1156 5108 1282 5150 sese
1313 5093 1617 5157 immiscet,
1648 5107 1869 5148 eorum,

283 5201 391 5258 que
414 5187 662 5257 deperdit
700 5185 911 5243 fructus
949 5186 1219 5257 efficitque
1262 5185 1702 5250 retrocedentes,
1730 5194 1784 5238 et
1811 5191 1874 5238 ut

286 5288 415 5333 suas
436 5284 668 5336 virtutes
697 5287 755 5335 et
789 5279 1219 5335 misericordiam
1261 5276 1413 5332 inani
1449 5275 1634 5348 gloriae
1667 5274 1870 5345 permi-

285 5381 403 5427 stas
433 5383 746 5438 operentur.

304 5511 309 5515 .
362 5460 472 5516 llos
498 5473 676 5518 autem
702 5463 974 5520 fructibus
1010 5478 1132 5521 esse
1167 5465 1425 5536 praeditos
1468 5462 1714 5519 hominos
1753 5461 1873 5517 exl-

287 5556 548 5619 stimant,
581 5568 704 5610 cum
755 5556 998 5628 prolecto
1043 5566 1307 5612 careant:
1351 5566 1480 5614 sunt
1523 5548 1874 5614 ettitninstar

288 5647 595 5724 sycomori,
644 5663 804 5719 quatu
854 5648 1101 5706 dulcibus
1146 5650 1413 5706 fructibus
1452 5650 1706 5706 refertam
1752 5662 1874 5703 esse

350 5770 400 5805 θ’
413 5769 562 5830 l'sal.
590 5785 689 5838 ιιι.
718 5768 771 5828 6.

1968 4528 2111 4575 stt-as
2140 4525 2305 4588 atque
2329 4518 2552 4586 spiritus
2587 4514 2921 4574 incolumes
2960 4514 3422 4590 servantum·

1971 4611 2110 4667 serat
2160 4624 2257 4665 vos
2295 4610 2364 4663 ad
2403 4624 2516 4664 suae
2544 4607 2979 4668 misericordias
3025 4597 3423 4671 mamm-‚¹⁸¹

1977 4718 2139 4773 quent
2165 4701 2339 4757 saneti
2369 4699 2535 4757 nostri
2567 4698 2823 4755 incolunt
2853 4714 3104 4774 patres.
3129 4688 3423 4768 ww

1973 4798 2025 4851 in
2053 4794 2301 4861 Domino,
2324 4795 2409 4849 cui
2444 4792 2613 4864 gloria
2639 4805 2886 4863 semper
2931 4798 2994 4853 in
3025 4808 3302 4856 aetemnn.

2529 4902 2898 4964 EptsTole
2942 4912 3056 4969 xt.

2115 5003 2194 5058 De
2220 5002 2556 5063 discretione.
2586 4997 2814 5073 ejusque
2848 5009 3255 5076 acquisitione.
3289 5001 3406 5057 mxii

2044 5093 2273 5160 Scitote,
2296 5094 2444 5150 filioli
2478 5091 2581 5147 inei
2614 5091 2914 5150 benedicti
2934 5136 2956 5164 ,
2995 5102 3163 5169 quod
3192 5091 3423 5165 scripserit

1974 5188 2059 5245 bis
2094 5197 2352 5258 tanquam
2402 5185 2529 5241 liliis
2559 5182 2957 5244 dilectissimis
2984 5229 3005 5256 ,
3041 5190 3408 5248 benedictione

1980 5281 2129 5353 regni
2152 5279 2468 5336 haereditate
2491 5275 2689 5348 dignis.
2717 5274 3138 5344 Quamobrem
3174 5299 3270 5340 vos
3294 5282 3423 5335 deret

1973 5371 2109 5427 tales
2152 5368 2330 5426 effecti
2368 5368 2530 5433 sitis,
2572 5377 2631 5420 ut
2681 5383 2983 5430 memores
3030 5376 3173 5432 sitis
3212 5382 3363 5430 noctu
3396 5365 3423 5420 d

1971 5465 2224 5528 istorum,
2260 5477 2383 5518 cum
2414 5461 2506 5516 mii
2537 5458 2688 5528 regni
2734 5461 2865 5520 lieri
2906 5468 3204 5537 cupiatis,
3255 5475 3312 5521 ut
3334 5470 3423 5518 cus:

1975 5571 2084 5613 vos
2113 5556 2373 5612 Dominus
2399 5557 2466 5609 ab
2505 5552 2764 5608 omuibus
2795 5557 2975 5616 malis
3002 5598 3024 5626 ‚
3072 5570 3139 5616 ut
3178 5560 3352 5616 omnia
3386 5552 3423 5606 di

1979 5655 2209 5715 nentes,
2246 5645 2472 5703 meliora
2507 5642 2725 5714 eligatis
2768 5655 2833 5701 et
2879 5647 3029 5704 bona
3058 5649 3233 5722 justis
3262 5652 3423 5717 parata

865 5768 911 5803 ⁸⁸
931 5763 1080 5826 Psal.
1106 5782 1282 5839 extat,
1307 5765 1370 5835 5,
1391 5767 1453 5824 ι’).
1520 5766 1568 5797 “
1584 5763 1895 5828 rsaxmn,
1911 5763 1977 5817 ἡ..
