3725 6125
232 332 254 385 1
267 327 370 383 085

786 436 1067 505 Responsio
1122 440 1284 495 senis.

298 531 380 589 Ex
412 530 519 586 bac
556 543 618 585 re
643 528 941 584 ediscimus
962 528 1106 598 quod
1137 543 1237 584 nos
1265 534 1513 598 oporteat
1537 540 1818 596 suscipere

225 638 391 683 senes
428 619 709 685 infirmos,
734 618 1054 686 imbecillos,
1103 633 1276 675 cacos
1305 626 1361 674 et
1389 616 1739 689 paralyticos„
1763 623 1818 673 et

231 718 462 788 diligere
490 727 622 780 θοις
655 710 745 768 isti
772 711 919 767 entim
959 724 1086 766 cutn
1114 710 1310 782 gaudio
1357 718 1414 766 et
1438 710 1575 766 bona
1630 708 1820 763 volun-

239 819 354 868 tate
375 820 497 864 sese
542 803 843 861 virtutibus
880 802 1262 875 comparandis
1292 802 1578 869 dederunt,
1613 801 1717 858 etsi
1749 800 1818 856 ob

241 917 373 957 suas
393 898 736 956 infirmitates
768 894 986 951 labores
1012 896 1198 951 subire
1248 909 1356 950 non
1417 894 1650 965 possint.
1682 893 1820 949 ilinc

244 996 384 1050 baud
412 990 671 1048 mediocri
729 987 1153 1061 reprehensione
1203 988 1349 1056 digni
1397 995 1524 1044 sunt
1577 996 1820 1043 rectores

239 1086 320 1140 illi
345 1093 402 1140 et
424 1082 740 1154 superiores
773 1078 1230 1136 monasteriorum
1251 1117 1268 1145 ,
1309 1078 1404 1151 qui
1462 1093 1621 1136 senes
1649 1089 1706 1135 et
1744 1080 1823 1135 iu·

235 1178 446 1242 firmos,
483 1175 588 1231 etsi
624 1172 921 1229 virtutibus
980 1170 1452 1242 praeclsrisslmos,
1480 1185 1588 1227 non
1647 1171 1824 1228 susci·

229 1269 425 1340 piunt;
452 1265 760 1337 suscipiunt
784 1277 921 1318 vero
960 1261 1147 1318 libenti
1177 1260 1360 1316 animo
1396 1259 1652 1317 fortiores
1668 1262 1824 1331 juve-

230 1374 335 1416 nes
357 1366 584 1430 propter
608 1370 788 1412 rerum
813 1352 1243 1426 peragendarum
1275 1351 1821 1420 administrationem,

232 1451 438 1507 itinera
488 1445 854 1509 conficienda,
917 1444 1224 1515 ingressum
1276 1449 1332 1518 et
1373 1456 1675 1513 egressum,
1724 1443 1825 1498 etsi

237 1540 479 1595 audaces
530 1538 641 1592 sint
703 1541 761 1591 et
790 1533 1153 1606 impudentes.
1204 1530 1312 1588 ilos
1343 1532 1614 1602 interpres
1637 1533 1828 1589 beatus

241 1629 443 1685 acriter
469 1627 817 1699 reprehendit
846 1626 898 1680 in
933 1624 1073 1680 libro
1088 1623 1167 1679 De
1184 1623 1505 1693 perfectione
1531 1622 1824 1694 regiminis,

244 1722 463 1776 diceus:
490 1716 582 1775 isti
612 1719 730 1775 suis
786 1716 1094 1787 discipulis,
1150 1714 1281 1770 utin
1309 1714 1564 1787 operibus
1609 1715 1828 1770 virtutis

247 1811 387 1881 pigri
443 1810 571 1878 sint,
615 1809 959 1881 permittunt,
1015 1807 1161 1862 etad
1206 1820 1371 1877 opera
1426 1803 1727 1876 corporalia
1760 1818 1826 1860 ac

250 1900 526 1956 mundana
589 1899 869 1969 impendio
913 1896 1242 1965 sollicitant;
1290 1894 1578 1951 illisvero
1633 1894 1725 1965 qui
1757 1894 1827 1949 ad

249 2006 469 2061 operam
525 1989 828 2046 navandam
875 1986 1167 2044 virtutibus
1243 1985 1546 2056 religiosam
1591 1983 1824 2055 amplexi

250 2093 377 2139 sunt
398 2084 584 2149 vitam,
624 2080 823 2138 nullam
867 2079 1175 2137 concedunt
1202 2078 1270 2134 ab
1314 2077 1573 2148 operibns
1598 2076 1824 2131 munda·

254 2177 340 2231 nis
371 2176 606 2245 requiem
662 2179 756 2230 sut
798 2174 992 2239 otium,
1024 2173 1122 2229 scd
1180 2171 1441 2231 continuo
1486 2171 1554 2226 ad
1583 2171 1699 2227 baec
1732 2184 1829 2228 eos

255 2276 467 2338 nrgcnt,
497 2267 906 2335 improperant,
957 2264 1210 2334 irrident,
1260 2263 1613 2336 exprobrant,
1645 2264 1832 2319 redar-

253 2367 446 2429 guunt,
471 2357 615 2427 quod
636 2370 769 2429 opus
794 2356 899 2415 sibl
928 2358 1284 2413 commissum
1314 2370 1510 2427 magna
1543 2353 1833 2411 sedulitate

252 2465 359 2503 non
394 2449 761 2515 absolverint,
779 2446 911 2505 ‘sive
938 2448 994 2505 id
1016 2447 1279 2505 acciderit
1306 2456 1529 2519 propter
1550 2446 1835 2504 imbecilli·

246 2552 434 2611 tatem,
467 2544 584 2599 sive
608 2542 680 2601 ob
708 2545 978 2600 incuriam
1001 2543 1296 2615 aliquando
1317 2582 1333 2609 ,
1369 2556 1675 2613 quanquam
1699 2542 1835 2597 alias

248 2639 441 2696 millies
464 2638 668 2696 fuerint
690 2639 909 2697 solliciti
940 2654 1008 2695 ae
1034 2639 1339 2709 diligentes.
1362 2637 1588 2703 Contra,
1625 2640 1836 2709 magnis

247 2748 344 2787 cos
377 2732 656 2788 celebrant
701 2730 974 2801 laudibus,
1029 2732 1122 2804 qui
1158 2730 1403 2787 sedulam
1441 2744 1663 2801 operam
1688 2745 1836 2784 mun·

257 2825 413 2880 danis
471 2825 606 2880 dant
650 2824 834 2893 rebus,
869 2824 969 2881 etsi
1025 2825 1079 2880 in
1138 2824 1430 2879 virtutibus
1490 2822 1836 2895 acquirendis

255 2918 365 2974 sint
384 2918 686 2989 pigerrimi.
711 2917 863 2987 Quod
894 2932 1026 2974 sanc
1059 2931 1167 2973 nou
1227 2931 1295 2972 ex
1338 2916 1540 2973 virtute
1569 2916 1835 2982 exoritur,

256 3012 349 3068 scd
387 3027 417 3066 a
475 3011 765 3069 mundanis
817 3010 967 3068 curis
1014 3009 1298 3083 proventu
1340 3008 1485 3079 quod
1513 3020 1693 3064 autem
1721 3021 1840 3064 om-

907 320 971 377 S.
1008 321 1287 380 amomi
1326 323 1398 382 Μ.
1440 320 1733 379 ansuis
1771 317 2324 380 SENTEN‘rtAnmt
2362 279 2751 386 exros't'rm.

3350 339 3489 399 ¹086

1845 434 2186 502 Adilcctio,
2255 452 2376 507 quae
2448 440 2790 509 potissimum
2842 441 2954 499 vita
3014 454 3099 503 cst
3154 451 3493 525 appellanda,

1920 527 2115 582 animae
2185 529 2396 585 scilicet
2458 540 2515 587 et
2572 532 2900 592 intellectus.
2976 538 3033 594 Si
3081 554 3214 612 ergo
3270 557 3495 602 cuncta·

1917 620 2066 676 bitur
2119 624 2418 680 monscltus
2485 626 2538 680 in
2594 627 2840 697 urbibus,
2905 631 3026 688 visu
3083 644 3138 690 et
3181 636 3498 697 confabula-

1923 712 2162 769 tionibus
2195 716 2447 783 moritur,
2494 718 2800 787 privatione
2832 720 3130 791 spiritualis
3175 727 3320 794 vitae,
3351 732 3495 802 qnod

1922 803 2210 859 abducitur
2259 820 2289 860 a
2349 806 2479 873 Deo,
2536 824 2767 880 eumque
2830 812 3186 882 obliviscitur,
3214 829 3266 873 et
3291 819 3495 876 Christi

1922 911 2162 953 amorem
2215 913 2247 955 e
2295 914 2401 957 suo
2451 902 2613 957 corde
2677 905 2916 974 depellit,
2969 922 3127 977 quem
3170 911 3355 969 multis
3378 913 3482 969 sibi

1923 1001 2344 1059 comparaverat
2401 992 2704 1064 laboribus,
2752 995 2877 1051 dum
2908 1002 3086 1068 quiete
3128 1001 3407 1058 fruebatur
3445 1004 3496 1058 in

1923 1082 2082 1137 cella.
2113 1081 2410 1140 Relaxatu'r
2427 1094 2685 1154 praeterea
2711 1088 2765 1143 in
2800 1102 2869 1144 eo
2903 1089 3207 1148 afflictionis
3236 1108 3412 1159 amur,
3444 1104 3502 1149 et

1926 1188 2047 1230 sese
2076 1176 2241 1231 dedet
2293 1178 2502 1247 requiei
2560 1187 2616 1235 et
2671 1181 3163 1253 concupiscentiis;
3221 1195 3275 1241 et
3319 1188 3501 1243 cordis

1926 1265 2292 1322 conturbatur
2318 1269 2527 1336 puritas
2562 1270 2631 1324 ob
2675 1271 2978 1341 specierum
3014 1276 3358 1344 perturbatos
3382 1293 3501 1333 mo-

1929 1367 2043 1423 tus,
2078 1373 2199 1428 quae
2245 1360 2598 1429 egrediuntur
2644 1371 2701 1416 et
2752 1361 3127 1432 ingrediuntur
3160 1379 3256 1435 per
3288 1380 3500 1436 sensuS,

1928 1450 2020 1520 qui
2055 1460 2184 1505 sunt
2212 1451 2643 1521 visus,'auditus,
2681 1455 2869 1520 verbs,
2903 1463 3103 1525 tactus,
3132 1468 3346 1527 gustus,
3367 1461 3501 1517 odo·

1932 1551 2121 1608 ratus;
2147 1556 2214 1595 ex
2247 1541 2446 1612 quibus
2480 1540 2618 1598 forte
2658 1543 2945 1600 deducitur
2973 1547 3040 1601 ad
3088 1546 3503 1605 fornicationem

1932 1631 2180 1702 aliasque
2230 1633 2533 1702 passiones,
2580 1649 2700 1704 quae
2732 1650 2860 1691 vere
2913 1648 3039 1692 sunt
3074 1639 3322 1694 monachi
3358 1656 3506 1696 mors

1931 1730 1986 1777 et
2007 1720 2281 1777 interitus.
2316 1721 2460 1778 Bene
2491 1724 2655 1794 igitur
2674 1724 2751 1779 ait
2800 1726 2862 1780 B.
2906 1727 3205 1785 Antonius:
3235 1730 3507 1798 Quemad-

1934 1812 2146 1867 modum
2174 1816 2478 1868 moriuntur
2505 1815 2673 1885 pisces
2702 1815 2757 1870 irs
2782 1819 2991 1873 aridam
3011 1822 3233 1876 extracti
3247 1840 3270 1888 ,·
3300 1821 3375 1876 ita
3397 1838 3509 1877 uto-

1934 1906 2072 1960 ritur
2121 1906 2434 1974 ntonacfms,
2497 1909 2593 1978 qui
2640 1918 2791 1963 extra
2858 1910 3045 1966 cellam
3104 1913 3160 1969 iu
3212 1913 3509 1969 civitatibus

1932 1992 2087 2065 degit.

2535 2088 2911 2163 luter-rogatio.

2008 2178 2156 2235 Dixit
2184 2179 2245 2236 S.
2274 2180 2444 2237 abbas
2470 2180 2737 2239 Antonius
2765 2201 2779 2239 τ
2813 2183 2919 2250 Qui
2945 2186 3283 2243 solitudinem
3310 2187 3512 2256 incolit,

1938 2288 1969 2326 a
2001 2271 2168 2327 tribus
2202 2273 2460 2327 liberatur
2490 2274 2900 2330 certaminibus:
2928 2277 3123 2333 scilicet
3155 2267 3513 2347 verbis,'vistt,

1939 2364 2168 2428 auditu:
2195 2375 2457 2436 restatque
2490 2365 2568 2422 illi
2599 2368 2860 2422 ‹iuutaxat
2890 2380 3153 2424 certamen
3181 2370 3377 2426 cordis.
3402 2371 3514 2428 Ex·

1942 2470 2079 2524 pone
2107 2455 2285 2524 uobis,
2318 2472 2525 2528 quaeso,
2554 2461 2718 2515 verba
2752 2462 2863 2518 baec
2891 2463 3055 2519 beati.

2581 2548 2888 2621 Responsio.

2014 2642 2129 2699 Non
2153 2644 2298 2714 quod
2332 2657 2509 2715 pugna
2538 2657 2659 2713 qnae
2691 2647 2749 2700 tit
2808 2646 2860 2700 in
2897 2646 3083 2717 quiete
3129 2654 3185 2701 et
3228 2646 3519 2703 solitudine

1945 2736 2125 2792 minor
2158 2737 2230 2792 sit
2261 2737 2560 2792 certamine
2614 2736 2757 2807 quod
2788 2738 3152 2793 committitur
3171 2752 3293 2793 cnut
3333 2737 3518 2794 fratri-

1945 2828 2047 2883 bus
2075 2834 2255 2882 meute
2280 2826 2556 2884 distractis
2610 2828 2680 2884 ob
2733 2827 2935 2896 visum,
2958 2828 3198 2884 auditum
3244 2840 3298 2886 et
3323 2831 3520 2897 νει-1ης

1945 2917 2041 2973 sed
2070 2917 2155 2973 liis
2181 2917 2439 2984 ostendit,
2481 2916 2831 2973 solitudinem
2858 2917 3155 2972 incolentes
3187 2932 3377 2974 carere
3402 2935 3524 2974 cer-

1948 3009 2244 3066 taminibus
2269 3024 2551 3077 sensuum,
2575 3008 2773 3081 quibus
2800 3008 2890 3064 alii
2941 3018 3207 3064 vexantur
3228 3006 3370 3065 ultra
3397 3025 3521 3066 ccr-

259 3105 403 3160 nium
433 3104 726 3173 pessimum
756 3113 862 3172 est,
895 3103 1039 3175 pigri
1093 3102 1205 3157 sint
1262 3102 1352 3157 isti
1409 3100 1494 3156 vel
1524 3102 1836 3173 diligentes,
1868 3129 1912 3188 C
1954 3101 2161 3156 tamina
2212 3100 2397 3155 cordis
2457 3115 2580 3171 quae
2632 3099 2737 3155 illis
2796 3099 3064 3154 daemones
3093 3096 3349 3154 inferunt.
3398 3096 3525 3153 llaec

255 3207 434 3256 eosnt
455 3214 645 3256 servos
697 3195 924 3255 babent.
974 3195 1160 3251 Abhas
1210 3203 1391 3250 autem
1422 3192 1625 3251 Bemen
1664 3193 1837 3275 dixit:

254 3294 317 3347 Si
339 3294 497 3347 trium
529 3290 915 3346 coenobitarum
945 3304 1081 3343 unus
1100 3297 1174 3341 est
1197 3287 1404 3357 quietus
1427 3287 1675 3357 optimus,
1704 3285 1844 3341 aiter
1880 3336 1888 3348 ,

246 3386 499 3456 infirmus
531 3383 738 3454 gratias
768 3396 931 3451 agens
960 3377 1090 3447 Dea,
1116 3379 1301 3434 tertius
1339 3393 1456 3434 vero
1502 3377 1636 3432 bona
1661 3375 1846 3434 volun·

252 3487 363 3531 tute
395 3476 652 3536 inser-eiu
683 3486 867 3524 omnes
891 3479 995 3523 tres
1038 3472 1095 3524 iss
1138 3474 1318 3526 eodem
1371 3479 1493 3526 sunt
1528 3486 1700 3541 opere.
1747 3471 1843 3527 ttis

263 3573 494 3617 sanctus
515 3562 621 3616 iste
655 3561 941 3617 ostendere
968 3560 1199 3631 volebat,
1230 3564 1374 3634 qnod
1403 3565 1454 3618 in
1489 3563 1844 3632 monasterio,

272 3649 362 3701 ubi
395 3654 524 3702 sunt
557 3647 711 3702 multi
746 3649 1048 3722 congregati
1102 3668 1168 3708 ac
1222 3654 1530 3720 coenobitae,
1568 3668 1708 3725 opus
1735 3662 1842 3719 est,

275 3749 465 3794 utnon
499 3739 605 3795 sint
643 3738 816 3796 fortes
871 3748 1073 3796 tantum
1127 3743 1197 3797 ad
1230 3743 1533 3800 ministeria
1570 3746 1845 3811 obeunda,

276 3833 371 3887 sed
405 3832 570 3887 etiam
599 3842 655 3889 ct
681 3832 881 3889 intirmi
906 3831 1128 3904 fratres,
1156 3846 1214 3891 et
1248 3851 1407 3893 senes
1441 3837 1758 3904 imbecilles,
1789 3844 1848 3893 et

278 3923 473 3979 fratres
501 3925 590 3994 qui
645 3934 904 3995 perpetuo
957 3926 1240 3983 silentium
1295 3938 1542 3998 servent;
1604 3929 1845 4000 alioquin

279 4031 445 4072 vanus
471 4024 555 4072 est
589 4015 769 4073 omnis
806 4016 959 4074 labor
992 4033 1208 4075 eorum.

870 4108 1251 4182 iuterrogatio.

344 4199 516 4266 Quam
557 4201 628 4256 ob
670 4215 784 4256 rem
821 4201 993 4258 abbas
1043 4202 1315 4261 Antonius
1367 4205 1504 4262 dixit
1552 4206 1717 4261 Paulo
1751 4221 1849 4262 suo

273 4290 567 4359 discipulo:
607 4289 768 4358 Vade,
807 4296 930 4349 sede
957 4295 1012 4349 in
1033 4294 1344 4364 solitudine,
1375 4308 1430 4352 stt
1456 4298 1661 4353 ediscas
1688 4307 1850 4351 certa·

274 4383 415 4435 onina
444 4382 739 4436 doentonnm
759 4385 786 4437 ‚⁹

901 4479 1210 4550 Responsio.

349 4569 617 4638 Quoniam
644 4567 908 4642 perfectio
937 4573 1192 4629 monaclti
1222 4588 1252 4629 a
1291 4574 1552 4646 regimine
1585 4576 1852 4648 spirituali

265 4676 390 4733 est;
430 4664 677 4734 regimen
710 4680 846 4721 vero
904 4667 1190 4737 spirituale
1222 4667 1466 4738 puritate
1497 4669 1678 4725 cordis
1705 4684 1855 4724 com-

270 4767 528 4826 paratum
576 4757 790 4828 puritas
827 4771 962 4814 vero
994 4760 1177 4815 cordis
1211 4774 1241 4814 a
1279 4760 1550 4832 regimine
1577 4769 1661 4818 est
1693 4761 1853 4816 intel-

275 4849 476 4915 lectus;
524 4851 769 4921 regimen
827 4859 1014 4907 autem
1069 4851 1375 4909 intellectus
1419 4861 1503 4909 est
1539 4854 1714 4910 oratio
1738 4855 1856 4910 sine

277 4940 710 4997 intermissione.
748 4940 1042 5000 Certamen
1073 4954 1257 5005 autern
1283 4960 1406 5001 cum
1442 4944 1774 5001 daemonibus
1793 4945 1854 5001 nt

273 5031 700 5102 cogitationibus
736 5041 793 5086 et
827 5033 1334 5102 pltantasmatibus3
1380 5049 1442 5091 ea
1471 5049 1599 5090 vero
1632 5035 1687 5092 in
1721 5038 1849 5094 soli-

274 5121 468 5177 tudine
499 5130 554 5177 et
577 5122 762 5192 quiete
797 5123 979 5180 acrius
1005 5126 1332 5181 excitantur.

884 5210 1254 5285 interrogatio.

349 5304 489 5372 Quid
522 5313 610 5361 est
636 5305 780 5375 quod
803 5304 940 5361 dixit
973 5307 1144 5362 abbas
1164 5306 1433 5364 Antonius
1457 5325 1473 5364 ε
1501 5306 1858 5374 Quemadmo-

276 5401 407 5453 dum
431 5398 607 5453 educti
631 5408 780 5452 extra
808 5414 1001 5467 aquam
1022 5400 1190 5468 pisces
1222 5401 1583 5466 emorientis&
1609 5401 1687 5456 ita
1717 5405 1863 5457 acci·

279 5497 360 5549 dit
389 5494 650 5548 monacho
677 5509 907 5565 quoque,
952 5496 998 5550 si
1026 5497 1118 5550 diu
1164 5496 1457 5551 morabitur
1486 5505 1637 5552 extra
1675 5497 1863 5553 cellum

280 5602 439 5643 suant
463 5588 490 5641 2
519 5585 803 5652 Quomodo
837 5588 1067 5643 moritur
1106 5588 1426 5657 monachus,
1460 5598 1519 5645 ut
1555 5588 1772 5659 pisces?

922 5678 1230 5749 Responsio.

357 5773 630 5841 Quoniam
663 5774 775 5830 rita
827 5776 1020 5832 animae
1070 5783 1150 5831 cst
1186 5772 1330 5846 jugis
1361 5775 1456 5834 Dei
1511 5774 1786 5834 meditatio
1814 5783 1867 5832 ct

1947 3202 2191 3264 propter,
2243 3196 2309 3246 ad
2349 3192 2589 3263 quietem
2625 3207 2685 3248 se
2714 3190 3069 3249 conferebant
3093 3197 3293 3262 patres,
3316 3205 3383 3246 ue
3406 3205 3526 3245 cer·

1950 3280 2142 3342 tamini
2199 3284 2386 3342 cordis
2439 3285 2767 3343 accederent
2804 3284 3101 3341 certamina
3143 3284 3311 3351 visus,
3337 3283 3526 3338 verbo-

1949 3394 2069 3435 rum
2102 3387 2159 3433 et
2181 3377 2421 3433 auditus.
2495 3375 2961 3445 Quemadmodum
3009 3374 3151 3431 enim
3181 3376 3385 3430 cadunt
3412 3382 3527 3429 sta-

1952 3471 2046 3528 tim
2098 3471 2299 3524 fratres
2361 3467 2437 3522 illi
2467 3469 2559 3538 qui
2596 3467 2949 3537 egrediuntur
3008 3473 3061 3519 et
3127 3464 3525 3535 ingrediuntur,

1914 3593 1923 3597 -
1948 3566 1993 3621 si
2031 3577 2222 3635 pugnae
2243 3561 2422 3617 cordis
2442 3559 2731 3616 accesserit
2757 3572 2936 3630 pugna
2956 3572 3211 3613 sensuum
3236 3557 3483 3626 corporis
3507 3573 3523 3622 ;

1949 3659 2020 3714 ita
2047 3656 2206 3713 facile
2236 3670 2454 3727 quoque
2478 3655 2673 3709 cadent
2713 3651 2966 3707 monachi
3018 3650 3092 3705 illi
3124 3649 3218 3721 qui
3258 3650 3312 3704 in
3340 3650 3527 3720 quiete

1949 3752 2171 3820 degunt,
2208 3756 2268 3805 et
2318 3747 2503 3804 cordis
2561 3743 2735 3800 solutu
2775 3749 3044 3798 vexantur
3092 3743 3391 3796 certamine
3417 3779 3433 3803 ,
3478 3741 3526 3794 si

1950 3844 2032 3900 eis
2073 3856 2329 3898 sensuum
2386 3837 2632 3910 corporis
2683 3835 2978 3892 accesserit
3037 3842 3335 3889 certarnen.
3373 3830 3526 3899 Quod

1950 3937 2173 4009 quidem
2211 3934 2347 3989 satis
2374 3932 2721 4000 exploratum
2750 3940 2836 3984 est
2871 3942 2936 3980 cx
2969 3941 3154 3980 eorum
3202 3923 3427 3980 fratrum
3446 3921 3529 3976 fa-

1950 4042 2061 4099 cto,
2084 4031 2148 4086 ad
2178 4043 2318 4100 quos
2372 4027 2425 4083 in
2477 4026 2657 4096 quiete
2710 4023 2966 4094 degentes
3005 4034 3131 4074 cum
3163 4019 3421 4092 ingressa
3442 4032 3534 4072 es-

1952 4132 2075 4182 seut
2111 4123 2389 4190 mulieres,
2426 4130 2482 4178 et
2508 4117 2828 4175 accessisset
2849 4112 3138 4170 certamini
3174 4111 3356 4168 cordis
3382 4111 3533 4166 visus

1954 4216 2202 4286 corporis
2224 4225 2281 4271 et
2302 4214 2511 4285 species
2538 4211 2757 4276 vultus;
2795 4223 2827 4265 e
2857 4205 3089 4277 vestigio
3136 4203 3378 4274 superati
3405 4211 3532 4258 suut

1952 4311 2022 4364 ab
2054 4310 2224 4365 arduo
2254 4309 2434 4363 cordis
2487 4305 2809 4369 certamine,
2844 4310 3007 4372 atque
3058 4297 3390 4354 ceciderunt.
3426 4295 3532 4350 bu·

1962 4400 2075 4454 rius
2107 4413 2259 4463 sane,
2291 4397 2571 4466 satiusque
2594 4395 2820 4450 arduum
2844 4407 2907 4446 ac
2933 4390 3224 4448 vebctnens
3259 4396 3341 4443 est
3362 4399 3535 4442 certa·

1884 4461 1930 4519 D
1962 4505 2082 4545 men
2115 4504 2373 4544 sensuum
2408 4488 2604 4543 anitnae
2644 4487 2906 4541 adversus
2963 4498 3057 4538 eos
3114 4481 3206 4552 qni
3246 4479 3300 4536 in
3346 4478 3532 4550 quiete

1959 4588 2179 4654 degunt,
2209 4598 2372 4654 «tuam
2420 4592 2695 4637 certamen
2760 4593 3011 4636 sensuum
3059 4574 3319 4647 corporis.
3376 4571 3530 4640 Quod

1959 4678 2178 4749 quidem
2233 4674 2370 4731 satis
2423 4683 2608 4729 notum
2660 4679 2746 4728 est
2801 4686 2865 4726 cx
2897 4670 3056 4726 dictis
3104 4665 3246 4724 beati
3279 4663 3531 4734 Evagrii3

1961 4769 2103 4840 quod
2133 4767 2341 4824 scilicet
2368 4780 2465 4835 per
2500 4780 2562 4821 se
2595 4778 2659 4820 ac
2681 4764 2797 4818 sine
2824 4762 3003 4818 medio
3024 4768 3231 4816 certant
3266 4759 3536 4813 dat-mones

1960 4876 2085 4916 cum
2132 4857 2415 4914 monacbis
2455 4855 2583 4922 iltis,
2620 4857 2714 4924 qui
2762 4854 2815 4908 in
2864 4851 3155 4907 solitudine
3180 4849 3534 4920 deguuttad·

1961 4967 2152 5008 versus
2179 4967 2272 5006 eos
2297 4962 2430 5005 vero
2489 4947 2586 5017 qui
2627 4954 2755 5000 sunt
2805 4944 2859 5001 in
2910 4941 3445 5014 congregationibus,
3481 4948 3539 4994 et

1964 5043 2311 5116 perficiendis
2336 5041 2627 5096 virtutibus
2658 5038 2789 5093 dant
2811 5049 3057 5106 operam,
3100 5032 3391 5088 dissolutos
3423 5031 3535 5086 fra·-

1966 5149 2077 5193 tres
2104 5137 2350 5192 excitant
2395 5134 2728 5200 incitantqtte
2772 5129 3083 5193 tlaemone83
3130 5123 3329 5195 quibus
3354 5122 3536 5178 nullus

1972 5229 2182 5295 durinr,
2207 5226 2445 5281 amarior
2468 5231 2565 5279 aut
2590 5218 2980 5277 fraudulentior
3011 5224 3112 5271 est.

2559 5354 2935 5425 iuterrogatio.

2041 5498 2179 5564 Quid
2204 5494 2332 5551 illud
2365 5492 2657 5563 significat,
2688 5489 2832 5559 quod
2855 5485 2928 5540 ait
2960 5482 3021 5542 S.
3050 5483 3216 5538 abbas
3236 5476 3540 5536 Antonius:

1972 5589 2116 5644 Cella
2158 5585 2401 5640 monachi
2460 5592 2537 5638 est
2588 5584 2780 5651 fornax
2837 5576 3148 5648 Babylonis,
3208 5572 3352 5626 locus
3380 5571 3543 5623 trinus

1973 5695 2270 5749 puerorum,
2307 5679 2444 5732 iuter
2466 5692 2594 5747 quos
2620 5669 2931 5728 eratfilius
2966 5670 3093 5734 Dei,·
3116 5678 3162 5723 et
3192 5678 3266 5724 est
3297 5665 3541 5722 rolutnnn

1974 5773 2128 5841 iquis,
2154 5771 2238 5826 ubi
2266 5769 2467 5825 locutus
2493 5775 2564 5822 est
2603 5763 2740 5819 Deus
2771 5775 2889 5817 cnut
2920 5758 3142 5830 Moyse?
