3725 6125
830 306 1180 367 Evactttus
1219 306 1582 365 PONthUS.
1624 338 1693 349 —
1731 305 2039 364 NottTtA.

2932 307 3064 367 ¹218

187 442 313 488 ntur
339 430 434 487 25.
467 429 542 485 Ex
573 429 660 485 his
688 443 818 484 vero
841 444 960 499 quae
992 439 1074 485 est
1115 429 1151 484 2
1193 429 1390 484 citatur
1415 446 1464 503 A
1491 442 1620 483 num
1649 426 1816 484 fuisse
1862 427 2092 483 divisum
2123 441 2139 481 t
2170 444 2190 479 ι
2241 425 2437 497 quihus
2465 442 2530 485 ex
2580 429 2764 485 verbis
2806 440 3068 500 praeterea

187 539 285 580 nne
313 522 650 577 Damascene
680 520 778 591 (a).
813 519 897 578 tlt.
942 521 1076 575 Atiae
1103 521 1386 575 sententiae

187 626 229 684 t,
257 614 427 688 Ἀρχὴ
457 612 702 683 ἀγάπης,
731 611 1058 681 Principium
1086 611 1382 679 charitatis,

192 722 287 765 ero
307 706 399 763 26.
432 704 639 760 Harum
680 713 859 758 autem
888 712 1221 772 postremam
1260 714 1384 756 tan-

189 799 342 872 agrio
375 799 720 867 desumptam
757 793 955 849 recitat
996 793 1137 847 idem
1188 794 1385 846 Danta‘-

188 907 337 964 aque
366 906 497 946 cum
537 904 605 945 ex
646 888 889 943 codicum
935 900 1067 941 mss.
1109 884 1234 949 tide,
1268 895 1379 938 tum

198 981 491 1040 actoritate
535 987 866 1045 compertum
897 975 1003 1041 sit,
1046 976 1147 1030 bos
1175 974 1381 1030 iibeiios

188 1071 412 1128 »usculis
437 1082 718 1139 perperam
747 1066 916 1121 fnisse
954 1064 1212 1131 intextos,
1243 1080 1379 1136 quos

189 1194 191 1214 2
219 1163 330 1221 sibi
360 1161 591 1215 vindieat
625 1166 810 1213 noster
837 1152 1122 1226 Evagrius.

189 1272 268 1311 iro
310 1262 370 1308 ut
400 1251 598 1321 reliqna
629 1249 844 1319 Evagrii
894 1245 1153 1318 opuscula
1191 1259 1376 1301 recen·

188 1364 256 1411 ts,
279 1354 454 1401 exstat
476 1343 596 1413 ejus
629 1359 648 1392 t
677 1341 1062 1394 Antirrleeticus
1085 1354 1150 1393 ex
1181 1339 1377 1395 divinis

192 1439 380 1493 nectus
417 1441 606 1490 eontra
636 1433 909 1486 daemones
954 1440 1281 1497 tentatores,
1322 1440 1379 1487 et

189 1542 261 1587 tes
292 1527 495 1583 divisus
523 1525 679 1597 juxta
725 1538 1006 1578 numerum
1056 1532 1182 1577 octo
1225 1524 1376 1593 eogi-

199 1619 370 1677 Verba
444 1627 573 1674 sunt
624 1614 866 1670 Socratis
896 1632 911 1669 ε
941 1613 1027 1667 cui
1077 1614 1377 1669 concinunt

189 1715 457 1781 mundius,
505 1711 704 1768 Suidas
743 1720 798 1766 et
829 1709 1168 1778 Nicephorus
1201 1707 1256 1761 ΙΙ.
1287 1723 1371 1766 cc.

189 1810 392 1880 quidem
439 1805 628 1875 scripti
658 1801 1119 1873 ἀποσπασμάτιον
1144 1816 1265 1856 esse
1295 1801 1365 1855 vi·

189 1901 322 1973 quod
373 1899 427 1954 in
478 1896 828 1953 bihiiotbecis
875 1895 1096 1949 Patrmn
1139 1902 1195 1948 et
1233 1893 1375 1947 inter

189 1992 314 2050 sceui
336 1992 450 2063 jam
485 1988 812 2059 diu'prodiit
844 2006 858 2041 :
893 1986 946 2039 in
998 1999 1063 2040 eo
1104 1983 1372 2055 siquidem

194 2094 312 2141 rent
374 2082 687 2139 testimonia
751 2096 783 2135 e
840 2077 1013 2134 sacris
1080 2076 1375 2148 Scripturis

188 2194 248 2233 ιε
269 2176 418 2246 (ψει-ἰ
449 2190 546 2231 suo
577 2175 896 2227 'intexuerat
939 2178 1150 2232 auctor,
1195 2176 1252 2223 nt
1294 2176 1376 2222 te·

193 2287 251 2327 es
275 2270 568 2338 scriptores
596 2269 755 2319 modo
799 2262 1019 2316 laudati.
1071 2262 1145 2315 Ea
1182 2261 1374 2315 videli-

211 2362 539 2418 Litterarum
575 2356 690 2412 loca
735 2351 1099 2426 praeterierint
1146 2351 1371 2417 librarii,

191 2453 427 2511 immodo
457 2448 673 2520 Evagrii
715 2447 914 2512 verbis,
957 2460 1078 2516 qnae
1117 2445 1375 2514 graphice

191 2561 298 2600 mm
328 2541 688 2613 cogitationes
731 2538 1115 2607 depingebant.
1148 2535 1224 2589 ita
1250 2534 1374 2602 jure

191 2639 314 2693 iisse
365 2634 712 2691 existitnatur
774 2628 1174 2700 eruditissimus
1217 2628 1378 2699 Bigo-

191 2745 341 2785 ecum
375 2726 534 2798 hujus
579 2731 845 2779 tractatus
881 2731 1084 2779 textum
1128 2736 1193 2776 ex
1239 2721 1375 2777 duo·

192 2823 384 2892 ¹regiis
417 2820 754 2881 exscribens,
797 2816 1080 2885 utriusque
1116 2831 1218 2870 ms.
1260 2816 1374 2872 col-

192 2925 282 2969 uta
318 2914 492 2983 ipsum
529 2912 583 2966 in
635 2911 904 2980 integrum
948 2909 1235 2965 restituere
1279 2925 1377 2981 ag·

228 3016 389 3078 atque
434 3020 579 3060 anno
631 3003 769 3058 ¹680
823 3000 1048 3057 Parisiis
1096 3003 1147 3058 in
1196 3002 1370 3059 lucem

1489 527 1744 582 constat.
1788 519 2115 589 scriptorem
2164 527 2407 574 nostrum
2468 519 2522 574 in
2568 534 2669 575 sno
2719 521 3073 578 Antirrhetico

1487 611 1736 681 nuspiam
1769 628 1789 663 ι
1819 612 1889 667 de
1915 610 2238 667 virtutibus»
2276 609 2649 667 disserendum
2675 614 2776 669 sihi
2803 615 3072 686 sumpsis-

1485 717 1564 769 se,
1596 703 1691 773 qui
1730 704 1987 759 nimirum
2029 722 2049 757 ι
2077 693 2333 760 vitiorum
2361 722 2381 756 ι
2414 705 2678 761 duntaxat
2725 726 2745 758 ι
2774 709 3070 780 suggestio·

1485 809 1584 851 nes
1615 814 1635 849 ι
1675 795 2068 867 impugnandas
2092 806 2427 867 susceperat.
2460 796 2593 852 iliud
2620 814 2835 869 quoque
2861 800 3074 857 accedit

1484 885 1773 957 Evagrinm
1817 887 2083 957 ejustnodi
2119 888 2439 958 opusculum
2497 889 2827 946 ‹Anatolioo
2877 892 3074 949 inscri-

1480 978 1669 1047 psisse.
1697 980 1783 1034 cui
1811 980 2058 1036 videlicet
2086 981 2279 1035 librum
2308 977 2611 1035 practicam
2655 996 2813 1038 antea
2854 1000 3069 1039 nuncu·

1478 1078 1653 1137 parat.
1672 1069 1834 1140 Atqui
1868 1071 2074 1153 nulium
2100 1086 2165 1126 ex
2207 1072 2273 1128 iis
2317 1074 2727 1129 characteribus
2774 1076 2825 1128 in
2862 1074 3069 1146 Confli-

1478 1170 1565 1216 cttt
1619 1164 1869 1218 rii-tutum
1918 1174 1966 1220 et
2008 1165 2249 1220 vitiorum
2296 1165 2683 1235 conspicimus.
2740 1167 2873 1236 Ejus
2919 1168 3063 1224 enim

1477 1265 1684 1320 auctor,
1717 1258 1966 1327 quisquis
1996 1257 2185 1320 suerit,
2231 1258 2288 1313 in
2322 1269 2507 1327 partes
2554 1271 2646 1314 aut
2684 1263 2956 1316 sectiones
2988 1261 3069 1316 vi-

1477 1345 1609 1415 ginti
1644 1348 1887 1418 quinque
1934 1363 2071 1418 opus
2115 1364 2273 1403 suum
2320 1350 2637 1406 distinxisse
2681 1354 3062 1422 comperitur:

1485 1438 1538 1493 in
1563 1453 1790 1521 quarum
1820 1439 2050 1511 singulis
2075 1455 2180 1495 non
2211 1440 2386 1497 solum
2423 1460 2442 1494 ι
2462 1442 2592 1496 vitia
2624 1461 2642 1494 ι
2684 1444 2945 1513 exagitat,
2972 1447 3068 1502 sed

1486 1530 1651 1585 etiam
1703 1549 1723 1582 ι
1759 1532 1987 1588 virtutes
2011 1549 2031 1583 ι
2062 1530 2210 1587 vitiis
2236 1533 2512 1609 oppositas
2560 1535 2768 1591 edocet.
2825 1536 2906 1591 Ad
2951 1536 3069 1593 baee

1477 1622 1676 1678 nemini
1710 1623 1905 1679 librum
1938 1635 2300 1693 nuncupatum
2337 1626 2542 1682 videas.
2607 1628 2798 1683 sutum
2834 1628 3067 1701 denique

1477 1714 1711 1773 ciamare
1744 1718 2067 1787 scriptorem
2109 1718 2359 1773 Latinum
2393 1718 2684 1790 perspiciet
2719 1736 2870 1788 sane,
2916 1721 3065 1791 quis·

1479 1806 1601 1875 quis
1648 1822 1784 1876 opus
1831 1817 2037 1865 attente
2075 1809 2384 1881 perlegerit.
2444 1809 2632 1876 Qualia
2676 1825 2803 1867 vero
2853 1829 3065 1883 cunque

1476 1897 1583 1951 sint
1637 1912 1756 1966 quae
1801 1913 1901 1968 pro
1952 1901 2194 1955 muneris
2234 1900 2408 1955 nostri
2456 1900 2665 1955 ratione
2720 1902 3067 1960 edisserenda

1475 1986 1749 2053 duximus,
1803 2003 1867 2042 ea
1911 1988 2124 2043 demum
2164 1988 2347 2044 ontnia
2395 1989 2529 2045 viris
2586 1989 2814 2047 eruditis
2866 1992 3064 2061 dijudi-

1475 2079 1646 2134 canda
1679 2080 2063 2149 permittimus.

1547 2169 1612 2227 V.
1648 2172 1820 2229 Porro
1855 2173 2066 2243 Evagrii
2122 2175 2474 2231 Aineia-rhetica
2521 2178 2657 2234 duos
2694 2178 2903 2234 libellos
2939 2178 3065 2235 sub-

1476 2264 1731 2329 didimus,
1757 2280 1892 2333 qtms
1924 2266 1993 2320 ita
2024 2265 2207 2320 laudat
2234 2267 2486 2323 Socrates
2514 2270 2588 2340 (9)
2619 2288 2633 2325 ε
2659 2271 2900 2344 Στιχηρὲ
2934 2271 3063 2327 δύο·

1474 2354 1532 2408 ἒν
1559 2354 1696 2432 πρὸς
1717 2357 1845 2419 τοὺς
1864 2357 1922 2409 ὲν
1949 2358 2062 2420 τοῖς
2104 2356 2392 2423 namnetum
2423 2360 2456 2432 ἢ
2490 2362 2548 2415 ὲν
2584 2362 2855 2426 συνοδίαις
2894 2379 3061 2434 μονα-

1473 2447 1630 2518 χούς·
1663 2448 1758 2503 καὶ
1785 2447 1843 2501 ἓν
1882 2449 2020 2520 πρὸς
2040 2449 2141 2521 τὴν
2173 2450 2463 2523 παρθένον.
2513 2454 2569 2508 ld
2599 2464 2704 2519 est,
2743 2453 2952 2510 Vaiesio
2982 2447 3059 2510 inss

1479 2548 1716 2608 terprete
1744 2556 1757 2593 z
1790 2559 1810 2591 ι
1853 2540 1967 2593 Duo
1995 2542 2301 2597 carminum
2343 2542 2524 2610 libros,
2568 2545 2798 2600 aiterum
2842 2547 2909 2601 ad
2951 2561 3063 2601 mo-

1478 2632 1682 2688 nachos
1705 2631 1800 2703 qni
1844 2632 1899 2687 in
1948 2635 2216 2690 coenohiis
2265 2650 2360 2691 seu
2410 2638 2925 2710 congregationibus
2967 2640 3063 2694 de·

1475 2733 1631 2796 gunt,
1673 2726 1906 2782 aiterum
1949 2727 2014 2781 ad
2052 2726 2333 2797 virginem.
2366 2748 2386 2783 ι
2449 2730 2525 2785 De
2575 2730 2662 2787 bis
2700 2740 2880 2786 antem
2912 2732 3065 2788 libris

1475 2817 1590 2871 haec
1613 2816 1929 2871 summatim
1967 2813 2328 2890 Hieronymus
2360 2818 2439 2892 (Ιι)
2468 2838 2482 2875 :
2514 2838 2534 2871 ι
2563 2820 2823 2892 Evagrius
2875 2822 3065 2879 Ponti·

1473 2926 1572 2966 cus
1618 2892 1839 2976 iberita,
1874 2929 1894 2963 ο
1945 2910 2062 2965 sive
2116 2910 2335 2976 iberita,
2396 2912 2630 2967 «scribit
2685 2914 2752 2966 ad
2803 2915 3060 2984 virgines,

1475 3003 1667 3063 scribit
1707 3005 1773 3060 ad
1808 3007 2166 3075 monachos.»
2202 3004 2514 3063 Gennadius
2562 3019 2689 3060 vero
2723 3021 2739 3060 z
2782 3023 2800 3057 ι
2829 3004 3065 3078 Compo-

195 3100 263 3154 dii
281 3097 503 3168 Dialoqo
530 3097 595 3151 de
641 3074 765 3149 Vita
793 3091 854 3149 S.
891 3093 1118 3150 svamm
1146 3093 1371 3167 Chryso-
1408 3134 1452 3191 C
1483 3096 1614 3164 suit,
1638 3116 1658 3150 ο
1690 3097 1883 3169 inquit.
1924 3118 1944 3153 ι
1964 3109 2019 3156 et
2037 3099 2333 3157 coenobitis
2367 3108 2422 3156 et
2466 3098 2729 3169 synoditis
2759 3099 3062 3155 doctrinam

192 3207 241 3245 m
289 3188 380 3261 (c).
412 3187 600 3244 Graeca
629 3198 791 3255 porro
828 3198 891 3239 ex
919 3183 1200 3254 Bigotiano
1239 3184 1383 3239 edito

203 3324 218 3350 ‚
267 3281 510 3352 appositu
555 3278 769 3347 vulgata
826 3276 1273 3345 interpretatione
1326 3277 1383 3332 itt

197 3385 372 3426 utrum
410 3367 705 3426 parisiensi
757 3377 1033 3434 exstante;
1079 3356 1382 3437 neqne‘iiia

196 3464 409 3524 isimus,
455 3474 575 3527 quae
621 3460 677 3513 io
710 3470 812 3514 sno
845 3455 1138 3526 exempiari
1173 3457 1383 3529 legebat

192 3566 296 3615 res,
336 3549 451 3604 sive
484 3548 721 3617 Rufinus,
769 3551 886 3604 sive
926 3548 1255 3615 Gennadius,
1315 3564 1380 3605 ex

191 3661 221 3708 ε,
270 3651 331 3697 ιιι
377 3641 584 3697 videtur
627 3641 972 3698 Tiiiemontzo
1007 3641 1108 3713 (d),
1166 3642 1379 3716 Evagrii

192 3751 272 3790 »us
304 3733 549 3791 asceticis
579 3745 857 3804 excerpta.

198 3829 352 3884 tidem
385 3827 453 3882 de
513 3827 766 3883 auctoris
802 3828 970 3881 nostri
1034 3827 1381 3882 Antirrhetico

193 3937 304 3976 rnm
352 3921 529 3991 vulgo.
567 3918 878 3975 ilolstenius
926 3929 1129 3985 tamen,
1180 3929 1240 3976 ιιι
1290 3934 1382 3975 re·

201 4029 297 4069 nus
340 4027 406 4068 ex
455 4011 573 4084 ejus
617 4012 762 4066 notis
794 4026 924 4065 msS.
964 4009 1031 4065 ad
1072 4009 1379 4066 Belloi-mini

193 4106 254 4178 e),
284 4104 618 4161 existimavit
660 4103 1020 4174 Evagriauutn
1064 4102 1382 4156 Antirrlieti-

193 4219 201 4253 ι
227 4213 348 4254 esse
379 4207 544 4268 atque
572 4196 772 4251 librum
821 4193 899 4249 De
931 4195 1170 4264 conflictu
1217 4195 1383 4248 virtu-

193 4283 301 4356 utut,⁷
324 4289 528 4344 sanctis
561 4285 814 4341 Ecclesiae
840 4286 1170 4349 doctoribus,
1199 4283 1382 4351 Augu·

193 4384 319 4448 osio,
359 4380 523 4435 Leoni
586 4376 811 4447 Magno,
859 4373 1064 4429 isidoro
1123 4388 1220 4429 nec
1278 4386 1380 4426 non

1483 3199 1664 3260 aptam
1700 3192 1824 3248 vitae
1847 3193 2153 3248 communis
2185 3202 2278 3248 :et
2312 3193 2379 3248 ad
2421 3192 2659 3264 virgines
2675 3190 2785 3246 Deo
2823 3201 3065 3249 sacratas

1481 3281 1722 3338 libeiium
1756 3291 2156 3354 competentem
2186 3284 2430 3354 religioni
2457 3295 2514 3339 et
2536 3285 2709 3340 sexui.
2741 3303 2759 3336 ι
2828 3283 2905 3340 De
2948 3286 3067 3356 qui·

1447 3354 1586 3427 ‘bus
1641 3371 1853 3443 quidem
1909 3358 2124 3426 duobus
2188 3370 2402 3442 Evagrii
2453 3371 2653 3427 libellis
2709 3374 3067 3439 accipiendus

1485 3460 1719 3517 sortasse
1759 3459 1958 3516 Suidas
1979 3461 2067 3516 ubi
2098 3461 2172 3515 ait
2198 3462 2284 3531 (ι’),
2311 3474 2434 3515 eum
2463 3459 2750 3530 scripsisse
2785 3459 3062 3532 ’Υπόμνη-

1485 3571 1564 3626 μοι
1593 3553 1674 3617 εἰς
1697 3551 1797 3618 τὰς
1825 3551 2129 3625 Παροιμίεις
2168 3551 2532 3623 Σολομῶντος.
2571 3550 2666 3607 llis
2708 3550 2852 3607 enim
2884 3555 3065 3610 verbis

1484 3644 1733 3701 fabricio
1764 3645 1832 3717 (j)
1867 3654 1988 3716 post
2013 3642 2281 3700 oudinum
2322 3643 2470 3698 visus
2498 3652 2585 3699 est
2621 3641 3064 3716 Lexicographus

1380 3768 1385 3773 ·
1484 3735 1728 3792 innuisse
1763 3735 2000 3811 στιχηρὰ
2046 3733 2256 3791 Socrati
2313 3742 2646 3802 nuenton-ata,
2688 3735 2802 3791 sive
2846 3733 3064 3794 Sentent-

1483 3827 1679 3882 tiarum
1708 3826 1879 3882 libros
1911 3828 2066 3891 duos,
2097 3839 2234 3895 titios
2271 3832 2463 3879 auctor
2503 3823 2808 3881 Salomonis
2834 3825 3065 3882 Prover-

1483 3917 1570 3972 hia
1598 3916 1839 3972 imitatus
1896 3931 1992 3987 per
2017 3922 2285 3971 commata
2340 3923 2397 3970 et
2458 3913 2675 3984 στίχους
2717 3916 3059 3986 conseripsit.

1485 4006 1804 4079 liujusmodi
1835 4022 1967 4062 vero
1997 4003 2230 4077 στιχηρὰ
2266 4003 2516 4058 Rufinum
2548 4002 2705 4060 Latio
2744 4005 3062 4075 reddidisse,

1487 4103 1620 4158 satis
1646 4115 1712 4157 ex
1759 4098 2040 4156 Gennadio
2077 4098 2461 4168 intettighnus;
2510 4097 2602 4168 qni
2663 4097 2861 4154 litteris
2914 4112 3067 4158 com·

1485 4191 1761 4246 mendavit
1792 4189 1891 4260 (k),
1954 4191 2200 4246 eumdem
2237 4189 2608 4260 presbyterum
2658 4188 3060 4258 Aquileiensem

1490 4301 1509 4335 t
1547 4281 1756 4338 Latinis
1784 4283 2094 4339 exhibuisse
2120 4301 2140 4336 ι
2177 4282 2316 4338 inter
2358 4291 2552 4336 coetera
2592 4278 2806 4348 Evagrii
2841 4290 3062 4335 senten-

1487 4377 1610 4432 tias.
1644 4375 1791 4443 Quas
1819 4374 2066 4431 videlicet
2104 4392 2124 4427 ι
2157 4373 2477 4443 sententias,
2503 4371 2789 4428 coenohitis
2825 4381 2878 4427 et
2900 4385 3064 4441 syno-

198 4479 395 4545 tttassdo
437 4471 757 4526 astribfflfflss
790 4467 881 4541 (Ι)-
921 4465 1054 4520 Μῑΐῢ
1102 4466 1259 4535 1²¹¹¹¹¹e
1281 4464 1381 4518 Viri
1418 4471 1457 4525 D
1489 4469 1632 4537 ditis,
1657 4487 1677 4521 ι
1705 4483 1937 4524 necnon
1990 4486 2009 4520 t
2040 4467 2336 4536 virginibus
2379 4465 2492 4522 Deo
2536 4466 2762 4522 sacratis
2788 4486 2808 4517 ι
2869 4465 3065 4520 iuscri-

200 4567 246 4620 ia
273 4582 288 4632 ;
323 4564 599 4633 magisque
633 4560 850 4624 mirum,
881 4556 1123 4612 eamdem
1155 4556 1224 4609 ci.
1251 4555 1389 4610 Fon·

206 4659 269 4714 ri.
318 4657 618 4724 Qnominns
671 4667 798 4706 vero
849 4651 1132 4718 utriusque
1175 4647 1389 4716 placitis

193 4791 202 4811 .
240 4749 421 4803 obstat
447 4743 788 4814 potissimum
835 4739 1101 4795 Gennadii
1154 4737 1391 4792 auetori-

195 4841 240 4895 is
277 4837 565 4906 Evagrium
618 4853 637 4886 t
665 4834 926 4887 adversus
964 4839 1088 4886 octo
1115 4827 1387 4898 principa-

195 4945 246 4984 ιιι
313 4930 688 4998 suggestiones
732 4951 801 4963 —
841 4932 962 4977 octo
1020 4917 1392 4991 composuisse

195 5037 239 5086 e,
286 5029 343 5076 ut
375 5020 616 5090 loquitur
645 5015 919 5082 Socrates,
947 5011 1098 5081 iejtts
1117 5012 1392 5066 Antirrlaee-

195 5128 222 5167 o
246 5124 428 5184 partes
446 5112 603 5180 juxta
631 5123 913 5164 numerum
955 5115 1077 5159 octo
1105 5103 1392 5174 cogitatio·

211 5267 369 5324 nam.
400 5268 552 5324 Sacr.
597 5264 800 5318 Paron.
827 5260 962 5332 opp.
1007 5273 1135 5315 tom.
1174 5259 1234 5325 11,
1266 5276 1424 5347 ρης..

200 5411 249 5464 d.
283 5424 406 5480 pag.
437 5409 562 5464 507.

195 5517 206 5530 .
247 5479 321 5533 De
351 5483 438 5533 vit.
466 5479 652 5549 Chrys.
691 5490 843 5545 pagg.
879 5473 983 5529 549
1016 5473 1135 5529 555.

195 5572 221 5604 ι.
253 5549 287 5602 Ι.
320 5566 369 5604 c.
404 5565 559 5620 pagg.
589 5545 694 5602 585
720 5562 832 5615 seq.

200 5639 235 5674 ι.
271 5619 305 5671 Ι.
340 5636 388 5674 c.
420 5635 542 5689 pag.
570 5619 697 5674 5¹9.

205 5691 399 5761 ppend.
429 5691 496 5745 ad
521 5698 651 5745 tom.
697 5685 760 5741 Vl
805 5703 930 5760 opp.
961 5687 1017 5742 S.
1054 5685 1190 5756 Aug.
1233 5695 1390 5754 pagg.

1491 4572 1635 4631 luas,
1670 4560 1859 4615 eodem
1896 4558 2179 4615 Gennadio
2209 4567 2362 4622 teste,
2386 4571 2451 4612 ex
2485 4556 2927 4626 interpretatione
2953 4554 3064 4610 ssu-

1491 4652 1582 4705 nni
1614 4651 1771 4706 nobis
1798 4651 2034 4706 servavit
2061 4652 2113 4706 in
2142 4665 2241 4705 sno
2270 4647 2461 4705 Codice
2498 4647 2815 4718 Regularum
2840 4648 2908 4701 ab
2932 4646 3062 4702 floi-

1489 4743 1663 4796 stenio
1688 4740 1942 4811 evulgato
1979 4741 2042 4813 (Ι)
2086 4750 2309 4795 sanetus
2336 4738 2661 4794 Benedictus
2692 4739 3016 4793 Anionensis
3043 4754 3060 4794 τ

1491 4833 1635 4887 unde
1669 4833 1786 4889 illas
1823 4848 1925 4888 nos
1968 4847 2185 4902 quoque
2226 4832 2645 4900 desumpsimus.
2684 4829 2951 4885 Caeterum
2994 4831 3063 4884 de

1490 4923 1784 4994 synoditis,
1841 4924 1934 4993 qui
1989 4933 2117 4979 sunt
2177 4923 2339 4978 iidem
2409 4921 2570 4991 piane
2636 4936 2700 4977 ac
2751 4921 3059 4986 coenobitae,

1489 5016 1723 5088 cangius
1749 5017 1861 5086 agit
1898 5016 1952 5072 itt
1985 5026 2214 5086 utroque
2242 5013 2533 5070 Glossario.

1570 5106 1657 5162 Vl.
1697 5108 1980 5164 Postremo
2005 5107 2123 5162 loco
2169 5106 2404 5161 stitimus
2441 5104 2659 5172 Evagrii
2698 5103 3061 5174 fragmentum

1587 5337 1643 5408 a)
1683 5334 1906 5390 Hieron.
1940 5334 2110 5405 Epist.
2147 5336 2216 5389 nd
2246 5333 2478 5404 ctesiph.
2511 5334 2547 5389 Ι.
2586 5349 2635 5387 c.

1586 5409 1640 5473 i)·
1664 5406 1816 5460 Snid.
1849 5403 1977 5460 Lex.
2017 5414 2145 5460 tom.
2173 5405 2212 5470 1,
2245 5420 2367 5477 pag.
2408 5405 2537 5468 88t.
2562 5419 2612 5457 v.
2641 5402 2934 5473 Εὺάγριος.

1599 5477 1634 5532 'i
1671 5476 1889 5533 Fabric.
1918 5473 2061 5531 Bm.
2085 5474 2179 5531 Gr.
2213 5489 2343 5532 tunt.
2384 5473 2518 5540 Vnt,
2555 5489 2675 5546 pag.
2693 5473 2820 5527 5⁶6.

1563 5555 1581 5616 ι
1620 5547 1637 5618 )
1675 5544 1922 5602 Gennad.
1954 5546 2046 5602 tib.
2075 5545 2154 5602 De
2179 5549 2278 5601 vir.
2310 5545 2507 5601 illustr.
2536 5559 2657 5614 cap.
2693 5544 2780 5599 ts.

1492 5620 1664 5746 54(ἓὸ
1689 5615 1927 5674 iluisten.
1989 5617 2233 5688 Append.
2303 5617 2372 5672 ad
2445 5616 2579 5672 eod.
2637 5612 2824 5686 Requi·
2896 5624 3048 5684 pagg.

1563 5265 1637 5599 ζ)
1680 5265 1896 5322 Socrat.
1926 5264 2071 5320 Hist.
2100 5265 2223 5321 eccl.
2254 5265 2347 5320 iib.
2382 5278 2457 5327 tv,
2484 5278 2605 5334 cap,
2634 5261 2730 5320 23,
2791 5274 2801 5282 -
