3725 6125
195 354 302 410 435
1578 345 2115 402 Ριιιιιιιοοιιωι.
3363 363 3461 418 430

197 445 570 522 schroeckhio
608 461 710 535 (a),
742 460 966 517 summis
1000 461 1163 524 viris,
1212 471 1275 514 ca
1314 457 1407 514 bic
1432 501 1445 524 ,
1495 473 1553 514 ut
1602 472 1725 515 nota
1750 501 1763 525 ,
1819 461 2275 530 prarterntittenla
2310 466 2570 535 judicavi.
2612 470 2798 534 Solum
2836 471 2937 527 hoc
2976 490 3122 537 uoto,
3169 490 3253 529 nic
3291 478 3461 530 tuitus

197 560 484 617 codicibus
512 555 863 627 Augustanis,
903 556 1114 610 duobus
1146 553 1541 610 Dresdeusibus
1562 594 1577 619 ‚
1609 554 1944 623 totidemque
1974 556 2483 628 lilonaclticnsibus,
2510 576 2574 616 ac
2607 574 2865 633 praeterea
2895 566 3104 622 duabus
3137 569 3330 637 priscis
3356 570 3462 624 (20-

200 654 363 709 nonis
392 661 450 706 et
471 648 636 705 Vallae
665 646 870 702 Latinis
899 645 1243 701 versionibus
1273 646 1597 701 instructum
1630 647 1697 700 ad
1731 646 1875 702 hanc
1905 648 2196 703 editionem
2227 653 2547 708 accessisse.
2577 653 2671 708 His
2711 665 2895 711 antem
2939 659 3135 727 copiis,
3173 659 3241 714 de
3268 661 3463 729 quibus

201 748 365 816 paulo
394 744 618 801 inferius
655 742 766 797 dixi
796 741 980 809 latius,
1008 741 1078 795 ita
1116 756 1245 796 usus
1277 754 1417 806 sum,
1459 749 1518 795 ut
1551 749 1772 804 textum,
1814 756 1975 811 quem
2011 754 2227 808 vocant,
2254 744 2521 812 Graecum,
2560 749 2627 801 ab
2662 748 2936 806 Ellebodio
2963 766 3029 805 ex
3062 752 3273 807 duobus
3309 752 3461 805 valde

209 840 418 896 vitiosis
450 837 719 894 codicibus
753 836 991 901 editum,
1042 835 1289 905 adeoque
1318 835 1504 890 multis
1532 835 1587 889 in
1630 834 1765 890 locis
1815 845 2128 906 corruptum
2151 877 2166 902 ,
2201 838 2269 893 ab
2308 837 2520 893 editore
2549 840 2843 896 Oxonieusi
2895 858 3021 898 vero
3052 843 3139 898 vix
3170 844 3459 913 quinquies

207 945 522 995 correctum,
553 930 961 1001 quantutuiieri
997 938 1180 999 posset
1208 969 1222 995 ‚
1264 929 1978 985 emendatiorem-ederem.
2012 930 2086 985 Eo
2111 945 2242 1001 ergo
2271 941 2479 1001 spectet
2507 934 3033 991 animadversionum
3065 951 3302 992 mearunt
3336 950 3464 1005 pars

213 1026 456 1082 maxima.
489 1022 554 1078 Ut
581 1032 763 1076 autem
796 1023 1029 1077 lectores
1055 1022 1280 1088 scirent,
1310 1020 1439 1091 quid
1491 1020 1544 1075 in
1576 1028 1831 1089 perpetua
1877 1023 2125 1078 oratione
2156 1026 2477 1079 mutaverim
2509 1034 2562 1080 et
2592 1028 2947 1094 correxerim,
2976 1042 3094 1082 eant
3139 1028 3210 1083 ob
3240 1044 3458 1083 cansam

211 1121 394 1185 ubique
418 1125 544 1170 ante
569 1113 1074 1169 animadversiones
1104 1126 1253 1167 meas
1281 1111 1461 1167 notavi
1493 1111 1755 1168 lectiones
1778 1111 2049 1167 Ellebodii
2080 1128 2111 1166 a
2145 1113 2278 1167 meis
2306 1114 2697 1184 discrepantes.
2732 1114 2808 1170 De
2834 1115 3071 1186 singulis
3083 1118 3353 1172 vocabulis
3390 1135 3453 1169 ac

203 1208 385 1263 formis
418 1206 632 1261 dicendi
664 1221 796 1271 non,
823 1205 926 1260 nisi
962 1205 1051 1259 nbi
1084 1218 1307 1259 necesse
1339 1203 1477 1270 fuit,
1514 1203 1736 1269 monui;
1769 1220 1894 1258 uam
1937 1204 2151 1260 dicendi
2182 1220 2350 1274 genus
2376 1204 2644 1270 Nemesii,
2677 1207 2730 1262 in
2788 1216 2934 1263 tanta
2974 1208 3138 1262 etiam
3192 1224 3373 1264 rerum
3406 1224 3462 1266 et

195 1301 589 1356 sententiarum
624 1298 923 1354 subtilitate
957 1309 1010 1350 et
1053 1294 1381 1361 difficultate,
1420 1294 1487 1349 ad
1518 1293 1925 1364 intelligendum
1982 1286 2139 1350 valde
2185 1305 2268 1349 est
2302 1304 2548 1364 apertum
2582 1304 2743 1366 atque
2777 1298 3111 1377 expeditum.
3149 1296 3460 1353 Priscorum

192 1396 336 1449 cuim
368 1393 676 1463 sapientum
708 1392 939 1460 quilibet
985 1389 1455 1461 ingeniosissimus
1481 1397 1537 1443 et
1563 1387 1911 1443 doctissimus
1951 1397 2063 1441 tum
2095 1387 2310 1442 demum
2338 1389 2708 1446 arbitrabatur
2738 1391 2902 1448 licere
2949 1392 3050 1448 sibi
3084 1406 3277 1446 nomen
3306 1388 3459 1448 suum

176 1487 436 1553 ‚protiteri
464 1486 606 1540 inter
633 1484 1004 1553 philosophos,
1036 1483 1226 1551 siquae
1255 1482 1371 1551 ipse
1403 1479 1675 1535 subtiliter
1705 1486 1759 1533 et
1781 1490 1941 1534 acute
1973 1479 2444 1536 animadvertisset
2468 1492 2560 1537 aut
2590 1484 2974 1554 excogitasset,
3001 1485 3247 1540 oratione
3279 1494 3461 1555 posset

194 1592 467 1648 exponere
497 1576 748 1645 eleganti,
790 1576 932 1630 culta
976 1583 1032 1630 et
1084 1574 1393 1644 perspicua.
1438 1572 1642 1640 Quodsi
1682 1581 1864 1626 tamen
1896 1571 2193 1632 acciderit.
2245 1580 2302 1625 ut
2333 1573 2854 1630 adolescentulorum
2906 1576 3102 1646 aliquis
3156 1577 3208 1631 in
3256 1576 3462 1632 Graccis

196 1676 400 1728 haereat
425 1679 517 1723 aut
552 1669 792 1730 dubitet,
822 1682 887 1722 eo
931 1668 982 1721 in
1016 1666 1135 1722 loco
1166 1676 1345 1721 autem
1379 1664 1510 1718 nihil
1541 1679 1569 1717 a
1605 1678 1693 1718 me
1726 1663 1987 1718 monitum
2025 1663 2128 1728 sit,
2161 1663 2417 1720 Ellebodii
2464 1665 2912 1736 interpretatione
2947 1668 3139 1724 Latina
3174 1685 3271 1740 pro
3302 1685 3458 1725 com·

196 1762 465 1818 monterio
491 1760 566 1814 nti
596 1760 810 1829 poterit.
846 1759 972 1812 Eam
1006 1757 1169 1828 igitur
1212 1755 1297 1811 vel
1339 1756 1480 1811 hauc
1508 1755 1578 1811 ob
1607 1768 1829 1810 causam
1861 1752 2207 1809 immutatam
2235 1755 2488 1822 servavi,
2527 1757 2629 1813 nisi
2677 1758 2765 1814 ubi
2796 1759 2861 1814 ad
2888 1770 3085 1814 textum
3119 1759 3389 1826 Graecum,
3428 1775 3460 1815 a

196 1873 283 1910 me
313 1855 643 1910 anctoritate
666 1853 915 1907 codicum
939 1858 1253 1906 correctum
1276 1889 1291 1915 ,
1338 1849 1722 1905 conformanda
1752 1856 1916 1917 atque
1962 1847 2295 1904 immutanda
2342 1848 2463 1905 suit.
2496 1850 2807 1923 Scriptores
2850 1865 3062 1911 veteres
3107 1856 3174 1911 ab
3208 1853 3460 1912 Nemesio

204 1948 457 2001 laudatos
485 1946 682 2015 saepius
711 1961 770 1998 ac
803 1944 1110 2015 diligentius
1141 1943 1194 1998 in
1227 1939 1785 1996 animadversionibus
1813 1949 2106 2008 notassem,
2139 1941 2240 1996 nisi
2273 1942 2346 1997 ita
2374 1958 2468 1999 cos
2509 1944 2799 2012 laudasset,
2830 1956 2888 2001 ut
2924 1947 3220 2002 sententias
3259 1948 3461 2016 potius,

194 2056 356 2111 quam
389 2039 575 2103 verba,
607 2036 874 2092 retulerit.
906 2037 1034 2091 lude
1058 2037 1223 2092 etiam
1257 2035 1475 2098 accidit,
1509 2045 1566 2089 ut
1596 2048 1696 2089 nee
1728 2033 1911 2089 editor
1950 2033 2277 2091 Oxoniensis
2314 2045 2568 2092 accurate
2604 2046 2658 2092 et
2693 2038 2912 2093 definite
2944 2038 3060 2093 loca
3092 2038 3192 2093 ista
3223 2038 3463 2095 indicare

192 2130 446 2203 potuerit.
479 2126 743 2182 loannem
794 2128 1189 2182 Damascenum
1211 2166 1226 2191 ,
1255 2126 1348 2195 qui
1385 2125 1554 2180 multa
1597 2142 1664 2180 ex
1697 2124 1951 2181 Nemesio
1981 2126 2181 2189 bausit,
2222 2128 2359 2182 satis
2404 2114 2619 2183 curiose
2656 2130 2840 2183 videor
2872 2140 3110 2185 notasse.
3139 2129 3459 2200 Gregoriuin

192 2224 497 2295 Nyssenum
529 2223 727 2285 etiam,
761 2222 901 2276 iuter
930 2220 1082 2287 cuius
1114 2234 1279 2290 opera
1312 2232 1472 2291 caput
1496 2218 1793 2274 secundum
1819 2227 1875 2272 et
1908 2218 2123 2273 tertium
2160 2219 2375 2289 legitur,
2409 2221 2696 2292 diligenter
2746 2223 3081 2292 comparavi.
3111 2222 3457 2278 Anastasium

195 2318 458 2371 Sinaitam
509 2328 573 2368 ex
607 2312 931 2367 bibliotheca
972 2312 1291 2379 Noesseltii,
1322 2314 1516 2367 summi
1548 2313 1681 2378 viri,
1726 2311 1938 2381 accepit
1979 2321 2035 2366 et
2078 2312 2128 2369 iu
2171 2328 2325 2367 usum
2366 2327 2541 2366 mcum
2588 2314 2721 2366 duas
2763 2315 3094 2383 qnamiones
3131 2312 3466 2369 examinavit

192 2407 488 2479 Gregorius
515 2404 752 2462 Gottlieb
780 2402 1212 2472 Wernsdorilus,
1240 2407 1319 2460 vir
1343 2406 1761 2470 eruditissimus,
1785 2406 1878 2474 qui
1904 2419 2045 2460 nunc
2073 2403 2219 2458 ilalae
2242 2415 2632 2461 commoratur.
2665 2407 2771 2460 Sed
2791 2404 3009 2461 Juliano
3036 2406 3306 2472 Pomerio,
3339 2405 3462 2460 Elia

193 2501 460 2565 Cretensi,
490 2499 704 2556 Melctio
725 2498 990 2554 Monacho
1013 2508 1065 2553 et
1092 2498 1299 2556 Joanue
1323 2498 1643 2568 Philopono,
1668 2498 1760 2567 qui
1794 2498 1846 2553 in
1886 2497 2159 2553 nonnullis
2185 2496 2319 2553 locis
2341 2498 2586 2552 adhiberi
2610 2498 2927 2567 potuissent,
2955 2498 3042 2554 liic
3071 2498 3457 2584 Viti-mbergze²

199 2606 255 2651 ut
285 2592 544 2650 credibile
574 2602 678 2658 est,
702 2605 932 2662 prorsus
966 2591 1136 2645 carui.
1161 2588 1553 2646 Verumtamen
1589 2605 1689 2645 nec
1717 2587 2020 2658 Lipsiensis
2046 2588 2370 2644 bibliotheca
2397 2590 2707 2645 academica
2729 2604 2885 2658 opem
2918 2591 3047 2645 mihi
3079 2590 3224 2646 serre
3255 2592 3455 2661 potuit.

200 2691 352 2744 Viros
379 2689 573 2742 doctos
599 2700 749 2756 ergo,
789 2683 881 2754 qui
909 2684 1302 2754 copiosioribus
1331 2680 1674 2737 bibliothecis
1704 2681 1956 2736 instructi
1984 2681 2113 2736 mihi
2162 2682 2299 2737 bene
2329 2681 2553 2753 cupiunt
2598 2689 2650 2737 et
2686 2680 2754 2737 de
2787 2681 2889 2735 bac
2921 2680 3158 2735 editione
3203 2697 3320 2736 mea
3352 2697 3451 2752 pa-

197 2780 586 2850 larnjmlicinm
621 2778 784 2834 laturi
818 2788 964 2842 sunt,
1001 2775 1395 2831 humanissime
1443 2788 1593 2843 rogo,
1629 2782 1689 2827 ut
1717 2771 1908 2828 saltem
1940 2772 2167 2830 loannis
2199 2773 2484 2845 Philoponi
2524 2772 2992 2829 commentarium
3033 2773 3087 2826 in
3137 2781 3248 2829 tres
3286 2773 3454 2832 libros

190 2874 504 2929 Aristotelis
543 2871 619 2927 De
667 2871 846 2923 animo
886 2868 1174 2924 consulant
1200 2875 1422 2936 propter
1446 2864 1621 2919 locum
1660 2864 1931 2918 Ammonii
1957 2879 2080 2935 pag.
2117 2864 2208 2931 tt,
2244 2863 2375 2919 edit.
2408 2862 2583 2919 Oxou.
2624 2862 2805 2919 Locus
2835 2862 2935 2919 iste
2966 2863 3195 2938 fortasse
3227 2864 3464 2935 reperie-

197 2965 366 3019 turin
396 2963 629 3019 editione
660 2958 866 3015 Veneta
907 2958 1034 3013 solio
1065 2979 1120 3020 ο,
1161 2972 1284 3027 pag.
1322 2955 1410 3022 15,
1456 2964 1551 3009 aut
1580 2952 1709 3009 solio
1739 2970 1798 3024 q.
1832 2968 1958 3026 pag.
1992 2954 2048 3009 5.
2090 2953 2200 3010 lloc
2236 2970 2401 3010 unum
2429 2966 2692 3026 praeterea
2722 2955 2886 3021 addo,
2914 2957 3056 3026 quod
3092 2966 3463 3015 tamennemo

206 3059 278 3112 ita
308 3056 513 3111 dictum
545 3063 716 3123 putet,
751 3060 810 3108 ut
847 3060 939 3107 aut
975 3051 1104 3105 mihi
1142 3048 1342 3119 aliquid
1393 3047 1739 3104 ambitiosius
1780 3063 2120 3120 arrogarent,
2152 3057 2245 3104 aut
2277 3047 2528 3106 Nemesio
2554 3058 2760 3106 temere
2787 3051 3141 3121 gratificarer.
3183 3049 3308 3122 Lagi
3343 3052 3465 3122 phi·

196 3154 535 3224 losophornm
564 3149 875 3206 Graecorum
911 3147 1112 3203 multas
1153 3148 1220 3202 de
1250 3146 1337 3201 liis
1377 3145 1510 3216 ipsis
1541 3145 1701 3200 rebus
1744 3153 1853 3199 tam
1901 3160 2089 3210 v‚eras
2116 3161 2277 3216 quam
2316 3146 2591 3202 mirabiles
2630 3148 2988 3218 sententias,
2989 3148 3124 3219 iustu
3167 3149 3463 3218 scriptores

192 3246 594 3303 ecclesiasticos
620 3242 839 3298 Groecos
867 3242 1006 3296 bene
1035 3239 1254 3304 multos,
1290 3239 1344 3293 in
1378 3238 1463 3293 his
1491 3235 1748 3307 Basiliam
1779 3236 1848 3291 tt.
1848 3238 2244 3334 ,Erewrium
2253 3237 2598 3321 Hypsei-tum,
2623 3238 3116 3312 Cbmostomum,
3139 3239 3459 3297 Theodore-

193 3354 326 3411 tum,
365 3355 529 3410 atque
563 3339 848 3408 Origenem
882 3338 1081 3401 etiam,
1115 3335 1210 3408 qui
1256 3316 1575 3405 siugulatim
1586 3296 1870 3390 03ᾱέἱῆ
1830 3344 2151 3402 argumenta
2189 3335 2385 3390 oritate
2424 3334 2749 3404 copioseque
2782 3341 3169 3404 exposuerunt.
3212 3332 3320 3388 Sed
3354 3335 3457 3389 ista

189 3436 417 3505 iunctim
451 3435 661 3498 omnia,
682 3431 971 3488 multorum
998 3430 1367 3500 antiquiorum
1403 3426 1653 3483 refutatis
1685 3428 1985 3492 erroribus,
2019 3443 2127 3482 uno
2163 3428 2265 3482 hoc
2298 3427 2476 3483 libello
2503 3428 2739 3492 brevius,
2775 3427 3083 3481 accuratius
3117 3435 3171 3480 et
3208 3425 3463 3481 subtilius

199 3546 229 3585 a
260 3529 510 3586 Nemesio
535 3527 803 3596 explicata
841 3537 986 3580 sunt.
1016 3525 1145 3592 Qum
1184 3539 1310 3579 vero
1342 3538 1410 3578 ea
1439 3524 1610 3578 sunt?
1641 3522 1862 3578 Scilicet
1905 3537 1965 3576 ea
1989 3562 2004 3586 ,
2048 3538 2167 3592 quae
2214 3524 2417 3577 homini
2442 3563 2458 3588 ,
2501 3533 2557 3577 ut
2604 3522 2841 3587 homini,
2879 3521 3016 3577 scitu
3059 3531 3184 3576 sunt
3227 3523 3462 3575 maxime

190 3618 525 3681 necessaria,
558 3631 785 3686 quaeque
807 3616 875 3668 ad
907 3622 1071 3676 recte,
1102 3611 1407 3681 tranquille,
1431 3619 1770 3674 constanter.
1792 3613 2063 3681 sapienter
2093 3610 2355 3682 beateque
2376 3614 2660 3666 vivendum
2697 3612 3021 3683 permultum
3051 3612 3246 3667 valent.
3268 3611 3459 3683 Neque

207 3710 347 3763 enim
385 3709 564 3763 dubito
596 3707 727 3776 quin
763 3706 806 3759 is
838 3685 930 3774 qu'i
963 3704 1106 3758 bunc
1148 3701 1390 3756 libellum
1439 3703 1702 3768 attentius
1735 3701 1926 3768 legerit
1960 3715 2025 3757 ac
2060 3701 2276 3770 penitus
2312 3702 2675 3771 intellexerit,
2714 3704 2940 3759 multum
2970 3719 3031 3761 se
3076 3706 3144 3759 ad
3183 3705 3456 3761 Christia-

217 3818 335 3856 nam
358 3801 686 3871 sapientiam,
723 3800 999 3861 virtutem,
1042 3796 1406 3865 pietatemque
1452 3794 1746 3863 profecisse
1799 3795 2141 3865 profiteatur.
2175 3795 2328 3861 Quod
2379 3794 2597 3863 quidem
2629 3797 2972 3851 commodum
3017 3805 3075 3852 ut
3108 3797 3174 3852 ad
3220 3796 3458 3854 lectores

216 3909 392 3949 onmes
413 3893 686 3957 redundet,
721 3908 786 3947 ex
827 3895 1006 3946 animo
1037 3899 1184 3960 opto.
1218 3888 1533 3944 scribebam
1559 3889 1926 3960 vitembergae
1967 3890 2021 3945 d.
2057 3888 2090 3944 6
2116 3890 2270 3945 Mart.
2306 3889 2465 3946 1801.

271 4120 346 4190 (ιι)
378 4119 684 4176 Citristlt‘che
726 4120 1266 4192 Kircltenqescmchte.
1301 4119 1457 4175 ‘rheti
1485 4119 1541 4184 Ἰ,
1571 4118 1717 4174 Seite
1747 4117 2007 4172 nusi.
