3725 6125
249 321 384 379 ¹02¹

1353 310 1633 367 Pa'rnsss
1668 308 1971 370 AEGttlfflrn
2010 309 2289 368 sAEctJLt
2325 309 2418 368 tv.
3429 313 3488 370 to

249 448 664 509 consequamur
694 430 1087 488 haereditatem.
1124 429 1334 485 Scitote
1375 440 1581 495 autem,
1602 428 1843 485 dilectis-
1873 434 1921 492 Α
1949 428 2273 499 creatoris,
2329 426 2555 501 eiusque
2604 428 2986 487 visitationes
3050 427 3237 484 nostri
3289 436 3497 488 seeum

251 529 377 587 siml
401 566 420 593 ,
462 525 692 581 virtutes
726 529 979 586 sanctas,
1012 533 1314 591 supernas,
1350 519 1743 597 intellectuales
1775 532 1840 573 ac

251 618 566 692 splendidas
591 653 609 682 ,
655 622 712 670 ct
746 622 973 668 naturas
1003 611 1267 679 illustres,
1293 612 1370 694 'ad
1398 625 1566 668 unum
1594 612 1842 668 conditas

251 726 376 769 esse
405 726 437 766 a
462 707 547 765 sul
574 706 865 779 principio,
897 705 1046 776 quod
1075 714 1160 762 est
1190 705 1284 761 Dei
1315 704 1591 771 laudatio;
1629 713 1687 762 et
1716 716 1842 762 sunt

252 803 431 872 angeli
460 811 516 860 et
545 801 864 871 archangeli
889 808 947 856 et
979 798 1163 857 throni
1185 806 1241 857 et
1264 798 1686 865 dominationes,
1713 812 1844 870 pro·

251 900 432 970 pinetae
457 907 516 953 et
541 894 772 966 apostoli
793 933 810 959 ,
849 902 904 950 et
935 892 1139 948 Satana
1171 901 1228 949 et
1270 892 1471 948 diaboli
1492 934 1507 957 ,
1536 899 1590 946 et
1620 891 1843 962 spiritus

252 989 403 1055 mali,
444 996 501 1046 et
547 987 828 1060 principes
867 985 1030 1042 aeris.
1084 983 1150 1040 ui
1201 983 1422 1056 quidem
1471 999 1664 1041 omnes
1711 994 1844 1041 sunt

250 1099 387 1156 opus
413 1082 702 1139 Trinitatis
740 1079 1104 1137 sanctissimae
1135 1077 1338 1147 Patris,
1369 1088 1424 1136 et
1451 1077 1599 1145 Filii,
1629 1086 1687 1134 et
1713 1077 1843 1151 Spi-

250 1176 392 1233 ritus
421 1173 622 1231 sancti.
663 1172 909 1242 Quorum
946 1172 1209 1245 quosdam
1243 1172 1314 1228 ob
1356 1184 1549 1228 eorum
1605 1170 1843 1243 optimos

249 1276 433 1324 motus
479 1264 815 1336 nuncupavit
862 1263 1005 1320 Deus
1058 1264 1358 1320 secundum
1397 1277 1566 1334 opera
1609 1277 1837 1330 eorum;

249 1359 346 1432 qul
376 1373 508 1415 vero
535 1356 656 1430 plus
681 1365 992 1421 creverunt,
1034 1355 1155 1426 plus
1181 1356 1468 1429 glorificati
1492 1364 1616 1411 suut
1649 1370 1677 1413 a
1708 1355 1839 1422 Deo,

251 1448 341 1505 cui
370 1448 628 1519 majestas
650 1456 705 1501 et
728 1447 904 1503 bonor
939 1446 993 1501 iu
1031 1446 1227 1503 saecula
1267 1448 1614 1506 saeculorum.
1641 1447 1838 1505 Amen.

812 1560 1153 1621 Et’lSTOLA
1197 1559 1282 1620 Vl.

252 1678 409 1737 Fufiis
434 1681 546 1737 suis
574 1679 850 1736 ntonoelu‘s
870 1721 886 1741 .
914 1687 1041 1733 noea
1073 1678 1149 1732 eis
1170 1677 1372 1748 [aciens
1401 1677 1694 1733 certamina
1724 1682 1839 1733 ‹1oe-

319 1767 572 1818 monum,
608 1760 655 1805 et
704 1749 913 1805 auxilia
954 1757 1264 1804 sanctarum
1299 1750 1548 1802 virtutum
1592 1764 1612 1804 .·
1654 1749 1840 1803 incitat

321 1838 412 1878 eos
441 1833 701 1890 proeterea
732 1821 801 1874 ad
825 1819 1162 1888 patientiam,
1194 1828 1240 1872 et
1273 1819 1660 1873 absolutionem
1690 1819 1839 1874 illius

318 1891 391 1947 ad
422 1892 562 1963 quod
587 1890 787 1961 egressi
804 1898 949 1947 sunt.
981 1886 1051 1943 Iu
1087 1903 1214 1959 pace
1240 1887 1469 1943 ssontiui.
1507 1888 1655 1944 Dixit
1676 1904 1697 1944 .·

317 2003 589 2063 Antonius
631 2002 757 2060 liliis
794 2001 908 2059 suis
954 2001 1324 2059 dilectissimis
1370 2002 1426 2059 in
1476 2002 1749 2073 Domino,
1782 2013 1840 2062 et

250 2097 504 2155 omnibus
537 2096 631 2169 qui
668 2097 735 2152 ad
773 2096 943 2153 Deum
979 2096 1246 2152 accedunt
1274 2095 1342 2152 ‹le
1375 2104 1489 2154 toto
1513 2098 1677 2154 corde
1713 2112 1836 2168 suo,

251 2190 478 2247 salutem
515 2189 646 2245 dicit
674 2187 929 2245 omnibus
959 2187 1140 2254 vobis,
1172 2189 1426 2246 maximis
1456 2189 1834 2261 minimisque,

250 2282 342 2354 qui
377 2297 502 2339 vere
539 2280 798 2338 israelitae
825 2281 983 2338 estis.
1012 2281 1309 2338 Consecuti
1352 2281 1501 2339 enim
1542 2283 1678 2338 estis
1715 2281 1839 2339 seli-

248 2391 366 2432 cem
394 2374 712 2435 beatitatem
744 2374 919 2448 gratia
947 2383 1211 2446 operante
1230 2416 1248 2442 ,
1286 2390 1408 2445 quae
1436 2384 1522 2433 est
1563 2376 1619 2431 in
1655 2375 1834 2433 vobis.

249 2465 638 2525 verumtamen
689 2474 944 2539 oportet,
991 2473 1049 2521 ut
1097 2466 1311 2538 impigri
1353 2466 1578 2523 certetis
1616 2477 1841 2539 propter

247 2572 370 2614 cum
393 2558 485 2628 qui
509 2556 741 2614 visitavit
758 2572 848 2612 vos
873 2556 1051 2612 oriem
1077 2572 1143 2612 ea:
1171 2555 1282 2612 alto
1298 2556 1366 2627 ⁸⁸,
1391 2569 1450 2613 ut
1469 2555 1770 2614 efficiamur
1787 2558 1839 2613 ei

248 2649 427 2707 hostia
464 2658 652 2704 sancta
673 2687 690 2716 ,
720 2646 1094 2706 immaculata.
1141 2645 1358 2703 Scimus
1384 2649 1534 2703 enim
1561 2647 1838 2718 quomodo

249 2740 454 2797 cecidit
499 2748 691 2794 natura
734 2741 851 2797 lime
882 2739 1264 2797 substantialis
1298 2756 1367 2795 ex
1401 2756 1499 2797 sua
1547 2740 1839 2798 altitudine

254 2836 308 2887 iu
353 2830 687 2903 profundum
731 2831 1042 2904 ignominiae
1085 2842 1141 2888 et
1182 2832 1454 2899 miseriae,
1479 2843 1536 2889 et
1562 2834 1838 2905 quomodo

252 2924 495 2981 visitavit
530 2938 650 2980 eam
685 2922 828 2980 Deus
856 2924 1170 2982 misericors
1204 2924 1320 2981 suis
1350 2924 1560 2998 legibus
1589 2943 1689 2998 per
1719 2943 1836 2982 ma·-

251 3034 355 3081 mts
402 3017 638 3097 Moysis,
694 3017 1137 3091 reliquorumque
1183 3017 1592 3088 prophetarum.
1645 3016 1837 3076 Novis-

1951 522 2225 579 bominem
2251 531 2538 579 externum
2563 532 2622 579 et
2667 521 2978 580 internum
3001 562 3032 588 „
3065 535 3142 577 eo
3169 522 3320 593 quod
3343 538 3456 580 cum
3481 544 3497 581 r

1950 612 2180 669 tionales
2210 611 2408 679 simus,
2439 613 2563 669 lacti
2587 627 2788 669 suimus
2820 611 3218 670 irrationales
3245 613 3320 669 ob
3352 625 3497 673 aostn

1949 705 2358 763 inclinationem
2395 720 2519 763 cum
2548 705 2842 762 voluntate
2870 705 3076 761 hostis
3119 703 3279 761 mala
3301 718 3496 779 quau

1946 799 2119 870 patris
2144 798 2433 855 mendacii.
2466 797 2638 871 cupio
2665 807 2865 855 autem
2897 814 3013 856 vos
3059 800 3248 864 scire,
3275 810 3497 874 quotque

1949 901 2126 963 taeque
2160 892 2469 949 daemonum
2502 892 2706 949 artium
2743 892 3086 965 myriades,
3121 901 3188 949 et
3216 907 3376 965 qnam
3396 909 3497 950 eam

1946 986 2160 1057 species
2211 985 2511 1042 innumerae
2560 985 2673 1042 sint
2721 1003 2737 1041 ε
2795 986 2901 1055 qui
2959 1000 3108 1041 cum
3159 984 3428 1054 vidissent,
3452 1004 3497 1044 a

1938 1075 2054 1147 jani
2096 1076 2347 1147 proprias
2374 1074 2660 1148 passiones
2686 1075 3224 1146 ignominiamque
3248 1076 3487 1150 confi,

1945 1181 2011 1223 ac
2054 1177 2318 1238 practerea
2365 1180 2552 1223 eorum
2599 1166 2783 1222 malas
2830 1166 3243 1236 operationes
3277 1169 3474 1239 μιάῖ

1946 1269 2279 1332 suggerunt,
2326 1259 2515 1333 sugere
2555 1269 2796 1316 conatos
2847 1273 3042 1326 esse;
3081 1274 3284 1330 neque
3313 1260 3459 1314 hih-

1948 1362 2117 1421 taxat,
2145 1367 2333 1409 verum
2359 1354 2525 1409 etiam
2551 1352 2717 1409 malis
2742 1366 2964 1408 eorum
2997 1352 3274 1409 consiliis
3292 1351 3468 1426 qut&

1947 1444 2198 1518 injiciunt
2251 1460 2415 1502 aures
2458 1460 2564 1502 uon
2605 1446 2743 1502 dare
2791 1462 2811 1501 ε
2865 1459 3027 1516 opus
3080 1459 3256 1501 snum
3301 1444 3485 1513 cultu

1945 1538 2186 1611 aggressi
2236 1547 2383 1595 sunt.
2433 1537 2647 1594 Norunt
2685 1537 2854 1593 enim
2912 1538 3010 1594 sui
3070 1536 3355 1595 creatoris
3375 1537 3489 1593 dna

1944 1631 2149 1687 sactum
2178 1645 2299 1688 esse
2329 1630 2434 1688 sibi
2461 1631 2551 1687 hic
2583 1631 2637 1686 in
2670 1639 2966 1695 mortem,
2996 1638 3064 1687 et
3093 1630 3215 1701 iam
3243 1631 3308 1686 de
3328 1639 3490 1686 seau-

1944 1738 2065 1781 esse
2093 1723 2411 1796 praeparari,
2443 1733 2499 1779 et
2527 1737 2651 1779 csse
2677 1724 2958 1779 liaeretles
2996 1722 3314 1781 inreroru-
3337 1722 3488 1779 obn·

1944 1816 2283 1873 aversionem
2314 1831 2378 1872 ac
2411 1816 2638 1871 nimiam
2661 1816 2995 1871 malitiam.
3031 1815 3388 1888 Quapropter,
3408 1811 3488 1870 H

1945 1906 2055 1964 mei
2083 1905 2460 1976 dilectissimi,
2489 1919 2782 1976 nunquam
2835 1919 3024 1963 cesso
3061 1918 3237 1964 noctu
3262 1907 3420 1978 dinque
3439 1915 3486 1976 μ

1944 2000 2099 2057 vobis
2121 1999 2435 2069 deprecari,
2466 2008 2527 2054 ut
2553 1997 2819 2054 cordium
2850 2007 3209 2055 vestrorum
3241 1998 3411 2069 aperiat
3431 1994 3485 2049 b

1943 2093 2124 2150 minus
2142 2094 2352 2159 oculos,
2375 2101 2432 2148 ut
2461 2092 2647 2148 videre
2673 2093 2921 2163 queatis
2941 2089 3488 2165 magnitudinem-fi·

1944 2186 2145 2243 tudinis
2162 2186 2409 2242 fraudum
2425 2184 2734 2242 daemonum
2759 2199 3116 2258 eorumque
3138 2186 3371 2244 malitia·
3389 2195 3483 2255 μ

1945 2279 2101 2336 uobis
2126 2278 2382 2350 ingerunt
2410 2276 2677 2349 quotidie,
2708 2292 2785 2333 ac
2821 2286 2892 2334 ut
2927 2278 3112 2337 vobis
3161 2279 3404 2350 enargiam
3429 2285 3482 2328 n·

1945 2371 2173 2445 vigilans
2232 2379 2289 2425 et
2333 2369 2581 2441 spiritum
2613 2367 3051 2441 discretionis,
3105 2380 3171 2428 ut
3219 2372 3474 2439 romb·

1942 2466 2137 2523 offerre
2160 2464 2379 2535 possitis
2402 2464 2511 2520 Deo
2533 2462 2778 2519 hostiam
2814 2464 3054 2532 vivam,
3089 2464 3464 2526 immaculati-,6

1942 2572 2136 2613 cavere
2168 2556 2426 2613 invidiam
2460 2555 2783 2610 daemouum
2825 2558 3003 2616 omni
3033 2566 3288 2632 tempore
3312 2565 3446 2614 ctu-

1944 2648 2085 2704 mala
2112 2646 2366 2713 consilia,
2394 2645 2722 2716 illorumque
2752 2647 3027 2707 latentes
3057 2649 3453 2709 machinalis-n

1942 2742 2277 2799 subvelatam
2317 2742 2600 2811 malitiam,
2634 2751 2690 2798 et
2725 2745 2998 2814 spiritus
3041 2764 3238 2808 eorum
3270 2748 3465 2807 salim·

1944 2845 2062 2905 tes,
2102 2847 2159 2896 et
2204 2838 2565 2911 cogitationes
2604 2837 3012 2911 blasphemas
3037 2887 3058 2914 ,
3098 2856 3157 2905 et
3205 2841 3476 2901 infidelitate

1942 2945 2105 3002 quam
2144 2929 2348 3002 jugiter
2396 2940 2738 3002 suggerunt,
2793 2942 2856 2991 ct
2915 2937 3126 2995 cordis
3159 2935 3484 3007 stupiditate-2

1942 3023 2276 3095 subtilesque
2333 3038 2522 3082 eorum
2574 3027 3082 3095 perturbationes
3119 3044 3240 3103 qaas
3300 3025 3488 3101 quoti&

252 3116 449 3169 simum
479 3121 662 3167 autem
694 3111 747 3166 id
785 3111 990 3167 tactum
1020 3120 1105 3166 cst
1135 3125 1234 3181 per
1275 3110 1469 3166 Filium
1498 3108 1621 3180 ejus
1648 3111 1833 3182 unige·
1861 3145 1907 3203 c
1943 3116 2183 3174 inserunt
2220 3134 2345 3174 cum
2391 3119 2651 3175 moestitia
2696 3123 2916 3180 cordis
2936 3167 2960 3194 ,
3011 3134 3077 3185 et
3120 3139 3288 3183 eorm
3317 3124 3438 3177 irata
3458 3129 3488 3176 α

249 3204 442 3271 uitum,
467 3202 561 3278 qui
592 3212 905 3261 nostrorum
924 3202 1243 3275 pontificum
1265 3200 1531 3273 Princeps
1554 3212 1637 3257 est
1661 3204 1835 3258 maxi-

248 3310 402 3363 mus,
429 3305 484 3352 et
528 3293 773 3351 Medicus
813 3301 1004 3350 noster
1025 3306 1221 3360 verus,
1259 3292 1353 3365 qui
1386 3302 1606 3350 nostros
1634 3308 1836 3351 sanare

247 3387 395 3445 valet
430 3389 680 3455 dolores;
736 3394 831 3460 qui
882 3387 1181 3458 assumpsit
1227 3403 1426 3458 corpus
1454 3397 1736 3454 nostrum,
1781 3396 1836 3444 ct

252 3482 473 3539 tradidit
525 3493 700 3539 semet
744 3483 919 3553 ipsum
973 3497 1072 3553 pro
1126 3482 1283 3537 nobis
1335 3496 1399 3537 ac
1450 3497 1546 3552 pro
1593 3481 1835 3552 peccatis

248 3575 453 3631 uestris
477 3617 493 3642 ‚
522 3576 798 3646 accipiens
828 3581 1055 3645 propter
1084 3582 1328 3629 nostram
1372 3573 1658 3628 stultitiam
1693 3573 1829 3646 figu-

249 3680 361 3721 ram
385 3667 650 3734 stultitiae,
675 3676 729 3722 et
759 3676 982 3737 propter
1004 3674 1246 3720 nostram
1279 3662 1651 3720 infirmitatem
1686 3666 1835 3721 simi·

246 3758 528 3814 litudinem
560 3758 937 3823 intirruitatiS,
971 3766 1027 3813 et
1058 3765 1281 3827 propter
1322 3767 1565 3812 nostram
1601 3772 1830 3827 pauper·

246 3857 409 3917 tatem
432 3849 661 3920 liguram
691 3850 1058 3921 paupertatiS,
1083 3859 1140 3904 ct
1163 3858 1388 3919 propter
1412 3860 1654 3906 nostram
1685 3865 1832 3904 mor-

246 3940 513 3999 talitatem
555 3942 791 4012 gustavit
833 3952 1087 3997 mortem.
1134 3942 1265 4009 Quae
1308 3942 1491 3996 omnia
1519 3956 1714 4013 passus
1747 3952 1829 3998 est

244 4047 342 4103 pro
365 4032 541 4099 nobis,
565 4049 630 4090 ac
651 4049 747 4104 per
770 4032 889 4104 ejus
916 4044 1145 4090 mortem
1172 4034 1383 4088 liberati
1407 4049 1619 4089 sumus.
1649 4033 1829 4104 Quare

245 4140 344 4181 nos
371 4135 585 4197 oportet
622 4127 747 4184 totis
775 4127 1061 4184 decertare
1091 4125 1298 4181 viribus
1337 4135 1502 4196 atque
1539 4127 1742 4193 nervis,
1770 4137 1828 4182 ut

241 4219 487 4274 latentur
519 4236 618 4291 pro
651 4219 806 4275 nobis
832 4221 1005 4275 sancti
1034 4232 1246 4285 omneS,
1283 4218 1372 4287 qui
1416 4233 1512 4288 pro
1542 4219 1699 4274 nobis
1734 4221 1826 4275 de-

240 4318 534 4376 precantur
586 4318 831 4381 tempore
882 4316 1086 4364 nostrae
1128 4307 1401 4380 pigritiae,
1444 4306 1826 4378 loetabiturque

238 4413 428 4457 serens
460 4411 623 4470 atque
651 4411 862 4458 metens
887 4400 1047 4456 simul
1076 4400 1146 4455 ⁸⁹.
1179 4398 1413 4468 Oportet
1432 4409 1701 4472 praeterea
1729 4417 1826 4458 vos

1940 3212 2369 3269 susurrationem
2402 3226 2566 3282 quam
2605 3211 2886 3283 injiciunt
2925 3217 3131 3285 uobis,
3155 3225 3214 3275 ut
3240 3214 3482 3274 deiavice·

1937 3318 2323 3373 susurremus,
2356 3312 2570 3362 nosmet
2609 3305 2770 3376 ipsos
2840 3309 3150 3370 duntaxat
3183 3311 3476 3385 justificante.

1931 3395 2242 3465 judicantes
2274 3398 2453 3466 alios,
2505 3398 2746 3455 invicem
2785 3404 3254 3475 maledicentes,
3291 3404 3403 3462 mvi
3427 3400 3472 3456 lt-

1936 3499 2168 3560 quentes
2219 3489 2436 3563 lingua,
2492 3490 2694 3548 nostris
2751 3494 2808 3549 in
2874 3499 3172 3557 cordibus
3220 3491 3466 3555 ammuh

1939 3585 2260 3652 recondita;
2292 3585 2527 3657 proximi
2577 3586 2999 3648 extrinsecum
3041 3593 3356 3665 judicantes,
3381 3588 3449 3643 ἨΠ

1937 3688 2037 3730 nos
2073 3676 2336 3732 habentes
2367 3675 2635 3733 latronem
2656 3693 2682 3743 3
2711 3678 3114 3742 decertantes
3145 3695 3206 3743 et
3227 3687 3436 3741 :turemi

1937 3768 2094 3824 nobis
2132 3768 2362 3823 invicem
2388 3809 2404 3836 ,
2453 3768 2522 3824 ad
2573 3776 2772 3824 nostra
2819 3777 3195 3836 stabilienda
3230 3772 3410 3834 κὰμ

1934 3857 2366 3915 honorabiliores
2396 3859 2701 3913 videamur.
2735 3858 3060 3924 Praeterea
3087 3884 3200 3926 nos
3222 3868 3286 3923 sd
3304 3862 3391 3919 b*

1933 3955 2102 4008 citant
2128 3967 2294 4020 opera
2338 3967 2458 4022 quae
2495 3963 2830 4023 perpetrare
2885 3956 3057 4015 haud
3088 3954 3414 4023 vatemus*

1933 4051 2109 4100 tentes
2130 4059 2251 4114 quae
2270 4052 2469 4099 uostrae
2492 4052 2617 4098 suut
2643 4044 2963 4106 utilitatis.
2996 4050 3191 4120 Quare
3212 4044 3428 4107 numu·lt

1931 4131 2149 4205 lugendi
2182 4132 2250 4189 ad
2271 4132 2435 4189 risum
2456 4134 2713 4199 incitant,
2745 4143 2806 4190 et
2832 4135 3057 4212 lugere
3086 4159 3191 4201 uos
3211 4139 3434 4199 earu*

1929 4237 2061 4294 pore
2094 4223 2400 4292 gaudendi,
2447 4231 2715 4294 perpetuo
2764 4225 3167 4294 intendentes
3197 4238 3365 4291 παίει·
3385 4217 3437 4272 &-

1928 4316 2274 4372 clinationem
2309 4331 2339 4370 a
2384 4317 2469 4371 via
2514 4324 2666 4371 recta
2711 4326 2781 4374 ut
2830 4337 2957 4382 nos
2989 4329 3105 4386 sibi
3147 4314 3439 4386 missmffl

1928 4407 2239 4478 subjiciant.
2288 4407 2445 4464 llaud
2471 4407 2826 4469 enucleanda
2884 4417 2953 4474 in
2992 4436 3227 4491 pm„
3249 4411 3438 4471 ssim

238 4491 413 4553 scire,
442 4489 590 4546 lilioli
628 4493 764 4559 mei,
796 4508 959 4562 quam
993 4492 1046 4547 iu
1097 4490 1436 4564 gravissimis
1468 4508 1658 4549 versor
1698 4509 1822 4564 pas·
1856 4490 1902 4545 D
1932 4500 2141 4572 singula
2172 4515 2360 4557 eorum
2393 4501 2534 4557 mala
2571 4512 2821 4574 excepto
2865 4515 3042 4581 quod
3087 4516 3136 4572 εἰ
3171 4508 3288 4569 „aa
3313 4503 3428 4555 ¹⁶⁰²

237 4577 482 4633 sionibus
511 4594 672 4634 causa
706 4590 907 4636 vestra.
947 4580 1082 4635 Nam
1115 4581 1317 4651 aspicio
1344 4582 1562 4639 labores
1596 4595 1822 4641 sancto·

239 4683 354 4724 rum
385 4685 484 4740 pro
523 4672 675 4727 vobis
699 4711 715 4739 ,
751 4686 1053 4744 eorumque
1082 4674 1318 4744 gemitus
1356 4689 1420 4728 ac
1458 4690 1651 4745 preces
1680 4692 1826 4749 quas

234 4760 382 4815 «unni
441 4771 685 4832 tempore
735 4777 921 4818 coram
981 4762 1092 4817 Deo
1149 4779 1257 4834 pro
1303 4764 1457 4822 vobis
1514 4767 1822 4825 effundunt.

234 4852 414 4920 Quare
455 4852 655 4910 imitari
692 4869 789 4910 eos
825 4855 1061 4926 satagite
1091 4873 1105 4910 ε
1155 4855 1358 4926 quippe
1389 4858 1487 4928 qui
1522 4875 1822 4933 prospexe-

235 4955 359 4999 runt
386 4946 468 5000 sui
503 4946 784 5004 Creatoris
807 4946 860 5003 in
891 4963 990 5004 sua
1024 4950 1260 5005 mirabili
1289 4949 1675 5010 lucarnatione
1709 4957 1823 5010 ‹lis-

234 5037 601 5103 peusatioues,
661 5038 888 5112 ejusque
935 5041 1151 5098 labores
1208 5057 1315 5112 pio
1364 5054 1548 5099 nostra
1605 5048 1820 5115 salute,

233 5127 511 5203 bustisque
558 5129 715 5188 dolos
748 5134 1047 5202 quaerentis
1086 5147 1306 5203 semper
1348 5145 1591 5191 nostram
1635 5141 1819 5209 perdi·

233 5220 435 5278 tionem
471 5224 526 5281 in
556 5224 773 5282 inferno
802 5225 981 5298 (quod
1025 5235 1111 5285 est
1149 5227 1268 5298 ejus
1305 5242 1637 5301 suorumque
1663 5248 1821 5293 com-

1932 4588 2264 4660 ejuscemodi
2299 4590 2463 4647 rebus
2495 4589 2882 4669 impleantur,
2935 4587 3425 4678 tanquueae’ffli

1934 4692 2046 4738 tum
2085 4698 2218 4739 vero
2256 4682 2709 4756 multiplicabitur
2745 4687 2809 4743 in
2854 4698 3053 4758 nobis
3085 4676 3443 4756 ιμήἅκβ

1928 4775 2216 4843 emittens,
2244 4776 2457 4847 eritque
2498 4775 2652 4832 nobis
2688 4778 3086 4849 horrendum
3121 4784 3386 4860 ςηρωῑ·

1997 4865 2342 4938 Quapropter
2373 4883 2473 4922 uos
2501 4876 2727 4938 oportet
2760 4876 3065 4938 assiduas
3101 4881 3170 4937 ad
3199 4859 3463 4933 husim}

1930 4968 2092 5016 tatem
2132 4957 2409 5015 effundere
2436 4973 2647 5031 preces.
2682 4969 2747 5016 ut
2771 4971 3000 5028 veniat
3033 4973 3161 5043 ejus
3188 4965 3454 5027 auxilium*

1926 5050 1981 5106 in
2002 5052 2214 5108 cunctis
2232 5051 2539 5113 actionibus
2559 5054 2772 5112 uostris
2798 5061 3146 5130 opituletur
3166 5061 3328 5120 uobis.
3343 5050 3466 5123 W

1932 5154 2227 5215 apparatus
2262 5144 2352 5201 bic
2380 5146 2448 5201 ad
2487 5153 2740 5203 nostram
2788 5157 3198 5221 perditionem
3227 5166 3338 5218 est,
3358 5142 3471 5204 ct&

1932 5252 2051 5292 mus
2073 5234 2396 5293 confusione
2431 5235 2606 5308 plena.
2642 5236 2786 5296 Dico
2805 5259 2884 5301 au
2894 5256 3014 5307 tem
3051 5251 3236 5316 vobis,
3257 5241 3384 5305 ffloli
3401 5231 3473 5293 ιε’.

233 5308 532 5371 militonum
578 5317 832 5391 portio);
883 5332 1101 5391 semper
1149 5333 1388 5392 namque
1442 5323 1671 5391 perdere
1718 5340 1820 5381 nos
1920 5326 2066 5398 quod
2090 5328 2270 5385 omnis
2297 5330 2460 5385 homo
2481 5327 2719 5400 quisuis
2744 5334 3092 5398 delectatur
3119 5331 3473 5414 eogitatioeih·

231 5406 464 5463 intendit
494 5407 598 5463 bac
626 5425 820 5482 magna
848 5413 1178 5483 perditione.

1920 5428 2115 5490 sponte
2142 5418 2291 5476 cadit
2312 5459 2329 5487 ,
2369 5434 2494 5477 cum
2525 5419 2596 5477 iis
2627 5437 2759 5494 quae
2798 5428 2933 5489 sibi
2952 5431 3296 5501 ,inferuntur
3320 5427 3476 5482 ¹2¹³*-

301 5493 455 5567 Rogo
486 5497 668 5569 itaque
695 5514 821 5568 vos,
853 5502 1007 5558 lilioli
1040 5503 1146 5559 mei
1199 5504 1542 5562 dilectissimi
1568 5544 1585 5572 ,
1624 5516 1683 5561 ut
1713 5506 1818 5563 lioc
1917 5522 2091 5581 eaque
2119 5526 2418 5585 permagna
2446 5526 2567 5570 esse
2600 5520 2889 5588 mysteria
2917 5526 3236 5594 existimet.
3271 5537 3331 5580 ac
3366 5516 3477 5575 θεῖ’*

229 5587 582 5661 percipiatis,
633 5601 691 5647 et
740 5594 1090 5665 perpendatis
1145 5596 1586 5669 dispensationes
1643 5599 1815 5655 nostri
1918 5602 2095 5675 ipsum
2122 5603 2383 5676 justificet
2422 5607 2477 5664 in
2508 5606 2577 5665 iis
2610 5607 2902 5673 duntaxat
2930 5633 3065 5692 quae
3099 5628 3376 5694 operaturi
3401 5613 3478 5663 θ’

281 5771 326 5806 ⁸¹
360 5773 499 5838 Luc.
533 5790 574 5851 ι,
612 5775 706 5840 78.
790 5775 836 5812 ”
875 5772 1039 5837 loan.
1070 5791 1151 5849 tv,
1179 5775 1278 5833 55.
