3725 6125
191 3168 199 3203 l

264 318 419 378 1⁰5³

1280 308 1340 366 S.
1377 309 1660 368 ANTOM!
1700 311 1768 368 Μ.
1810 311 2105 369 ABBATls
2142 308 2531 372 BrisroLAE.

3415 313 3557 371 {056

259 453 366 502 aut
399 443 656 499 timorem
690 445 787 493 aut
816 434 1193 508 impotentiam
1228 434 1417 500 ullam,
1461 433 1559 490 sed
1589 443 1648 489 ιιι
1678 435 1874 491 doceat
1900 442 1944 498 Α
1974 436 2220 500 Christo,
2264 435 2314 491 ei
2350 433 2675 500 obediendo,
2714 427 3037 506 illi'quoque
3065 433 3339 505 particeps
3367 435 3471 491 erit
3499 433 3557 490 in

260 553 396 603 nos,
432 532 599 591 sicuti
642 530 767 601 ejus
796 528 988 599 printoe
1021 526 1349 584 tentationes
1383 535 1544 584 erant
1587 528 1656 582 ad
1695 528 1868 582 docu-

270 635 523 684 mentum
559 627 848 684 nostrum:
877 633 1003 674 nam
1037 628 1231 688 sponte
1262 619 1412 674 venit
1438 619 1508 675 ab
1546 617 1680 686 alto,
1720 619 1862 689 quod

277 729 463 776 tamen
496 729 605 770 nott
644 710 873 781 reliquit
909 717 1011 766 :et
1040 709 1308 767 habitavit
1344 725 1509 780 super
1550 720 1772 777 terram,
1807 720 1864 767 et

284 805 587 877 assumpsit
612 809 856 860 nostram
893 800 1328 866 similitudinem,
1357 809 1417 855 ut
1446 814 1546 857 nos
1573 801 1689 872 ipsa
1721 802 1868 857 redi-

278 907 479 965 meret,
509 896 870 954 mediantibus
908 895 976 952 iis
1016 909 1159 966 quas
1182 902 1440 965 operatus
1475 901 1560 948 est
1586 908 1686 964 per
1717 909 1862 960 eam,

278 989 823 1063 dispensationibus;
861 997 917 1043 et
948 997 1197 1043 mortuus
1219 997 1307 1044 est
1338 1001 1438 1057 pro
1476 986 1653 1053 nobis,
1693 996 1750 1041 et
1779 1000 1867 1042 se-

274 1086 479 1157 pultas,
510 1091 571 1139 et
612 1081 942 1148 resurrexit,
984 1086 1040 1136 et
1077 1079 1331 1135 liberavit
1372 1079 1621 1149 captivos
1662 1077 1855 1134 insero·

264 1191 416 1243 rum,
444 1172 806 1242 ascenditque
847 1172 915 1227 ad
957 1172 1242 1241 superiora
1287 1170 1551 1227 coelorum
1591 1169 1680 1227 ubi
1716 1170 1866 1239 prius

258 1276 413 1328 erat.
458 1265 656 1323 Videte
711 1264 933 1335 itaque,
983 1261 1132 1318 lilioli
1184 1262 1328 1326 mei,
1373 1262 1720 1318 dilectionem
1768 1260 1864 1317 Dei

260 1360 461 1429 Verbi,
503 1360 595 1431 qui
636 1373 738 1413 nos
769 1357 957 1414 eduxit
1011 1356 1080 1411 de
1123 1354 1278 1411 l'ovea
1322 1354 1620 1410 inferorum
1660 1355 1728 1409 ad
1767 1370 1864 1410 su·

264 1455 497 1530 periura
536 1452 841 1509 coelorum:
884 1464 1010 1505 nam
1055 1448 1254 1505 eoelum
1300 1447 1550 1517 superius
1590 1447 1735 1501 aliud
1782 1455 1866 1503 est

268 1563 313 1609 ι
340 1545 485 1606 eoeto
514 1544 735 1611 visibili,
764 1552 823 1599 ct
859 1541 1055 1599 coelum
1080 1540 1299 1597 visibile
1325 1539 1472 1596 aliud
1503 1549 1586 1595 est
1617 1540 1687 1594 ab
1715 1554 1866 1607 aere,

280 1641 382 1713 qui
422 1647 507 1696 est
534 1645 724 1695 ventus
754 1635 845 1691 bic
878 1632 1015 1690 ilaus
1042 1648 1142 1690 sua
1174 1632 1434 1698 levitate;
1469 1631 1705 1703 spatium
1758 1646 1861 1685 au-

280 1745 397 1791 tem
424 1731 567 1788 aeris
580 1729 723 1786 aliud
750 1736 835 1784 est
856 1730 927 1783 ab
947 1726 1050 1783 bae
1073 1740 1261 1781 crassa
1284 1733 1450 1787 terra,
1474 1723 1528 1779 in
1557 1736 1664 1792 qua
1698 1725 1859 1779 modo

1982 531 2118 586 locis
2164 529 2413 601 requiei;
2446 540 2501 584 et
2534 530 2626 600 qui
2658 529 2825 585 etiam
2864 530 2915 585 ei
2943 544 3177 586 consors
3228 529 3287 585 nt
3331 530 3387 585 in
3417 543 3552 587 eou-

1973 633 2200 695 templu.
2233 639 2460 679 consors
2482 637 2702 694 quoque
2727 622 2834 679 erit
2864 622 2940 677 illi
2969 621 3022 677 in
3048 621 3242 693 gloria.
3267 620 3550 693 Siquidem

1970 715 2062 786 qui
2096 714 2302 785 patitur
2330 713 2546 770 labores
2573 722 2631 769 et
2655 715 2953 785 opprobria
2982 722 3038 769 et
3069 714 3298 784 injurias
3326 724 3383 770 et
3420 727 3562 770 con-

1973 814 2262 876 temptum,
2292 807 2409 879 ipse
2429 805 2846 880 glorificabitur.
2872 808 3148 876 Scriptum
3173 822 3410 877 namque
3434 816 3554 864 est:

1972 895 2145 950 Filius
2169 897 2343 953 bonus
2366 897 2483 968 ipse
2509 896 2857 952 baereditabit
2888 896 3111 953 labores
3142 906 3198 952 et
3218 896 3559 954 benedictio-

1969 1002 2069 1044 nes
2099 998 2386 1057 parentum
2422 1003 2645 1045 suorum
2673 1005 2689 1056 ;
2719 987 2866 1045 lilius
2893 1003 3029 1045 vcro
3055 988 3232 1045 malus
3257 987 3556 1044 baeredita-

1967 1079 2048 1135 bit
2083 1079 2537 1136 maledictionem.

2039 1170 2248 1228 Scitote
2266 1172 2454 1236 etiam,
2481 1172 2632 1228 lilioli
2657 1173 2758 1228 mei
2780 1174 3067 1241 amabiles,
3089 1173 3236 1243 quod
3262 1182 3552 1245 postquam

1968 1261 2109 1318 banc
2138 1263 2329 1333 scripsi
2374 1263 2529 1318 vobis
2583 1263 2894 1330 epistolam,
2936 1261 3234 1318 commovit
3267 1276 3352 1316 me
3383 1260 3556 1331 Spiri-

1970 1362 2079 1416 tus,
2127 1362 2187 1408 ut
2236 1352 2532 1409 scriberem
2579 1353 2740 1408 vobis
2790 1351 2858 1406 de
2903 1334 3178 1422 seraphim
3226 1365 3385 1420 quem
3424 1348 3557 1404 vidit

1973 1444 2226 1501 Ezechiel
2259 1449 2523 1515 propbeta
2553 1445 2626 1511 η.
2652 1446 2747 1516 qui
2778 1453 2862 1501 est
2893 1454 3050 1517 typus
3083 1444 3391 1500 animarum
3425 1441 3556 1497 ilde-

1967 1535 2101 1591 lium
2123 1552 2247 1605 quae
2287 1536 2567 1592 decertant
2587 1537 2655 1591 ad
2684 1535 3119 1605 consequendam
3142 1534 3553 1607 perfectionem.

1971 1625 2215 1684 llabebat
2240 1643 2338 1684 sex
2370 1627 2488 1684 alas
2511 1628 2686 1684 oculis
2721 1627 2983 1693 relertas;
3015 1626 3247 1682 babebat
3273 1626 3438 1681 etiam
3471 1623 3554 1680 l'a-

1969 1722 2084 1777 cius
2131 1730 2388 1791 quatuor,
2433 1722 2488 1778 iu
2532 1729 2771 1792 quatuor
2816 1730 2998 1790 partes
3043 1720 3390 1790 aspicientes.
3435 1715 3552 1774 Una

278 1838 476 1885 sunus
500 1832 557 1878 et
584 1820 736 1878 brevi
767 1834 836 1876 ex
871 1818 961 1875 illa
1010 1816 1388 1887 migrabimus.
1423 1815 1625 1872 Sciatis
1657 1824 1863 1881 autem,
1897 1799 1939 1853 Β
1967 1812 2134 1868 facies
2169 1812 2366 1868 similis
2408 1820 2529 1868 erat
2556 1811 2713 1867 faciei
2749 1811 3005 1879 bominis,
3054 1810 3159 1866 alia
3198 1824 3331 1867 vero
3391 1809 3553 1865 faciei

278 1914 635 1988 operationes
653 1911 783 1969 coeli
812 1909 951 1967 alias
974 1924 1098 1967 esse
1128 1911 1197 1965 ab
1223 1908 1638 1978 operationibus
1668 1915 1862 1963 terrae:

279 2005 557 2070 aliamque
593 2017 719 2061 esse
754 2001 1063 2074 regionem,
1104 2000 1208 2055 bac
1239 2008 1383 2054 terra
1418 1997 1750 2068 graviorem,
1777 2010 1867 2049 ar-

280 2096 453 2154 duam
493 2093 647 2150 valde
694 2105 761 2148 ae
808 2089 1192 2154 tenebrosam,
1245 2087 1490 2158 nihilque
1534 2100 1659 2143 esse
1706 2086 1761 2141 in
1801 2100 1866 2142 ea

284 2185 513 2246 luminis
544 2198 721 2256 neque
748 2182 985 2254 requiei,
1012 2192 1076 2237 et
1105 2188 1333 2237 vocatur
1360 2177 1650 2233 internum.
1673 2173 1869 2233 Tetita-

284 2280 371 2336 tio
399 2284 603 2341 autem,
628 2272 775 2330 atioti
799 2273 931 2342 mei,
958 2288 1081 2344 quae
1104 2287 1278 2342 nuper
1300 2271 1430 2327 inibi
1453 2270 1649 2326 accidit
1672 2285 1863 2340 parum

282 2366 489 2433 abfuit,
518 2366 647 2437 quia
674 2379 761 2422 me
784 2367 853 2420 ad
870 2366 977 2420 boc
1000 2364 1147 2419 idem
1171 2362 1445 2420 infernum
1474 2363 1821 2434 perduxisset
1845 2381 1860 2419 ε

282 2460 491 2532 quippe
509 2458 777 2514 bonorum
804 2457 988 2514 bostes
1026 2456 1081 2510 iu
1114 2455 1245 2511 illud
1277 2471 1364 2511 me
1391 2454 1657 2527 projicere
1684 2457 1869 2513 volue-

284 2561 417 2610 runt
447 2549 653 2622 ingenti
681 2563 782 2605 sna
810 2545 1130 2604 calliditate.
1161 2545 1230 2601 Et
1262 2561 1360 2616 pro
1391 2544 1479 2602 bis
1509 2544 1729 2601 suerunt
1758 2546 1862 2603 mei

274 2643 519 2707 labores,
558 2650 617 2698 et
644 2638 973 2708 certamina,
1000 2645 1058 2694 et
1083 2637 1370 2708 angustiae,
1411 2646 1463 2694 et
1505 2637 1868 2709 perturbatio-

278 2751 401 2792 ιιειι.
432 2734 502 2789 At
542 2732 731 2789 infelix
756 2730 964 2800 gratias
989 2743 1091 2801 ago
1133 2729 1242 2784 Deo
1274 2738 1430 2795 meo,
1467 2738 1523 2785 et
1554 2727 1744 2784 laudes
1786 2726 1864 2783 illi

285 2825 483 2890 oflero,
514 2822 604 2879 cui
628 2821 829 2880 servivi
874 2832 985 2878 toto
1018 2822 1188 2877 corde
1238 2834 1360 2876 mco
1395 2836 1426 2876 a
1470 2820 1706 2892 pueritia
1738 2835 1863 2877 mea

288 2929 465 2988 usque
503 2929 665 2981 nunc,
702 2914 863 2986 eique
903 2911 1136 2978 obedivi,
1173 2928 1296 2969 cum
1328 2927 1546 2969 menon
1592 2913 1881 2969 deseruis-

295 2992 406 3079 sct',
436 3007 533 3066 sed
560 3005 853 3064 auxiliatus
889 3015 977 3067 est
1003 3005 1162 3073 mibi,
1201 3015 1256 3061 et
1294 3006 1496 3079 eripuit
1538 3021 1627 3063 me
1653 3021 1684 3063 a
1713 3016 1872 3064 tene-

1971 1905 2138 1971 taurl,
2169 1914 2224 1959 et
2252 1904 2357 1959 alia
2398 1903 2554 1960 faciei
2587 1904 2784 1972 leonis,
2825 1914 2881 1959 et
2911 1903 3016 1958 alia
3049 1903 3207 1959 faciei
3235 1900 3466 1973 aquilam
3495 1909 3556 1957 et

1969 1996 2181 2068 reliqua
2211 2012 2445 2068 quorum
2473 1996 2723 2069 meminit
2746 1997 3034 2069 propbeta,
3060 2010 3182 2067 quoe
3209 2010 3308 2066 per
3337 2001 3554 2064 tempus

1967 2088 2123 2145 vobis
2157 2089 2402 2145 scribere
2433 2104 2542 2144 non
2577 2088 2725 2144 licet.
2757 2088 2956 2144 Verum
2986 2102 3158 2157 pauca
3193 2087 3349 2142 vobis
3380 2098 3552 2155 expo-

1970 2195 2098 2237 nam
2129 2179 2201 2236 de
2234 2181 2428 2235 ltorum
2453 2194 2651 2246 sensu3
2679 2194 2801 2234 cum
2837 2194 2969 2235 vero
3003 2194 3106 2249 ope
3130 2178 3332 2236 Cltristl
3360 2178 3428 2233 ad
3456 2191 3555 2234 vos

1969 2286 2193 2340 venero,
2238 2286 2508 2341 exponam
2548 2271 2705 2328 vobis
2734 2272 2947 2342 reliqua
2986 2271 3192 2327 labium
3225 2273 3294 2328 ad
3324 2270 3551 2337 labium,

1969 2379 2092 2420 cum
2139 2363 2208 2419 de
2270 2364 2357 2419 bis
2411 2364 2573 2419 modo
2621 2362 2861 2420 scribere
2906 2378 3014 2418 nou
3067 2362 3299 2418 valeam.
3351 2360 3555 2417 Sciatis

1971 2468 2104 2525 ergo
2134 2471 2150 2509 ε
2183 2452 2353 2511 facies
2380 2453 2553 2525 prima
2598 2454 2873 2525 serapbim
2899 2468 3020 2524 qua
3063 2462 3148 2510 est
3185 2453 3352 2510 l'acies
3379 2451 3556 2508 bomi-

1967 2549 2074 2614 nis,
2113 2546 2368 2618 designat
2403 2545 2594 2603 fideles
2622 2547 2717 2618 qui
2759 2546 2813 2601 iu
2860 2546 3062 2603 mundo
3085 2554 3216 2602 sunt
3246 2553 3554 2617 operantes

1975 2656 2038 2696 ea
2072 2650 2339 2711 praecepta
2369 2654 2492 2708 quae
2523 2641 2624 2696 sibi
2662 2637 2899 2708 injuncta
2937 2649 3099 2707 suut;
3132 2638 3180 2694 si
3211 2637 3334 2709 quis
3369 2646 3554 2694 antem

1972 2734 2165 2790 borum
2225 2733 2293 2787 ad
2345 2733 2594 2789 habitum
2650 2733 3015 2789 monasticum
3065 2717 3324 2802 egressus
3368 2728 3554 2795 suerit,

1971 2825 2310 2882 assimilatur
2344 2826 2483 2881 tauri
2529 2825 2710 2891 faciei.
2734 2839 2804 2882 eo
2838 2824 2983 2896 quod
3025 2832 3286 2895 operatur
3316 2829 3373 2879 et
3413 2820 3562 2878 solli-

1973 2918 2121 2976 citus
2160 2919 2236 2975 sit
2285 2919 2353 2973 de
2401 2919 2691 2989 praeceptis
2727 2918 3127 2982 monacbatus;
3183 2929 3308 2969 uam
3353 2913 3465 2984 agit
3500 2922 3556 2969 et

1971 3013 2218 3069 decertat
2245 3010 2507 3069 sensibile
2536 3020 2837 3068 certamen.
2862 3007 3016 3077 Quod
3044 3007 3091 3064 si
3118 3004 3558 3078 congregationis

282 3102 403 3159 185⁸
424 3100 789 3169 inimicorum.
814 3098 1093 3158 “ilerum
1123 3098 1364 3155 restituit
1388 3115 1474 3155 ¹¹¹0
1499 3099 1554 3154 in
1583 3099 1866 3170 pristinam
1972 3106 2195 3163 ordines
2231 3104 2719 3168 consummaverit,
2749 3111 2805 3159 et
2824 3117 3077 3174 egressus
3109 3099 3276 3156 suerit
3307 3095 3559 3154 babitare

286 3192 662 3269 θθῑῡῑψΰῖῦθω
697 3206 899 3260 meam,
944 3191 1091 3247 sicut
1135 3190 1370 3247 redemit
1411 3192 1584 3246 Adam
1632 3200 1690 3248 et
1728 3192 1871 3249 illios
1976 3197 2351 3264 solitudinem,
2402 3205 2457 3251 et
2503 3204 2827 3269 segregatus
2858 3196 3026 3251 luerit
3069 3194 3137 3249 atl
3170 3191 3562 3264 oppugnandos

191 3256 205 3347 ,Ι
278 3298 413 3345 snos
448 3287 639 3352 bonos,
676 3284 1007 3355 reduxitque
1049 3282 1172 3339 illos
1217 3284 1289 3340 ad
1338 3283 1637 3354 pristinum
1671 3298 1863 3340 eorum

1969 3287 2284 3346 invisibiles
2311 3286 2628 3354 demonem
2658 3287 2776 3358 §aar
2807 3285 2897 3340 bic
2931 3284 3266 3341 assimilatus
3294 3294 3382 3361 est
3400 3280 3556 3337 faciei

191 3346 227 3397 Α
266 3376 547 3439 ammoni.
574 3374 856 3446 Scriptum
876 3375 1141 3431 enimet.
1164 3388 1183 3431 ε
1207 3372 1457 3430 Ascendit
1488 3374 1548 3430 in
1581 3373 1770 3442 altum,
1818 3384 1870 3429 et
1974 3381 2166 3445 leonis,
2188 3381 2281 3450 qui
2303 3389 2388 3436 est
2419 3394 2514 3434 rex
2547 3377 2782 3432 serarum
2824 3374 3181 3431 silvestrium.
3209 3373 3344 3428 Cum
3376 3383 3560 3428 autem

191 3530 210 3573 l·'

191 3418 545 3542 napinam
602 3466 762 3519 duxit
816 3464 1198 3533 ωριὶνίιαωιι,
1255 3474 1307 3520 et
1353 3466 1494 3521 dedit
1562 3466 1864 3523 ltomim‘btts

274 3563 428 3616 dotto
456 3557 531 3610 st.
562 3553 761 3609 Notum
792 3563 1053 3621 praterea
1076 3556 1224 3615 vobis
1264 3558 1405 3614 facio
1428 3559 1572 3628 quod
1611 3573 1730 3615 mea
1774 3574 1873 3629 po-

286 3658 503 3703 strema
570 3644 795 3701 tentatio
834 3644 1023 3704 simil‘n
1058 3644 1160 3704 fuit
1192 3649 1476 3706 tentationi
1518 3647 1741 3720 Josepbi
1781 3664 1879 3720 pe-

192 3736 201 3751 ’
289 3745 552 3802 8131·ΙέΒὶ
602 3735 867 3807 ‘fqffidetl
898 3735 1101 3811 <loseph
1148 3738 1339 3795 beatus
1386 3755 1452 3796 ac
1489 3741 1707 3812 justus,
1751 3755 1876 3797 cum

192 3812 199 3843 l

191 3908 205 3943 t

191 3998 203 4037 l

190 4098 203 4135 l

191 4189 203 4231 i

191 4290 205 4329 l

303 3835 618 3884 tentaretur
648 3826 987 3886 multitudine
1008 3830 1390 3898 tentationum,
1418 3846 1527 3887 non
1552 3840 1637 3886 est
1661 3840 1880 3901 pertur-

294 3915 503 3980 batus;
528 3913 840 3984 nuperrime
868 3930 999 3973 vero
1024 3931 1151 3975 cum
1181 3918 1236 3973 in
1261 3934 1538 3976 carcerem
1570 3920 1760 3976 suisset
1782 3921 1880 3977 de·

292 4014 491 4061 trusus
532 4005 627 4076 qui
668 4014 757 4063 est
784 4007 1092 4067 siasffitnuo
1139 4010 1365 4079 inferni,
1404 4013 1759 4084 perturbatus
1790 4021 1881 4068 est

286 4101 407 4157 «bac
424 4099 743 4157 tentatione.
762 4099 1026 4159 Dominus
1042 4099 1229 4160 autem
1252 4115 1445 4161 noster
1469 4120 1567 4163 sua
1591 4104 1878 4160 clementia

290 4206 425 4251 ου-
452 4191 679 4250 vidisset
706 4194 1171 4265 pulchritudinem
1204 4197 1326 4269 ejus
1357 4200 1677 4255 certaminis
1701 4211 1758 4254 et
1786 4214 1878 4270 pa-

290 4284 539 4350 tientia,
576 4285 725 4343 dedit
758 4286 837 4342 ilii
868 4303 1125 4359 magnum
1164 4290 1455 4358 bonorem,
1500 4301 1557 4348 et
1599 4291 1884 4348 coustituit

282 4380 456 4437 ihm
480 4396 688 4453 regem,
704 4395 806 4440 nee
826 4385 1061 4456 amplius
1086 4395 1326 4444 tentatus
1347 4398 1453 4445 est.
1480 4386 1618 4445 Vere
1639 4387 1881 4459 quidem,

1975 3473 2318 3546 superaverit
2347 3474 2533 3528 hostes
2559 3472 2882 3538 invisibiles,
2921 3479 2976 3526 et
3007 3469 3354 3540 passionibus
3385 3469 3563 3524 domi-

1977 3576 2137 3622 natus
2163 3563 2327 3621 l'uerit
2361 3577 2567 3633 easque
2601 3561 2703 3617 sibi
2739 3561 3062 3632 subjecerim
3095 3557 3396 3615 elevabitur
3423 3556 3554 3628 Spi-

1977 3658 2088 3715 ritu
2120 3666 2334 3725 sancto,
2371 3664 2426 3711 ct
2467 3654 2669 3710 videbit
2701 3652 2916 3710 divinas
2944 3652 3207 3719 visiones,
3242 3659 3300 3705 ct
3342 3648 3562 3705 assimi-

1979 3750 2180 3806 labitur
2203 3748 2363 3804 l'aciei
2387 3746 2605 3818 aquilae,
2627 3758 2683 3801 ct
2703 3746 3020 3818 implebitur
3039 3745 3105 3800 de
3126 3743 3218 3799 illo
3239 3741 3523 3811 Scriptura
3544 3759 3560 3797 ε

1979 3840 2331 3897 Renovubitur
2376 3840 2623 3909 juventus
2662 3847 2755 3893 tua
2800 3841 2935 3895 sicut
2970 3836 3166 3907 aquiloe
3205 3836 3274 3891 ”.
3319 3834 3387 3891 Et
3429 3843 3566 3890 tune

1986 3933 2299 3990 intellectus
2331 3931 2479 3988 illius
2508 3931 2785 3987 discernet
2811 3944 3151 4003 quoecunque
3174 3928 3276 3985 sibi
3305 3928 3566 3984 obvenire

1979 4032 2213 4097 possunt
2249 4038 2344 4080 sex
2377 4037 2445 4080 ex
2479 4022 2747 4092 partibus,
2781 4033 2839 4077 et
2871 4021 3262 4078 assimilabitur
3303 4035 3398 4078 sex
3444 4017 3558 4074 iilis

1981 4115 2088 4171 alis
2121 4112 2406 4170 oculorum
2439 4112 2695 4180 refertis;
2725 4120 2780 4168 et
2813 4112 2906 4168 liet
2937 4110 3214 4180 seraphim
3240 4109 3566 4180 spiritualis,

1983 4216 2041 4262 et
2076 4206 2420 4262 baereditabit
2448 4213 2711 4261 aeternam
2763 4203 3163 4269 baereditatem,
3193 4217 3261 4260 eo
3291 4204 3436 4272 quod
3463 4202 3562 4258 ob-

1984 4300 2375 4371 temperaverit
2400 4299 2647 4371 patribus
2678 4300 2795 4353 suls
2823 4296 3222 4369 spiritualibus.

2059 4388 2172 4461 Ego
2201 4400 2384 4448 autem
2420 4391 2558 4458 scio,
2592 4390 2741 4446 lilioli
2774 4392 2900 4457 tnei,
2929 4387 3078 4458 quod
3117 4402 3216 4443 uos
3240 4398 3430 4442 omnes
3449 4383 3564 4454 jam

191 4464 211 4521 ἱ
286 4470 453 4531 niati
490 4474 595 4530 mei
629 4475 916 4544 amabiles,
946 4492 1057 4534 aon
1101 4480 1376 4536 abscondo
1405 4494 1437 4534 a
1468 4480 1622 4537 vobis
1660 4493 1881 4535 mensu·
1911 4495 1962 4555 ῃ
1989 4483 2301 4553 accepimus
2348 4483 2610 4539 virtutem
2661 4497 2692 4537 a
2747 4481 3011 4547 Domino,
3059 4478 3185 4551 quia
3223 4478 3567 4536 obedivimus

193 4570 219 4620 1
280 4582 415 4627 nm
440 4567 832 4625 tentationistu
864 4584 973 4640 qua
1005 4570 1285 4636 versabar,
1313 4580 1459 4625 etex
1492 4583 1600 4641 qua
1622 4568 1873 4625 liberavit
1991 4571 2240 4641 patribus
2285 4572 2507 4638 nostris,
2544 4586 2846 4642 eorumque
2873 4570 3185 4640 accepimus
3227 4567 3562 4626 benedictio-

191 4666 223 4718 ι
274 4672 383 4717 -e
410 4656 672 4713 mutans
720 4673 908 4729 meus3
952 4670 1010 4717 et
1054 4670 1239 4718 certus
1283 4659 1501 4731 quidem
1544 4675 1687 4725 suta,
1734 4659 1879 4730 qued
1987 4679 2138 4722 netu.
2169 4662 2280 4720 Vos
2313 4678 2529 4736 quoqne
2576 4675 2793 4736 propter
2826 4675 3064 4720 vestram
3108 4662 3467 4719 obedientiam
3506 4670 3561 4719 et

191 4756 229 4806 t·
270 4748 401 4809 hoe
422 4745 533 4803 situ
556 4760 886 4807 consecutus
909 4752 1111 4809 vestris
1135 4752 1496 4817 orationibus,
1522 4760 1579 4807 et
1606 4749 1884 4822 precibus,

191 4843 227 4903 t'!
282 4850 355 4901 οι
392 4842 657 4899 nemoris
694 4850 876 4899 vestra
917 4859 1027 4915 qua
1069 4859 1157 4900 me
1202 4841 1617 4915 prosequimini.
1662 4839 1878 4896 Etenim

191 4938 225 4991 ν
276 4932 442 4995 antis
474 4932 685 4993 laboris
714 4949 929 4992 mecum
960 4938 1263 5008 pertulistis
1288 4953 1304 5005 ;
1331 4946 1387 4992 ει
1422 4943 1574 4991 εει-ιε
1603 4933 1752 4989 dabit
1786 4947 1885 4988 ro-

191 5012 227 5081 1⁴
276 5026 385 5089 bb
406 5024 677 5085 nummus
696 5028 962 5100 spiritum
1004 5029 1224 5092 salutis,
1253 5027 1708 5101 quemadmodum
1739 5027 1889 5082 dedit

196 5120 223 5173 t
280 5130 437 5179 nee
472 5121 811 5189 paupertati.
843 5119 993 5176 Dixit
1021 5122 1169 5178 euim
1199 5120 1485 5192 discipulis
1522 5120 1640 5176 suis
1669 5135 1685 5174 t
1726 5115 1886 5174 Vobis

278 5218 479 5271 sm
505 5213 599 5284 qtti
639 5214 972 5270 :sustinuistis
1004 5231 1209 5269 mecum
1244 5215 1300 5268 in
1332 5213 1708 5269 tentationibus
1734 5211 1884 5279 meis,

192 5354 223 5423 κ
274 5304 549 5375 masto,
580 5304 715 5358 sicttt
742 5303 1014 5373 pollicitus
1041 5313 1118 5359 est
1153 5303 1319 5359 Putet·
1352 5319 1518 5367 meus,
1555 5316 1795 5372 reanum,
1830 5310 1888 5354 ιιι

613 5396 623 5407 ’
1424 5395 1438 5409 ⁸
1815 5392 1864 5426 8·

192 5432 223 5543 ,ἵ
258 5395 487 5559 2⁶3⁸.
497 5394 1653 5557 ‘iel-2522&waffarmstssm'm‘:
1682 5407 1888 5539 m:

192 5562 215 5619 f
272 5594 459 5646 ηὼς
491 5578 636 5650 ‘1¹²0ss
665 5576 917 5633 videlicet
943 5577 1255 5650 quicunque
1275 5578 1545 5650 particeps
1572 5576 1631 5632 lit
1658 5575 1886 5633 Domino
1998 5596 2116 5647 ros,
2154 5581 2339 5639 dicens
2370 5581 2419 5638 ei
2450 5600 2467 5640 t
2500 5580 2696 5654 Utique
2729 5581 2934 5654 optima
2961 5594 3023 5637 es
3049 5592 3247 5652 parcns
3278 5587 3333 5636 ct
3358 5575 3562 5633 educa·

356 5767 413 5802 '⁸
452 5765 601 5825 Paul.
639 5780 809 5827 mvn.
851 5766 933 5823 19.

1016 5768 1059 5799 ⁷³
1102 5766 1236 5823 Luc.
1282 5783 1412 5833 xtu,
1440 5766 1533 5835 22),
1560 5766 1649 5823 50.
1732 5770 1779 5804 ¹·
1814 5768 2013 5830 Ezcclt.
2054 5783 2091 5837 t,
2121 5766 2152 5824 i
2195 5781 2317 5837 sqq·

1989 4755 2348 4813 ministerium
2372 4795 2389 4822 ,
2444 4755 2722 4825 accipietis
2755 4756 3116 4812 ministerium
3149 4769 3180 4811 a
3221 4752 3453 4810 Domino
3507 4760 3563 4810 et

1990 4846 2381 4904 ltaereditabitis
2448 4847 2882 4904 benedictionem
2945 4857 3157 4917 patrum
3227 4858 3555 4901 vestrorum.

1992 4940 2122 4995 Dico
2152 4940 2369 5009 quidem
2399 4939 2574 5006 vobis,
2601 4943 2745 5010 quod
2771 4953 2986 5010 semper
3005 4937 3171 4994 vestri
3203 4950 3412 4993 memor
3439 4936 3567 5003 sim,

1988 5040 2045 5088 et
2073 5031 2230 5087 video
2262 5046 2363 5089 vos
2397 5033 2451 5087 in
2488 5034 2704 5103 spiritu,
2750 5014 3003 5101 tauquam
3045 5042 3243 5101 parens
3287 5028 3373 5099 pia
3404 5036 3567 5097 atque

1993 5123 2310 5180 misericors
2339 5122 2479 5180 lilios
2510 5139 2639 5180 suos
2671 5121 2943 5194 parvulos.
2985 5118 3143 5191 Saepe
3181 5119 3398 5189 quidem
3425 5116 3579 5172 vole·

1995 5214 2089 5270 bat
2125 5215 2387 5273 Dominus
2415 5230 2568 5271 meus
2593 5214 2876 5285 quiescere
2901 5225 2987 5266 nte
3017 5209 3197 5266 facero
3227 5225 3258 5264 a
3285 5207 3567 5263 laboribus

1990 5307 2241 5376 corporis
2269 5306 2447 5376 bujtts,
2480 5313 2535 5362 et
2562 5318 2840 5361 assumere
2877 5303 3118 5359 animam
3153 5314 3332 5356 meam
3361 5299 3430 5355 ad
3462 5312 3562 5364 se;

1991 5398 2086 5454 sed
2120 5413 2242 5455 cum
2274 5400 2580 5471 requiescat
2605 5398 2660 5453 ia
2687 5396 2842 5453 vobis
2872 5394 3111 5467 Spiritus
3150 5393 3389 5460 Domini,
3431 5391 3565 5448 reli-

1992 5489 2111 5562 quit
2136 5490 2381 5561 spiritum
2417 5503 2596 5545 mcum
2639 5489 2695 5545 iu
2732 5503 2959 5558 corpore
2985 5485 3104 5556 ejus
3123 5485 3192 5542 ati
3215 5482 3562 5543 educandum

2405 5765 2456 5838 ,τ’
2492 5763 2633 5822 rsat.
2672 5777 2768 5834 cn,
2801 5762 2856 5819 5.
