3725 6125
1034 272 1093 381 ἑ.
1137 324 1341 381 lSAlAE
1381 322 1678 380 AunA'rts
1713 322 2127 383 ORATtONEs.

3050 331 3187 387 1186

192 442 474 499 cedamus.
499 439 685 510 Neque
708 437 852 494 enim
875 423 1056 495 tenens
1076 454 1299 521 serpens
1324 437 1511 494 vulne·
1537 442 1585 499 Α
1610 437 1727 506 eius
1767 438 1821 493 in
1861 452 1960 493 ore
2008 444 2195 492 nostro
2252 434 2547 491 dulcescat.
2578 434 2881 507 Disciplina
2914 437 3085 508 ipsius
3103 438 3193 509 Ju-

191 534 384 595 trabat,
417 530 524 586 nist
552 546 644 600 qui
674 531 730 585 ln
763 546 886 585 cum
918 529 1339 602 respexisseuv.
1365 529 1513 584 Multi

191 623 403 687 treduli,
444 628 690 692 neglecto
733 620 829 677 Dei
870 635 1140 688 sermone,
1188 639 1218 676 a
1252 623 1516 690 serpenti-

230 718 622 780 moriebantur,
665 725 725 770 ut
749 724 978 769 testatur
1001 713 1291 785 Apostolus
1318 730 1334 768 ι
1358 715 1427 769 Et
1452 732 1515 771 ne

191 828 225 875 t,
260 810 528 879 inquienS,
553 822 699 872 euin,
735 808 873 861 sicut
901 806 980 861 ilii
1011 816 1359 871 tentaverunt,
1393 816 1444 863 et
1481 824 1514 861 ιι

191 902 272 957 ius
291 911 411 957 sant
437 898 703 968 interlecti
718 898 760 953 ⁹.
790 897 1002 973 Cernis,
1037 898 1227 965 irater,
1256 901 1360 956 boc
1386 902 1513 955 item

217 1000 502 1060 serpentes
541 988 599 1044 in
642 1003 829 1045 eorum
879 989 1133 1045 cordibus
1178 991 1379 1057 inesse,
1423 991 1515 1061 qui

191 1081 379 1137 volunt
408 1078 694 1135 Dominum
721 1075 941 1135 lesum?
965 1080 1197 1147 Quinam
1229 1091 1355 1136 sunt
1382 1081 1513 1136 isti?

191 1178 333 1232 irum
389 1175 481 1245 qui
528 1170 778 1227 mandata
809 1171 925 1241 ejus
960 1173 1261 1241 requirnnt,
1296 1188 1417 1227 cum
1453 1188 1516 1228 ea

191 1282 457 1324 uservare.
490 1265 744 1328 Accessit,
769 1264 967 1332 inquit,
997 1263 1068 1317 ad
1089 1280 1203 1316 eum
1224 1279 1361 1317 unus
1385 1280 1413 1318 e
1443 1264 1517 1318 le-

191 1380 196 1410 ι
224 1371 432 1415 tentans
469 1373 612 1422 eum,
633 1365 687 1411 et
723 1357 899 1410 dicens
927 1370 948 1409 .·
977 1356 1248 1425 uaqister,
1272 1355 1411 1426 quod
1441 1366 1516 1411 est

213 1462 263 1508 et
286 1452 513 1521 primum
540 1452 848 1503 mundatum
871 1449 923 1501 in
948 1447 1102 1517 leffe?
1130 1446 1230 1502 Cui
1251 1450 1517 1517 repondit

191 1541 372 1611 Diliges
404 1538 684 1593 Dominum
727 1536 898 1591 Deum
930 1548 1080 1592 etium
1111 1555 1178 1594 ex
1213 1548 1319 1592 toto
1362 1541 1520 1594 corde

191 1642 291 1687 tota
326 1630 507 1685 citima
537 1638 647 1697 tun,
679 1638 728 1684 et
773 1629 1070 1699 proximum
1107 1640 1276 1693 tuum,
1309 1632 1521 1684 sicutte

191 1720 246 1775 ln
274 1722 356 1775 Itis
382 1720 581 1776 duobus
618 1722 892 1789 precepti·
924 1722 1166 1775 universa
1203 1722 1290 1775 lex
1310 1725 1517 1789 pendet,

1616 544 1741 600 gum
1805 530 2131 594 subeamus,
2194 536 2253 582 ut
2304 529 2715 583 nostri„curam
2765 539 2940 599 gerat.
2964 530 3120 599 Quod
3145 533 3193 588 si

1615 636 1737 676 cum
1782 621 2030 676 hostibus
2064 621 2267 675 nostris
2310 622 2762 691 pugnaverimus,
2807 633 2861 677 et
2903 622 2979 677 iiii
3009 639 3109 681 nos
3135 632 3198 680 ut

1616 709 1868 779 parvulos
1892 710 2223 777 afflixerint3
2263 710 2534 781 ploremus
2561 711 2613 765 in
2660 712 2784 767 sinu
2829 711 2949 781 ejus
2972 751 2990 779 ,
3018 725 3077 769 ut
3102 715 3193 771 ilia

1615 802 1825 873 patrem
1856 813 2102 858 nostrum
2138 805 2205 859 ad
2231 820 2326 859 eos
2348 805 2438 875 qui
2471 820 2569 859 nos
2599 815 2817 871 vexant,
2852 806 3196 864 ulciscendos

1617 896 1952 948 exhortetur.
1996 892 2223 949 Omnem
2271 895 2450 949 cordis
2489 896 2657 949 nostri
2694 896 3029 950 voluntatem
3073 911 3193 953 am·

1617 996 1895 1056 putemus,
1937 993 1992 1040 et
2038 1001 2138 1040 nos
2178 1001 2300 1041 esse
2339 987 2664 1056 peregrinos,
2699 1002 2803 1040 uon
2847 988 3082 1057 pigebit,
3135 998 3197 1043 ut

1618 1091 1715 1132 nos
1747 1083 2005 1147 tanquam
2045 1077 2320 1133 Abraham
2352 1087 2531 1133 servet
2567 1089 2732 1147 atque
2769 1080 3042 1135 defendat.
3079 1079 3194 1133 Ma·

1619 1170 1776 1223 nibus
1805 1170 1927 1239 ejus
1976 1183 2073 1224 nos
2119 1181 2176 1222 ιιι
2225 1167 2391 1225 Jacob
2438 1170 2827 1238 subjiciamus,
2863 1181 2922 1225 ιιι
2970 1186 2999 1223 a
3041 1181 3198 1242 patre

1618 1272 1806 1315 nostro
1857 1260 2288 1315 benedictionem
2346 1260 2714 1331 impetremus.
2750 1261 3063 1318 voluntates
3100 1280 3196 1318 no-

1619 1361 1764 1406 stras
1787 1352 2150 1422 abnegemus,
2186 1362 2243 1404 ιιι
2272 1351 2483 1422 Moyses
2504 1390 2520 1416 ,
2553 1354 2645 1423 qui
2680 1355 2781 1408 sub
2806 1354 2922 1420 ejus
2950 1356 3195 1426 perfugio

1620 1455 1868 1500 servatus
1893 1456 1979 1501 est
2023 1447 2285 1503 adversus
2331 1448 2449 1504 illos
2484 1450 2574 1516 qui
2605 1464 2727 1503 enm
2773 1450 3076 1504 interlicere
3101 1464 3197 1505 cu-

1627 1538 1867 1606 piebant.
1892 1538 1970 1595 Ne
2003 1552 2413 1596 contemnamus
2446 1543 2586 1595 illam
2606 1580 2622 1606 ,
2656 1556 2722 1595 ne
2752 1542 2929 1596 oderit
2961 1557 3058 1596 nos
3090 1543 3198 1597 sic-

1624 1639 1679 1682 nt
1729 1630 1890 1687 Esau.
1963 1632 2318 1688 sanctitatem
2366 1634 2482 1703 ejus
2530 1635 2939 1700 custodiamus,
2996 1643 3055 1689 ιιι
3100 1649 3200 1691 noe

1623 1720 1825 1776 exaltet
1874 1723 1925 1777 in
1976 1734 2119 1777 terra
2158 1724 2501 1777 inimicorum
2540 1734 2867 1780 nostrorum.
2918 1725 3046 1779 Eam
3080 1736 3200 1779 tan·

191 1822 278 1867 21oe
296 1812 360 1866 ¹⁹.
377 1808 649 1868 Videseos
675 1812 767 1881 qui
791 1822 1040 1881 qnaerunt
1066 1822 1121 1867 et
1152 1827 1256 1865 non
1286 1811 1514 1880 faciunt,
1555 1791 1595 1849 Β
1626 1827 1788 1880 quiam
1847 1814 2304 1884 propugnaculum
2360 1823 2672 1879 teneamus,
2735 1826 2794 1869 ut
2846 1814 3003 1870 iesus
3056 1817 3197 1872 titius

191 1917 248 1960 es
280 1901 537 1974 appellari
565 1900 819 1971 quoniam
870 1917 1020 1957 teneo
1053 1903 1291 1971 serpenti
1327 1905 1517 1958 nolunt

192 1994 305 2064 .qui
334 2000 510 2074 pqtest
536 2007 633 2048 eos
666 2007 697 2046 a
731 1992 991 2061 pestifero
1018 1993 1216 2048 occulti
1244 1996 1515 2065 serpentis

192 2100 373 2140 tir-are.

222 2178 327 2234 Cor
357 2176 518 2247 igitur
549 2184 702 2231 tuum
752 2178 1034 2242 contii-ma,
1069 2187 1127 2234 et
1163 2193 1234 2234 ne
1265 2179 1468 2235 dixeris
1496 2198 1511 2234 ε

192 2285 227 2325 o
254 2284 473 2341 possum
506 2266 627 2337 eius
655 2269 905 2324 mandata
933 2283 1170 2333 servare,
1195 2286 1316 2325 cum
1354 2271 1514 2326 belno

191 2375 198 2389 ·
235 2357 375 2415 sim!
423 2356 524 2425 Qut
571 2357 717 2413 enim
768 2355 1048 2412 consessus
1103 2356 1264 2420 suerit
1295 2367 1513 2426 peccata

191 2458 545 2505 zeonvertens
573 2447 640 2500 ad
672 2446 837 2499 Deum
869 2460 966 2514 per
1000 2446 1397 2515 poenitentiam,
1428 2460 1514 2501 re-

192 2551 306 2605 tur,
333 2536 485 2594 Sicut
513 2536 834 2605 portavimus
864 2536 1146 2604 imaqinem
1180 2538 1393 2599 terreni,
1431 2538 1514 2591 iu-

195 2631 392 2693 stolus,
406 2638 676 2700 portemus
707 2639 755 2681 et
786 2628 1063 2695 imayinem
1085 2628 1382 2682 coelesdsss.
1407 2628 1512 2684 Po·

195 2764 212 2788 ,
247 2734 310 2779 ιιι
338 2722 512 2788 vides,
549 2720 695 2775 dedit
726 2718 928 2775 bomini
964 2718 1131 2782 Dens,
1165 2730 1222 2773 ut
1266 2733 1364 2787 per
1402 2734 1517 2788 poe-

191 2829 231 2867 .n
263 2813 603 2874 immutetur,
630 2820 683 2866 et
713 2820 854 2864 totns
889 2825 985 2879 per
1009 2809 1153 2864 illam
1196 2825 1368 2866 novus
1400 2810 1515 2864 elii-

191 2904 363 2971 later,
382 2907 506 2959 dum
524 2903 704 2959 infans
732 2904 893 2957 estin
921 2904 1043 2956 sinu
1067 2917 1187 2968 suo,
1222 2902 1370 2957 illum
1396 2917 1516 2960 ser-

191 2999 306 3053 ·mni
337 2996 496 3053 malo.
528 2996 585 3052 Si
622 2996 790 3067 luget,
828 3010 1118 3049 mammam
1156 2997 1380 3066 praebet.
1411 2986 1512 3051 Le·

1620 1901 1786 1966 Nave,
1829 1904 1920 1972 qui
1968 1918 2103 1973 puer
2153 1919 2185 1957 e
2232 1903 2580 1959 tabernaculo
2627 1920 2735 1959 non
2796 1909 3209 1977 egrediebatur.-

1617 1993 1828 2048 inertiae
1870 1994 2047 2048 locum
2093 1995 2144 2047 in
2172 1996 2334 2049 corde
2368 2006 2555 2050 nostro
2585 2012 2651 2051 ne
2684 1999 3057 2067 relinquamus
3078 2036 3093 2063 ,
3131 2011 3199 2052 ne

1578 2145 1583 2150 ,
1623 2084 1817 2153 spoliet
1851 2099 1953 2140 nos
1977 2095 2133 2139 terrae
2160 2086 2536 2154 promissionis
2567 2088 2901 2143 inmeditate.
2933 2090 3198 2145 Omnibus

1621 2175 1673 2227 in
1706 2173 1866 2229 rebus
1907 2175 2262 2229 bumilitatem
2303 2175 2718 2245 amplectamur,
2756 2187 2809 2231 ut
2846 2181 3201 2249 quemadmo-

1617 2267 1741 2321 dum
1770 2266 1959 2333 caleb,
1997 2266 2366 2336 ingrediamur
2400 2268 2450 2321 in
2493 2279 2690 2324 terram
2717 2269 2969 2326 linientem
3016 2271 3097 2328 lac
3141 2282 3200 2328 et

1620 2354 1746 2408 mei.
1800 2352 1945 2409 Nihil
1998 2356 2319 2423 perditionis
2367 2359 2836 2427 concupiscamus,
2890 2375 2957 2415 ne
3006 2376 3200 2430 perea-

1620 2459 1758 2508 mus,
1791 2454 1850 2499 ιιι
1896 2444 2125 2499 Aelium.
2160 2446 2420 2500 Amemus
2446 2446 2564 2513 ejus
2599 2447 2879 2501 stimulum
2908 2450 3198 2505 conscien-

1621 2538 1727 2600 tiae,
1761 2537 1850 2605 qui
1890 2536 2036 2592 omni
2092 2538 2224 2592 liora
2275 2552 2375 2593 nos
2420 2539 2641 2602 excitet,
2691 2550 2744 2593 nt
2794 2551 2977 2594 servet
3013 2555 3112 2596 nos
3142 2543 3198 2598 itt

1619 2638 1860 2698 tempore
1890 2631 2226 2696 tentationis,
2249 2632 2703 2700 quemadmodum
2743 2629 2952 2688 Rabab.
2978 2630 3036 2687 lu
3069 2634 3198 2689 nul-

1616 2722 1670 2778 io
1692 2722 1796 2777 eibi
1828 2737 2029 2791 genere
2068 2722 2205 2793 guiae
2258 2722 2667 2791 indulgeamus,
2714 2740 2784 2781 ne
2829 2729 3023 2795 perdat
3057 2741 3158 2783 nos
3180 2767 3200 2795 ,

1619 2823 1676 2866 nt
1705 2813 1844 2867 lilios
1877 2813 2013 2867 ileli.
2058 2814 2345 2869 Serremns
2391 2827 2490 2867 nos
2524 2812 2768 2884 integros
2811 2817 2881 2870 ab
2919 2818 3067 2871 omni
3093 2817 3202 2875 ini-

1617 2905 1846 2975 quitate,
1882 2905 2041 2960 sicuti
2090 2905 2332 2969 Samuel,
2393 2905 2482 2974 qni
2537 2907 2682 2959 nullo
2725 2910 3079 2962 conscientiae
3101 2908 3206 2966 sti·-

1619 2997 1764 3052 mulo
1789 2997 2147 3066 punnebatur,
2165 2998 2307 3067 qnod
2329 2997 2452 3051 maii
2473 2999 2747 3066 quidpiam
2777 2998 2995 3052 iecisset
3017 3000 3201 3069 proxi-

193 3092 356 3163 aptans
379 3089 589 3160 infligit,
622 3099 685 3144 ut
711 3102 834 3142 cum
870 3087 1066 3141 timore
1104 3087 1187 3142 lac
1215 3099 1392 3159 sugat,
1415 3102 1513 3143 nec
1540 3121 1585 3182 c
1620 3106 1708 3145 tno
1758 3106 1881 3146 suo.
1933 3091 2236 3147 caveamus
2258 3129 2274 3155 ,
2325 3106 2394 3145 ne
2447 3092 2648 3145 malum
2705 3093 2953 3160 proximo
3001 3091 3201 3145 redda-

191 3201 238 3241 ιι
260 3184 477 3242 evadat.
500 3181 747 3239 Flentem
786 3179 1065 3252 complexu
1091 3189 1145 3233 et
1170 3180 1360 3235 osculo
1384 3195 1517 3237 con·

196 3276 330 3332 Eum
366 3286 425 3330 nt
465 3290 581 3340 cur,
616 3283 673 3330 et
703 3276 912 3330 viscera
948 3271 1184 3341 propria,
1239 3271 1411 3342 diligit
1460 3278 1531 3327 ee

194 3379 217 3424 t
260 3369 329 3423 ad
379 3367 621 3436 sugenda
655 3365 822 3421 ubera
865 3365 1081 3434 invitat.
1120 3363 1177 3418 st
1206 3363 1516 3424 aur-min-

191 3470 227 3514 ιι
245 3467 553 3529 argentum,
579 3465 675 3511 aut
689 3455 1000 3523 margarita,
1026 3464 1117 3509 aut
1132 3454 1345 3523 quidvis
1371 3454 1516 3509 aliud

191 3557 295 3611 tur,
331 3545 527 3617 aspicit
570 3542 659 3601 itte
702 3545 939 3615 quidem,
970 3549 1064 3602 sed
1101 3547 1154 3600 in
1188 3547 1368 3600 sinum
1400 3563 1517 3601 ma-

191 3639 328 3708 giens
377 3637 557 3692 omnia
605 3641 918 3704 contemnit,
952 3649 1011 3692 ut
1076 3653 1366 3692 mannnam
1400 3636 1518 3708 ejus

192 3729 339 3786 ,Non
365 3732 538 3801 arguit
557 3746 675 3786 eum
701 3743 857 3801 pater
881 3732 1021 3801 qnod
1049 3731 1181 3784 nibil
1204 3741 1349 3801 agat,
1375 3729 1516 3800 quod

191 3821 349 3878 ellum
382 3838 484 3878 nou
508 3823 776 3891 conserat,
806 3832 862 3879 et
889 3833 1089 3893 pugnet
1119 3839 1241 3877 cum
1271 3823 1520 3878 adversa·
1555 3853 1564 3862 -

191 3916 362 3971 oniam
390 3926 473 3970 est
496 3915 778 3985 parvulus,
814 3933 920 3971 non
966 3925 1174 3985 potest3
1217 3918 1381 3985 pedes
1420 3918 1517 3972 ba-

191 4009 415 4076 quidem,
437 4011 530 4064 sed
560 4009 668 4067 iilis
695 4009 849 4064 inniti
880 4025 986 4064 nou
1013 4010 1177 4065 valet.
1208 4009 1399 4066 Manus
1420 4010 1518 4064 lta·

234 4114 381 4153 arma
412 4099 600 4168 nequit
633 4107 889 4154 tractare.
922 4097 1202 4153 Patienter
1226 4105 1512 4166 exspectat

191 4199 245 4246 ιιι
301 4191 558 4262 paulatim
605 4199 838 4246 crescat.
875 4188 979 4246 Ubi
1010 4190 1285 4260 paululum
1321 4190 1516 4254 crevit,

222 4264 341 4335 οιιιιι
377 4281 484 4335 atto
525 4281 721 4337 luctari
758 4283 946 4344 volun,
980 4283 1261 4349 victusque
1298 4281 1515 4343 centon,

1625 3199 1768 3246 mus,
1795 3192 1852 3236 ut
1886 3196 1984 3237 nos
2025 3198 2055 3235 a
2089 3182 2232 3236 malo
2276 3183 2579 3248 custodiat,
2610 3181 3063 3250 quemadmodum
3092 3184 3201 3239 Da-

1623 3276 1732 3330 rid.
1757 3276 1840 3329 Ab
1867 3276 2015 3330 omni
2062 3273 2322 3341 jactantia
2371 3286 2535 3344 atque
2593 3275 2738 3330 inani
2794 3275 2968 3344 gloria
3003 3285 3202 3345 tempe·

1622 3378 1826 3432 minua,
1855 3378 1926 3420 ne
1957 3362 2272 3434 eliciat-nos
2315 3378 2347 3419 a
2387 3365 2525 3421 i’acie
2553 3366 2726 3432 patris
2767 3360 2938 3420 nostri
2962 3404 2978 3430 ,
3014 3367 3204 3422 utAb·

1624 3457 1815 3512 salom.
1846 3455 2214 3510 Humilitatem
2255 3466 2309 3507 et
2348 3456 2667 3524 gravitatem
2700 3455 2982 3522 colamus,
3016 3465 3072 3511 ut
3105 3458 3202 3510 ba·

1623 3549 1748 3605 beat
1803 3563 1906 3603 nos
1956 3547 2159 3600 ultores
2209 3547 2468 3599 adversus
2515 3545 2764 3601 inimicos
2794 3545 2964 3616 patris
2995 3546 3204 3610 nostri.

1622 3639 2071 3709 quemadmodum
2104 3637 2469 3692 Salomonem.
2500 3636 2657 3692 Omni
2710 3637 2762 3692 in
2793 3652 2851 3694 re
2876 3650 2974 3692 uos
3005 3635 3204 3706 subjici

1621 3734 1972 3795 studeamus,
2021 3730 2264 3786 membra
2314 3739 2497 3785 nostra
2537 3732 2604 3785 ab
2651 3731 2905 3786 oninibus
2944 3733 3202 3802 operibus

1625 3824 1853 3879 mortuis
1883 3823 2197 3879 cohibentes
2220 3862 2237 3889 ,
2266 3828 2325 3876 ut
2358 3836 2453 3876 cor
2490 3832 2770 3878 strenuum
2808 3823 3070 3878 adversus
3099 3823 3204 3879 ini,

1630 3919 1803 3972 ιιιῐοοιι
1853 3924 2075 3969 nostros
2116 3913 2492 3978 obtineamus„
2526 3915 2665 3971 sicut
2704 3915 2847 3969 Elias
2896 3913 3198 3971 Thesbitea.

1626 4006 1705 4063 Ne
1732 4008 1908 4061 simus
1936 4007 2118 4076 cupidi
2145 4005 2453 4074 voluptatis,
2480 4020 2546 4060 ne
2572 4021 2669 4059 nos
2696 4007 2885 4075 perdat
2909 4015 2967 4060 ut
2990 4008 3204 4073 Acban,

1622 4096 1774 4153 Totis
1796 4097 2006 4152 viribus
2049 4097 2117 4150 ad
2170 4107 2395 4151 mortem
2449 4110 2620 4164 usque
2650 4099 3078 4159 contendamus..
3133 4113 3208 4152 ne

1625 4201 1871 4248 sanctam
1905 4190 2078 4259 ipsius
2132 4190 2443 4244 amittamus
2487 4188 2881 4254 hereditatem,
2918 4187 2996 4241 uti
3026 4188 3204 4245 Nabut

1620 4282 1934 4342 iezraelita.
1976 4281 2300 4338 obedientes
2331 4282 2504 4337 simus
2548 4280 2792 4352 patribus
2839 4282 3039 4336 nostris
3088 4282 3202 4352 spi·

191 4368 336 4423 citur
358 4377 534 4438 pater,
559 4371 812 4438 qnoniam
844 4386 1045 4438 parvus
1073 4382 1179 4428 est.
1207 4374 1277 4426 At
1307 4385 1428 4426 cum
1463 4371 1516 4425 in
1627 4372 1948 4437 ritualibus,
1981 4371 2289 4429 voluntates
2318 4381 2534 4426 nostras
2561 4371 2812 4426 omnibus
2842 4369 2896 4424 in
2922 4371 3084 4425 rebus
3108 4371 3205 4426 ab·-

191 4461 408 4527 vaserit,
436 4461 554 4530 ejus
581 4471 808 4531 apparet
842 4463 1014 4516 virtus
1051 4472 1106 4516 et
1130 4465 1396 4526 studium,
1427 4476 1517 4530 pa-
1550 4483 1598 4542 ῃ
1632 4473 1924 4533 negantes,
1958 4465 2132 4519 donec
2169 4462 2276 4517 iltis
2309 4460 2683 4532 subjiciamur,
2729 4472 2787 4514 ιιι
2816 4462 2881 4515 ad
2912 4458 3090 4516 Elisaei
3130 4461 3202 4519 si—

193 4550 324 4606 ticos
352 4554 716 4621 persequitur.
747 4552 902 4607 Tunc
937 4553 1011 4607 illi
1039 4563 1192 4621 pater
1215 4556 1395 4607 omnia
1420 4569 1517 4609 sna
1630 4555 2019 4619 militudinem,
2065 4569 2251 4609 eorum
2298 4553 2604 4609 benedictio
2645 4551 2921 4609 nobiscum
2965 4565 3200 4614 inanest..

191 4643 239 4697 it
290 4653 347 4698 et
401 4645 594 4710 credit,
652 4647 909 4714 quoniam
974 4645 1114 4698 iilius
1163 4656 1265 4701 est.
1294 4644 1447 4713 Quod
1480 4647 1527 4700 si
1628 4647 1706 4701 Ne
1728 4648 1902 4702 simus
1925 4645 2073 4699 avari
2102 4659 2274 4714 neque
2318 4645 2627 4708 mendaces,
2664 4654 2722 4698 ut
2757 4645 3064 4698 bominibus
3089 4642 3204 4713 pla·-

191 4749 285 4790 nes
316 4734 531 4791 labores
569 4751 708 4805 quos
754 4738 806 4791 in
851 4752 918 4792 eo
951 4739 1241 4794 educando
1274 4747 1528 4804 parentes
1625 4751 1874 4805 ceamus,
1930 4751 1999 4795 ne
2054 4751 2154 4791 nos
2207 4736 2649 4805 perterrefaciat.
2701 4743 2759 4789 ut
2811 4734 2984 4791 Giezi.
3050 4733 3207 4789 Viros

191 4839 302 4892 ιιιιι,
333 4828 505 4883 sames
546 4839 640 4884 aut
671 4829 843 4900 pestis
874 4838 968 4883 aut
998 4828 1199 4884 beilum
1235 4829 1525 4899 ingruerit,

192 4932 391 4976 urentes
422 4924 657 4985 deserat.
687 4936 865 4991 nequo
910 4936 1100 4976 corum
1137 4922 1407 4976 senectuti
1429 4935 1529 4977 ve-

191 5013 340 5076 tlem,
393 5014 486 5069 scd
535 5032 659 5069 cnm
704 5012 945 5067 inimicis
988 5013 1203 5067 illorum
1231 5011 1530 5067 amicitiam

192 5119 280 5159 mc
304 5106 505 5160 atnoria
554 5104 729 5168 obliti,
758 5107 917 5160 domo
939 5104 1103 5158 lilium
1131 5102 1403 5173 ingratum
1428 5103 1531 5174 eii·

191 5211 201 5250 ’.
225 5196 461 5264 spoliant
487 5198 832 5251 boercditate.

192 5327 207 5342 .
251 5287 316 5343 tn
348 5302 446 5343 nos
474 5287 663 5357 igitur,
691 5285 922 5351 batres,
961 5300 1179 5356 operam
1220 5287 1441 5351 deiuus,
1472 5294 1533 5343 ut

192 5380 380 5435 ‚tentiae
425 5379 681 5449 praesidie
724 5379 1089 5436 consistamus
1111 5419 1131 5448 ,
1163 5395 1530 5451 sugamusque

1626 4830 1745 4900 pios
1791 4829 1965 4898 magis
2007 4843 2169 4899 quam
2216 4828 2579 4896 nosmetipsos
2645 4827 2895 4883 omnibus
2937 4826 2991 4880 in
3041 4826 3206 4881 rebus

1635 4921 1940 4988 diligamus,
1976 4929 2035 4973 ut
2066 4933 2165 4975 nos
2201 4917 2653 4988 quemadmodum
2685 4915 3079 4972 sunamitidem
3104 4914 3203 4969 be·

1634 5011 1869 5066 nedicat.
1906 5008 2193 5066 Peccatum
2217 5009 2287 5066 ad
2314 5020 2542 5068 mortem
2575 5023 2746 5078 usque
2766 5007 2891 5064 odio
2919 5019 3204 5075 persequa-

1632 5114 1777 5166 mur,
1802 5110 1860 5156 ut
1886 5100 1940 5153 in
1967 5100 2058 5155 die
2098 5101 2438 5157 necessitatis
2460 5100 2602 5154 sicut
2637 5099 2939 5155 Susannam
2970 5111 3067 5154 nos
3110 5096 3204 5152 ada

1625 5194 1800 5265 juvet.
1845 5191 2010 5249 Varia
2054 5193 2301 5250 ciborum
2346 5207 2541 5262 genera
2587 5207 2655 5247 ne
2692 5193 3008 5263 cupiamus,
3037 5199 3097 5244 ut
3128 5187 3206 5247 illi

1634 5289 1730 5358 qui
1769 5286 1950 5341 cibum
1999 5285 2069 5340 de
2109 5299 2291 5339 mensa
2339 5280 2838 5339 Nabuchodonosor
2895 5281 3202 5352 capiebant.

1629 5378 1938 5437 Afflictione
1967 5378 2319 5445 gaudeamus,
2356 5385 2414 5431 ut
2450 5375 2696 5430 Azarias.
2728 5373 2808 5430 Ne
2840 5374 3012 5428 simus
3040 5370 3206 5428 astuti

193 5474 315 5527 ictis
352 5472 471 5540 cius
501 5471 792 5536 uberibus,
824 5480 892 5525 nt-
925 5487 1022 5528 nos
1050 5472 1167 5542 ipsa
1218 5471 1427 5527 nutriat
1474 5481 1536 5527 et
1632 5483 1690 5529 et
1739 5469 1960 5534 callidi,
2027 5468 2168 5526 sicut
2218 5466 2498 5538 Babylonii
2542 5474 2942 5523 murmurantes
3009 5475 3201 5523 contra

191 5569 370 5622 Ouinia
416 5580 537 5636 quae
581 5575 897 5629 cernuntur,
941 5579 1312 5636 aspernemur,
1346 5573 1406 5618 ut
1446 5563 1530 5619 lac

191 5742 237 5780 n.
269 5739 380 5789 xxa,
406 5725 461 5792 8,
484 5725 537 5784 9.
598 5727 620 5759 ·
653 5724 670 5779 Ι
697 5722 821 5780 Cor.
854 5739 906 5790 x,
931 5725 987 5782 9.
1064 5722 1323 5798 ”flattln
1354 5738 1491 5792 xxn,
1515 5722 1704 5783 3540.

1636 5566 1844 5622 lidelcs.
1889 5562 2214 5635 Expleamus
2255 5559 2558 5618 ministeria
2602 5568 2813 5622 nostra,
2864 5567 2925 5613 ut
2978 5551 3205 5623 Daniel,

1784 5722 1823 5757 ⁸¹
1854 5720 2022 5779 [Cor.
2054 5734 2143 5787 xv,
2169 5719 2263 5777 49.
