3725 6125
228 332 315 388 {o-
304 324 373 383 ⁹59

1334 306 1612 365 pultes
1647 301 1952 363 AEGYPTtt
1988 298 2265 361 sAEcuu
2302 300 2394 358 W.

3425 300 3535 359 iffi

230 448 541 510 ardentem,
565 451 623 500 et
646 435 1040 498 obser-autera
1070 434 1291 491 leonum
1319 432 1609 497 ferocium,
1634 441 1690 486 et
1722 431 1824 487 bu·
1852 434 1902 493 Α
1931 438 2081 494 tres,
2126 426 2359 484 invicem
2409 422 2639 496 parcite,
2686 430 2754 476 ut
2807 425 3031 492 pareat
3083 416 3251 472 robis
3298 417 3532 477 muninus.

235 535 433 596 miliati
459 541 587 592 suut
607 531 659 587 ei
680 527 920 586 universi
944 527 1092 583 illius
1111 525 1320 581 hostes.
1356 525 1425 579 Et
1450 524 1594 579 sicut
1619 522 1821 593 loseph

237 626 461 686 lmmilis
504 637 689 681 coram
729 619 844 675 Deo
868 629 922 676 et
953 616 1305 682 homiuibus;
1343 628 1549 685 quem,
1581 628 1704 669 cum
1739 615 1826 668 in·

239 720 500 775 vidissent
538 715 590 772 ei
625 715 830 770 fratres
863 711 986 777 sui,
1030 720 1088 767 et
1125 708 1252 765 odio
1281 708 1431 763 illum
1465 706 1822 770 habuissent,

238 810 484 867 volentes
533 805 685 861 illius
726 802 1009 859 effundere
1051 799 1371 871 sanguinem
1419 797 1492 854 ob
1538 797 1823 861 invidiam,

239 904 461 967 propter
492 894 757 949 honorem
791 891 840 949 ei
882 905 912 945 a
946 899 1103 960 patre
1144 889 1388 945 delatum
1410 930 1426 954 ,
1458 888 1701 943 servarit
1733 888 1820 941 di-

237 990 423 1042 vinum
481 984 745 1041 auxilium
788 998 819 1038 a
860 999 1022 1047 nece;
1071 980 1167 1037 sod
1209 973 1279 1037 οἷ’
1317 981 1516 1036 invidia
1567 978 1826 1035 dominati

239 1087 388 1143 sunt,
417 1086 472 1131 et
497 1077 854 1132 elevaverunt
880 1075 932 1129 in
961 1074 1111 1130 illum
1136 1087 1329 1129 manus
1355 1089 1504 1138 suas.
1526 1080 1583 1129 et
1609 1073 1826 1128 «lentum

245 1170 296 1224 in
334 1183 551 1222 servum
590 1165 978 1221 vendiderunt.
1024 1163 1248 1236 insuper
1289 1164 1486 1219 mulier
1514 1162 1598 1218 sui
1624 1162 1827 1217 domiui

239 1260 328 1317 cui
382 1258 746 1319 inserviebat,
782 1255 1085 1325 permultos
1140 1255 1322 1310 intulit
1362 1255 1440 1311 illi
1484 1255 1720 1320 labores,
1755 1256 1829 1309 ita

241 1352 461 1423 quidem
486 1358 543 1403 ut
574 1350 629 1404 in
653 1362 933 1405 carcerem
966 1346 1132 1402 suerit
1161 1348 1416 1418 injectus,
1438 1346 1576 1403 Erat
1596 1362 1834 1415 natuque

242 1443 573 1505 eontinens,
626 1448 981 1506 mansuetus,
1036 1437 1399 1504 purissimus,
1450 1436 1834 1491 immaculatus

245 1533 425 1589 anima
464 1540 522 1586 et
571 1543 841 1600 eor-pore,
878 1543 979 1584 nec
1034 1527 1217 1582 timuit
1256 1526 1413 1596 (Deo
1468 1527 1518 1582 ei
1577 1525 1835 1597 favente)

244 1637 438 1679 omnes
466 1621 584 1676 illas
613 1634 908 1683 aerumnas,
935 1618 1031 1673 sed
1060 1617 1356 1683 sustinuit,
1387 1627 1441 1673 et
1480 1617 1722 1673 conlisus
1751 1628 1837 1673 est

248 1714 302 1769 in
328 1711 598 1777 Domiuo;
625 1720 682 1766 et
707 1709 1004 1765 novissime
1034 1706 1300 1762 exaltavit
1324 1707 1478 1763 illum
1508 1709 1673 1776 Deus,
1706 1723 1838 1763 eon-

1929 518 2143 575 Etenim
2178 515 2230 571 id
2261 513 2530 582 inculcat,
2562 512 2810 568 dicens:
2845 507 3170 572 Diu-niune,
3205 516 3260 562 et
3288 509 3533 567 dimittet-r

1927 611 2072 667 tobis
2098 607 2169 663 ⁹⁰.
2201 607 2259 662 Si
2291 614 2474 662 autem
2503 602 2632 676 quis
2669 609 2955 658 vestrum
2977 598 3328 653 calumniam
3353 602 3532 670 patitur

1927 703 2199 773 suscipiat
2237 701 2291 755 inl
2335 714 2457 754 cum
2487 696 2714 769 gaudio,
2745 703 2811 752 et
2849 691 3068 749 omnia
3122 705 3231 747 sua
3267 693 3434 748 tradat
3457 693 3530 750 bs·

1930 798 2103 862 mino,
2136 794 2230 867 qui
2257 792 2441 860 justus
2465 800 2549 847 est
2565 788 2737 861 judex
2762 795 2828 843 et
2855 792 3314 841 remunerator.
3335 781 3532 852 onim

1931 888 2187 959 proximo
2227 884 2478 943 intulerit
2508 881 2903 951 calumniam,
2943 876 3205 935 festinet
3249 884 3310 933 et
3345 877 3524 936 huffe

1931 979 2285 1050 semetipsum
2323 990 2506 1032 coram
2574 973 2846 1040 Domino,
2895 978 2962 1027 et
3020 967 3320 1042 supplicet
3349 973 3517 1041 patho

1935 1086 2058 1136 suo,
2111 1079 2170 1126 ut
2211 1077 2399 1140 parcat
2438 1068 2488 1125 ei
2536 1065 2838 1123 Dominus.
2891 1061 3021 1119 Nee
3081 1061 3410 1133 permittaffi,
3438 1064 3500 1119 n-

1939 1164 2225 1222 lectissimi
2258 1163 2386 1229 mei,
2413 1162 2584 1217 solem
2616 1158 2894 1215 occidere
2927 1169 3131 1227 super
3163 1154 3474 1218 iratum-¹.

1934 1260 2078 1317 sicut
2113 1272 2212 1314 nos
2242 1256 2431 1312 docuit
2457 1253 2749 1325 Scriptura
2788 1253 2847 1285 ¹·
2831 1250 3000 1319 ,sed
3031 1249 3332 1306 eradicate
3355 1263 3472 1304 aar

1937 1351 2097 1409 dibus
2128 1349 2332 1406 vestris
2358 1363 2551 1405 omnes
2583 1347 2771 1403 malas
2816 1341 3235 1414 cogitationes
3263 1341 3483 1413 qen-a-

1941 1444 2130 1517 gimini
2163 1442 2285 1499 rel·
2271 1459 2326 1499 ιιι
2362 1456 2461 1497 ros
2491 1439 2725 1495 invicem
2774 1435 3099 1509 cogitatis,
3129 1443 3199 1490 ιιι
3225 1433 3490 1490 dissutum

1939 1533 2244 1593 inimicitiae
2290 1545 2519 1604 quarum
2567 1528 2727 1585 radix
2802 1528 3022 1582 tvdium
3073 1535 3172 1581 est
3225 1537 3282 1581 et
3325 1526 3500 1581 iuriis:

1938 1642 2057 1698 quze
2092 1627 2210 1681 duae
2246 1624 2530 1695 passiones
2582 1621 2861 1693 pessiutae
2908 1620 3170 1690 quidem
3212 1627 3351 1687 sunt,
3376 1629 3420 1675 et
3444 1619 3500 1676 litt

1939 1732 2005 1773 ac
2038 1715 2351 1773 bominibus
2386 1711 2787 1777 detestabiles3
2841 1723 2960 1766 nee
2998 1719 3417 1767 consentaneam
3446 1721 3502 1770 ιιι

246 1805 482 1862 stituens
507 1803 658 1859 illum
686 1801 990 1871 principem
1033 1814 1200 1869 supet·
1235 1798 1633 1874 Emptum-et
1667 1814 1835 1871 snper
1868 1796 1910 1855 tt
1942 1814 1999 1861 ιιι
2040 1804 2235 1862 sintin
2270 1802 2380 1858 ttllo
2412 1800 2652 1857 fidelium
2694 1807 2806 1854 aut
2857 1797 2973 1855 Dei
3025 1813 3321 1856 servorum
3347 1799 3500 1870 pexit:

247 1910 439 1953 omnes
470 1896 588 1964 eius
623 1895 897 1965 regiones.
943 1891 1146 1949 Omnes
1177 1908 1313 1949 vero
1351 1893 1554 1949 fratres
1585 1892 1706 1963 ejus
1743 1893 1834 1962 qui

250 1990 302 2044 ei
333 1986 676 2051 inviderant,
709 1982 939 2053 subjecit
979 1983 1241 2039 Dominus
1275 1983 1377 2039 sub
1425 1984 1653 2055 pedibus
1696 1984 1836 2055 ejus.

255 2080 321 2137 lli
356 2089 541 2133 atttem
581 2076 862 2133 memorati
895 2084 951 2129 et
973 2076 1055 2131 eis
1084 2077 1309 2145 similes,
1337 2076 1682 2133 dilectissimi
1706 2077 1839 2140 mei,

257 2188 602 2247 nequaquam
636 2173 995 2229 obtinuerunt
1030 2173 1296 2228 bonorem
1339 2187 1369 2227 a
1404 2169 1516 2225 Deo
1554 2169 1710 2225 initio
1755 2166 1841 2223 sui

259 2266 579 2326 certaminis
607 2274 661 2321 et
691 2263 819 2320 belli
839 2303 857 2330 ,
884 2264 980 2319 sed
1015 2273 1301 2334 postquam
1348 2260 1602 2332 probavit
1639 2275 1757 2324 eos,
1787 2269 1844 2314 et

259 2357 488 2429 liquavit
512 2355 918 2413 calamitatibus
951 2362 1007 2410 et
1045 2354 1352 2421 laboribus,
1397 2361 1453 2409 et
1481 2352 1718 2409 erudivit
1747 2366 1844 2408 eos

253 2451 529 2523 quomodo
557 2450 827 2506 instarent
864 2448 919 2503 iu
963 2447 1169 2517 puelia.
1215 2446 1369 2502 'runc
1400 2461 1529 2503 vcro
1551 2487 1567 2514 ,
1602 2461 1726 2503 cum
1767 2446 1845 2501 ri·

256 2545 424 2602 disset
451 2558 570 2608 eos,
594 2542 940 2598 calamitates
965 2548 1021 2595 et
1062 2540 1283 2595 labores
1322 2540 1669 2608 sustinuisse,
1701 2550 1757 2596 et
1784 2541 1843 2596 in

257 2636 487 2693 Datniuo
526 2650 646 2690 esse
672 2633 926 2698 conlisus,
960 2630 1108 2687 dedit
1143 2631 1223 2687 eis
1251 2632 1510 2687 tumorem
1555 2647 1668 2688 suae
1707 2632 1847 2688 divi·

261 2730 472 2793 nitatis,
504 2727 1002 2797 depresseruntque
1023 2738 1215 2782 osores
1243 2738 1373 2780 suos
1396 2724 1498 2805 sub
1526 2723 1727 2795 plantis
1757 2740 1850 2795 pe·

262 2822 391 2878 dum
425 2833 669 2876 auorum.

334 2909 448 2983 Ego
472 2919 676 2977 autem,
698 2907 1038 2966 dilectissimi
1062 2910 1191 2975 mei,
1221 2908 1347 2966 dum
1376 2910 1636 2966 recordor
1657 2911 1849 2967 borum

266 3004 585 3063 certaminis
622 3011 678 3060 et
715 3004 1088 3076 praemiorum,
1117 3001 1315 3072 jubilat
1354 3002 1550 3073 gaudio
1578 3009 1634 3056 et
1663 3001 1851 3057 laetitia

267 3100 491 3171 spiritus
511 3111 685 3158 meus,
703 3105 756 3148 et
778 3109 876 3164 pro
898 3094 1051 3147 vobis
1067 3091 1386 3162 suppliciter
1408 3095 1692 3163 deprecor.
1719 3090 1853 3147 Per-

272 3197 491 3247 maneto
515 3200 645 3256 ergo
676 3186 728 3240 iu
757 3184 1046 3257 patientia,
1089 3193 1144 3239 et
1170 3199 1275 3241 non
1310 3185 1658 3240 infirmentur
1691 3186 1855 3239 corda
1882 3162 1925 3220 C

268 3295 453 3342 vestra
502 3282 561 3337 in
594 3279 796 3336 vestris
831 3276 1270 3348 calamltatibus;
1312 3280 1409 3336 sed
1460 3277 1668 3350 gratias
1708 3277 1857 3349 agite

267 3391 370 3450 pro
396 3373 521 3441 illis,
543 3380 607 3427 ut
636 3372 916 3443 praemium
952 3371 1141 3426 seratis
1166 3386 1263 3441 pro
1294 3372 1375 3429 eis
1399 3386 1431 3425 a
1471 3369 1718 3426 Domino.
1744 3369 1855 3427 iios

267 3462 484 3535 quidem
534 3474 816 3517 sermones
867 3459 1063 3531 scripsi
1116 3460 1293 3528 robis,
1353 3459 1554 3516 fratres
1609 3460 1749 3526 mei,
1801 3468 1859 3515 et

265 3555 520 3610 omnibus
558 3552 940 3609 invocantibus
983 3566 1180 3608 nomen
1223 3552 1460 3619 Domini,
1491 3561 1552 3607 ut
1591 3552 1664 3609 sit
1703 3553 1856 3609 vobis

267 3646 522 3701 omnibus
547 3661 676 3716 pax,
702 3652 758 3699 et
787 3643 1010 3708 veritas,
1036 3655 1094 3700 et
1122 3645 1365 3701 charitas
1394 3643 1516 3711 Dei,
1546 3653 1616 3725 εεις
1631 3645 1850 3702 dilectio

266 3736 338 3792 ad
370 3737 638 3804 invicem;
674 3745 732 3791 et
761 3750 830 3791 ne
857 3737 969 3792 sint
996 3737 1142 3791 inter
1175 3751 1273 3793 vos
1305 3737 1615 3802 contentio,
1643 3736 1727 3792 vel
1757 3753 1856 3792 su-

266 3832 528 3892 surratio,
570 3838 666 3883 aut
704 3827 860 3883 male
905 3829 1287 3897 cogitationes,
1332 3837 1429 3884 aut
1479 3829 1712 3896 seditio,
1758 3841 1853 3886 aut

272 3928 462 3975 ntutua
499 3935 697 3989 pugna,
731 3929 825 3975 aut
850 3921 1240 3988 cmundietio,
1266 3931 1362 3978 aut
1384 3921 1526 3977 mala
1558 3923 1851 3991 aemulatio,

272 4016 370 4062 aut
394 4007 761 4064 inobedientia
783 4050 798 4075 ,
825 4018 920 4065 aut
949 4012 1200 4081 superbia
1224 4051 1241 4079 ,
1277 4023 1372 4067 aut
1405 4013 1622 4082 injuriat
1664 4015 1716 4070 in
1748 4015 1851 4070 lto·

271 4097 467 4165 mines,
497 4106 593 4152 aut
625 4100 829 4168 irrisio,
875 4111 972 4157 aut
999 4100 1361 4169 adulterium,
1394 4112 1491 4158 aut
1527 4104 1708 4162 inanis
1733 4105 1851 4177 glo·

269 4187 366 4246 τίω
407 4203 582 4259 amor,
608 4202 703 4246 aut
726 4193 940 4262 odium,
977 4203 1076 4250 aut
1117 4195 1557 4264 concupiscentia
1600 4198 1854 4266 pulchro-

268 4294 391 4336 rum
416 4283 872 4340 vestimentorum
887 4285 1160 4356 corporis,
1187 4295 1276 4339 aut
1302 4293 1502 4342 mutuae
1528 4289 1850 4350 inimicitiae.

270 4368 568 4428 infelicitas
600 4383 789 4430 autem
833 4391 954 4432 mee
1003 4377 1226 4446 supplex
1267 4390 1364 4433 vos
1406 4379 1766 4450 deprecatur,
1793 4391 1855 4439 ut

1943 1896 2341 1966 Quamobrem,
2390 1890 2737 1949 dilectissimi
2803 1890 2975 1957 mei,
3024 1892 3080 1949 si
3139 1892 3259 1950 bac
3306 1892 3422 1949 inter
3450 1905 3502 1947 ιι

1942 1992 2072 2046 olim
2107 1995 2479 2047 consummata
2510 1992 2660 2048 suut,
2684 1999 2763 2042 ex
2807 2000 2982 2042 nune
3019 1997 3245 2053 eavete,
3281 1995 3504 2044 ueexstn

1945 2084 2087 2139 inter
2115 2096 2232 2147 ros,
2259 2095 2359 2136 nec
2388 2093 2450 2135 ea
2493 2077 2653 2134 vobis
2688 2076 3014 2135 dominari
3049 2081 3384 2150 permittatis.
3400 2077 3501 2136 Stis·

1946 2178 2015 2230 tis
2044 2175 2208 2231 etiam
2245 2172 2388 2245 quod
2419 2172 2532 2228 dies
2557 2170 2688 2227 vitae
2723 2179 2974 2227 nostrae
3007 2172 3501 2244 paucissimisia13it

1949 2267 2053 2323 illis
2083 2275 2265 2321 tamen
2298 2264 2365 2319 ad
2393 2262 2684 2320 Dominum
2726 2275 2765 2318 a
2807 2264 3058 2322 nostris
3133 2265 3354 2338 peccetis
3378 2264 3498 2334 resipi-

1947 2358 2207 2416 scendum
2227 2355 2387 2413 nobis
2428 2364 2547 2422 est,
2593 2370 2666 2411 ne
2712 2356 3157 2428 apprehendat
3209 2372 3301 2414 nos
3331 2354 3491 2412 tranni-

1948 2450 2124 2520 gratio
2155 2448 2285 2503 hine
2313 2446 2441 2502 illuc
2461 2487 2478 2515 ,
2511 2445 2669 2502 nobis
2697 2446 3204 2520 inopinantibus,
3225 2466 3326 2507 cun
3344 2450 3475 2504 icer-

1948 2540 2086 2597 verti
2125 2554 2467 2611 nequaquam
2513 2538 2862 2611 poterimus.
2904 2541 3205 2601 Videmus
3245 2544 3461 2600 ednotu-

1952 2635 2249 2707 migrantes
2296 2636 2364 2690 ad
2412 2648 2510 2689 nos
2561 2647 2668 2689 non
2737 2636 3032 2704 reverti3
3085 2653 3198 2695 nos
3246 2631 3470 2709 ιμμιῑε

1952 2731 2101 2785 nime
2132 2742 2319 2783 eorum
2362 2733 2758 2797 exspectamus
2803 2728 3112 2800 reditum,
3153 2733 3252 2790 sed
3289 2725 3486 2796 mutu-i

1951 2828 2371 2892 exspectamus:
2399 2818 2542 2890 quod
2576 2823 2717 2874 sane
2749 2822 3086 2879 sancitum
3111 2833 3196 2882 est
3219 2818 3496 2879 omnib-sb·

1955 2913 2193 2971 minibus
2229 2913 2389 2984 liujus
2430 2910 2647 2975 mundi,
2685 2910 2763 2968 ab
2799 2913 2997 2973 initio
3030 2929 3196 2990 usqae
3231 2915 3297 2971 ad
3320 2926 3500 2971 coasu-

1956 3007 2274 3065 utationem.
2340 3006 2553 3076 Quare,
2606 3003 2998 3066 dilectissimi
3057 3010 3201 3075 mei,
3237 3014 3443 3081 oportet·
3473 3011 3504 3059 ⁸

1964 3117 2125 3158 nemo
2176 3110 2424 3159 nostrum
2481 3114 2594 3157 suae
2635 3099 2922 3160 stultitiae
2975 3105 3153 3178 copia
3197 3103 3441 3176 glot-ieter.
3471 3106 3506 3152 tt

1960 3197 2105 3255 dieat
2154 3195 2466 3254 :Praevalui
2515 3195 2793 3252 adversus
2859 3201 3106 3257 socium
3163 3190 3503 3267 uteunmeed

1958 3300 2205 3356 parcam.
2239 3285 2395 3343 Sciat
2431 3285 2580 3343 enim
2631 3285 2746 3343 boc
2795 3287 3026 3347 diceus
3062 3301 3124 3349 et
3151 3292 3388 3363 cogitans,
3419 3282 3501 3357 Μ

1958 3379 2185 3434 tradidit
2231 3379 2393 3436 mot-ti
2439 3376 2837 3434 fortitudinem
2899 3382 2972 3440 in
3023 3385 3276 3447 animam
3310 3388 3498 3439 nanu·

1959 3481 2106 3536 tum;
2144 3480 2197 3525 et
2234 3470 2341 3524 erit
2383 3468 2674 3526 ltaereditas
2726 3471 2899 3529 illius
2928 3514 2948 3542 ,
2991 3475 3163 3534 locus
3199 3474 3405 3532 nenne
3429 3467 3488 3525 tvi

1956 3561 2106 3618 doris
2139 3559 2416 3625 dentium,
2462 3568 2517 3615 et
2562 3561 2858 3618 vermium
2911 3580 3044 3622 non
3096 3566 3477 3627 dormienti-st

1958 3650 2421 3724 inexstinguibilis
2448 3651 2607 3723 ignis.

2027 3742 2123 3800 His
2150 3744 2334 3814 itaque
2365 3758 2397 3799 a
2435 3742 2590 3799 uobis
2623 3745 2921 3817 coguitis,
2955 3740 3438 3811 dilectissimis*

1953 3845 2227 3891 certemus
2263 3836 2387 3892 dum
2427 3849 2614 3891 sumus
2641 3834 2702 3889 iu
2737 3837 2860 3894 boc
2909 3856 3201 3915 corpore,
3230 3853 3283 3901 es
3308 3838 3434 3901 au!

1956 3936 2263 3983 nostrarum
2325 3926 2637 3983 tulueribus
2694 3931 3098 4005 medeamur,
3159 3930 3454 4003 anteum*

1955 4030 2166 4092 tempus
2187 4019 2427 4092 effugiat.
2453 4019 2650 4075 Etsint
2685 4019 2818 4078 ltaec
2860 4025 3035 4083 dicta
3067 4029 3185 4086 lixa
3216 4031 3270 4086 itt
3311 4022 3465 4084 ium

1955 4113 2057 4170 bus
2103 4113 2321 4181 uostris,
2367 4123 2422 4169 et
2459 4129 2521 4170 ea
2555 4127 2980 4186 exsequantur
3032 4135 3177 4181 ante
3219 4121 3472 4197 separant*

1956 4208 2259 4263 animat-um
2314 4216 2623 4262 nostrarum
2670 4221 2705 4263 e
2746 4218 3129 4283 corporibus
3169 4218 3352 4275 nostda
3379 4203 3475 4277 ὄψ’·

1957 4301 2079 4356 dent
2120 4298 2380 4354 Dominus
2420 4307 2605 4354 ttostet·
2645 4297 2833 4368 judex
2870 4304 3088 4374 justus
3131 4304 3477 4369 mitani&-

1956 4407 2107 4461 suos,
2138 4402 2193 4447 et
2242 4391 2652 4462 apprehendent
2690 4392 2982 4456 animam
3005 4443 3025 4469 ‚
3076 4414 3142 4459 et
3175 4399 3416 4476 separatu!
3438 4385 3478 4440 Β·

269 4462 405 4521 nibil
438 4465 633 4520 barum
662 4468 939 4524 actionum
971 4470 1164 4524 sinatis
1197 4469 1340 4526 luter
1373 4487 1469 4527 vos
1508 4475 1562 4528 in
1600 4472 1720 4531 loco
1761 4491 1853 4533 ve·
1890 4521 1933 4576 n
1959 4483 2066 4537 lam
2121 4497 2150 4535 a
2197 4481 2360 4538 domo
2408 4481 2510 4538 bac
2561 4480 2733 4538 lutea.
2802 4486 3185 4569 Quicunque
3222 4502 3351 4551 am
3380 4495 3468 4538 ω’·

266 4563 396 4609 strae
421 4556 797 4615 habitationis.
822 4558 960 4614 Nam
990 4559 1046 4615 in
1072 4576 1404 4633 quacunque
1431 4567 1850 4638 congregatione

265 4643 350 4700 lta
377 4656 597 4702 exstant
630 4648 913 4718 actiones,
954 4652 1222 4709 innabitat
1265 4655 1338 4710 ibi
1382 4657 1462 4711 ira
1504 4658 1741 4719 Domini.
1783 4660 1850 4716 Et

265 4738 491 4807 sciatis,
527 4740 749 4808 fratres,
793 4743 941 4810 quod
993 4745 1103 4799 vita
1154 4754 1338 4803 nostra
1391 4749 1446 4804 in
1493 4750 1596 4808 ltoe
1647 4753 1850 4810 mundo

265 4828 589 4887 brevissima
633 4842 752 4900 est3
785 4835 906 4890 ideo
944 4836 1010 4890 de
1049 4836 1135 4890 illa
1167 4840 1421 4909 satagite,
1463 4851 1519 4896 et
1560 4843 1726 4900 nolite
1757 4859 1851 4901 ne·

263 4921 533 4994 eligentes
572 4937 720 4994 esse,
766 4940 840 4981 ne
869 4925 1081 4983 incidat
1114 4937 1297 4985 vestra
1340 4934 1745 5005 transmigratio
1779 4937 1848 4995 ab

264 5014 370 5070 bae
395 5016 507 5071 vita
550 5015 783 5072 invicem
829 5017 1214 5089 irascentibus,
1253 5036 1318 5077 at:
1352 5033 1636 5094 propterea
1677 5029 1851 5085 bomi-

271 5103 399 5162 :tetis
433 5109 888 5163 ‚adnumeremini
941 5112 1238 5168 secundum
1280 5113 1626 5185 scripturam
1673 5137 1688 5174 ε
1740 5120 1849 5187 Qui

251 5196 384 5290 'mio
414 5197 572 5252 habet
607 5199 828 5270 fratrem
853 5215 1006 5254 suum
1029 5240 1047 5267 ,
1074 5201 1343 5272 homicida
1362 5214 1442 5261 eat
1464 5205 1533 5262 ⁸⁸.
1568 5206 1703 5275 Quae
1731 5210 1852 5280 qui·

267 5286 383 5342 ιῑαιι
428 5289 574 5345 dicta
606 5305 673 5346 ac
698 5301 979 5362 praeeepta
1014 5310 1121 5351 uon
1155 5298 1223 5353 ad
1254 5300 1552 5357 monachos
1581 5302 1851 5359 duntaxat

264 5385 316 5431 et
351 5374 596 5464 rirgines
650 5389 936 5451 spectant,
981 5384 1075 5440 sed
1108 5395 1164 5442 et
1197 5386 1266 5443 ad
1297 5402 1490 5446 omnes
1535 5391 1725 5449 fideles
1754 5393 1849 5464 qui

260 5467 550 5525 nobiseum
595 5476 1002 5533 oommtmieaut
1033 5477 1088 5534 in
1122 5478 1372 5539 Ecclesia
1411 5480 1627 5540 Domini
1670 5486 1845 5542 nostri

258 5557 385 5618 Jcsu
417 5559 621 5621 Christi
645 5565 942 5626 universali
970 5572 1293 5643 apostolica.
1319 5573 1476 5632 Nunc
1503 5577 1708 5649 itaque,
1735 5577 1850 5636 sra-

315 5757 362 5795 ”
389 5763 417 5825 l
449 5764 616 5831 Joao.
663 5787 751 5846 nt,
797 5770 888 5832 15.

1962 4572 2371 4643 prehenduntut·
2399 4582 2527 4627 tune
2554 4586 2669 4627 suoe
2708 4573 2944 4637 salutis
3000 4581 3460 4644 intime-uua&

1961 4665 2230 4721 vabuntur
2256 4665 2310 4720 in
2338 4664 2579 4720 tenebris
2605 4665 3032 4732 exterioribus
3073 4680 3148 4738 ad
3166 4660 3479 4735 munil-

1901 4802 1909 4810 .
1959 4757 2069 4813 lum
2099 4758 2263 4824 diem,
2290 4767 2344 4814 et
2367 4758 2536 4813 exibit
2571 4758 2624 4813 in
2653 4758 2778 4814 illos
2820 4777 3050 4825 amara
3095 4761 3440 4829 fluentum
3458 4761 3501 4808 θ*

1959 4851 2242 4906 tradentur
2266 4851 2561 4907 tortoribus
2599 4850 3220 4933 immisericordibus,
3241 4864 3515 4952 ete-remu

1959 4942 2233 5014 prael'ectis
2286 4944 2538 5014 (quibus
2593 4943 2741 5000 nulla
2811 4948 2987 5010 inest
3029 4957 3264 5029 piem.)
3307 4914 3515 5011 munti-⁸

1961 5037 2223 5092 custodiae
2252 5035 2397 5091 illius
2444 5035 2587 5108 ignis
2624 5035 2777 5106 pleni
2828 5049 3144 5105 tre-mium
3192 5050 3281 5123 qui
3321 5060 3408 5105 tm
3437 5030 3514 5115 «tati

1961 5131 2136 5184 miunt
2164 5171 2179 5197 ,
2239 5143 2341 5185 nec
2376 5144 2485 5185 non
2532 5130 2910 5193 tenebrarum
2944 5144 3302 5202 exteriorum
3339 5148 3387 5196 et
3418 5147 3508 5191 tt*

1951 5219 2163 5275 sionum
2202 5219 2424 5292 frigoris
2448 5220 2732 5290 plenarum
2761 5234 2831 5280 et
2863 5226 3125 5301 algoris.
3165 5234 3269 5303 Qui
3297 5224 3516 5288 autenti

1951 5310 2265 5366 crudelibus
2300 5311 2605 5378 tradentur,
2629 5313 3036 5385 projicientur
3071 5328 3133 5383 fin
3168 5342 3236 5383 a
3263 5326 3371 5381 tom
3405 5336 3430 5374 a
3453 5316 3520 5370 net

1952 5402 2345 5468 remotissima,
2381 5412 2440 5458 ut
2478 5403 2784 5462 vindictam
2829 5425 3086 5474 summ
3120 5421 3196 5476 de
3223 5419 3344 5477 iuis,

2021 5491 2175 5548 Tunc
2223 5492 2468 5565 mugient
2494 5491 2621 5549 fletu
2649 5503 2709 5550 et
2752 5497 3138 5566 elamoribus
3167 5520 3230 5566 et
3257 5507 3443 5581 plorata
3469 5502 3524 5549 δὶ-

1949 5597 2058 5653 que
2088 5583 2318 5654 ululatu,
2365 5600 2464 5643 nec
2496 5599 2590 5644 eos
2622 5591 2938 5652 exaudient
2986 5609 3096 5657 aut
3139 5600 3513 5659 miserebantu-

1002 5773 1055 5851 .”
1095 5770 1239 5836 ΠΝ·
1278 5789 1364 5848 Ἧι
1390 5772 1491 5833 3¹³7·
1564 5775 1584 5809 ³
1627 5775 1836 5851 Eunu.
1877 5793 1963 5849 w,
1988 5779 2093 5837 ἵζ’».
