3725 6125
166 5176 198 5220 *t

236 288 336 347 ⁴30

1249 289 1597 347 Nssussstus
1634 289 2017 351 Episcopus
2054 292 2440 349 EMESENUS.
3393 301 3502 354 500

234 399 408 479 tiusin
453 399 660 473 Pelagii
683 410 741 457 et
771 400 1001 457 Cael«·stii
1046 415 1210 454 cansa
1244 401 1483 473 Diospoli
1513 404 1814 460 Paltestinae
1846 416 1889 467 Α
1998 408 2149 474 Quod
2191 408 2257 461 ad
2292 405 2582 460 editionem
2618 398 2787 476 ips'am
2828 408 3057 473 attinet,
3101 407 3326 463 brevitet
3374 428 3503 481 pro-

234 490 615 577 relrbrabatur
675 509 688 544 ε
741 492 1009 545 maturius
1071 492 1236 545 etiam
1297 494 1706 566 Hierosolymis,
1739 498 1813 577 ‘si

235 582 426 637 orosio
459 582 594 639 lides
656 583 707 635 iu
765 581 946 636 libello
982 581 1061 636 De
1089 585 1302 639 arbitrii
1329 586 1571 642 libertate
1610 588 1683 643 ita
1739 597 1816 643 te-

235 673 420 728 stanti.
992 720 999 728 .

303 765 443 841 Quin
470 774 528 819 et
565 767 844 821 mantissa!
887 765 1007 821 loco
1041 767 1240 825 addere
1298 769 1505 836 licebit,
1547 772 1815 844 siquidem

237 868 358 922 post
385 864 639 924 quartum
694 856 952 913 saeculum
988 860 1388 934 προῦπάρξεως
1434 863 1626 934 dogma
1678 862 1818 918 male

237 946 288 1000 in
324 944 568 1001 Ecclesia
595 946 786 1003 andire
808 949 998 1018 coepit,
1032 959 1088 1005 et
1123 953 1341 1007 tandein
1377 950 1670 1008 «iustiniani
1700 968 1815 1007 :evo

233 1054 265 1090 a
311 1038 521 1109 synodo
547 1038 1141 1110 Constantinopolitano
1188 1058 1414 1114 prorsus
1436 1044 1815 1112 damnabatur,

235 1130 350 1186 neri
382 1145 490 1185 non
526 1141 728 1201 potest,
758 1141 818 1188 ut
847 1133 919 1188 ita
949 1149 1143 1191 secure
1173 1136 1239 1191 de
1280 1136 1369 1191 illo
1402 1137 1816 1207 philosophare-

205 1205 326 1276 'tur
350 1220 658 1288 Nemesius,
688 1224 734 1280 si
770 1225 1062 1297 quidquam
1088 1241 1150 1282 ea
1178 1241 1245 1283 ex
1281 1238 1460 1298 parte,
1490 1229 1578 1283 illa
1607 1238 1816 1300 tempe-

231 1323 396 1378 state,
418 1331 523 1387 qua
549 1317 596 1371 is
625 1318 939 1387 scripserat,
977 1318 1170 1375 fuisset
1204 1320 1511 1376 delinitum.

306 1405 416 1461 Sed
461 1406 530 1462 de
568 1416 789 1462 auctore
819 1418 1005 1464 nostro
1031 1410 1300 1466 hactenns
1328 1429 1344 1478 ;
1373 1412 1440 1467 de
1463 1412 1671 1483 scripto
1700 1413 1818 1483 ipso

236 1496 490 1552 nonnulla
517 1509 811 1570 supersunt
841 1500 1092 1556 dicenda.
1127 1498 1194 1555 Et
1223 1502 1442 1572 quidem
1473 1505 1518 1560 si
1566 1503 1817 1560 lectionis

235 1591 496 1656 varietaS,
530 1593 822 1647 verborum
858 1592 1118 1659 delectus,
1157 1593 1426 1649 rationum
1473 1598 1706 1665 pondus,
1728 1595 1819 1665 ju·

235 1681 358 1736 dieii
387 1692 568 1748 tenor,
617 1683 857 1738 methodi
912 1687 1071 1749 ordo,
1097 1687 1402 1757 disputandi
1445 1685 1696 1751 acumen,
1725 1700 1817 1741 ar·

152 1788 175 1812 κ
236 1773 473 1838 gumcnti
524 1772 742 1827 demum
791 1771 1049 1844 dignitas,
1079 1785 1134 1830 et
1165 1775 1331 1846 (quod
1376 1775 1443 1828 ad
1471 1775 1701 1846 gratiam
1726 1774 1814 1829 in·
1848 1759 1892 1815 B

236 1862 463 1917 eundatn
507 1878 614 1919 non
657 1864 793 1919 levis
821 1872 905 1919 est
940 1867 1222 1938 momenti)
1258 1881 1471 1921 summa
1501 1881 1623 1920 cum
1652 1866 1815 1921 rebus

236 1954 438 2010 nostris
488 1956 856 2017 necessitudo,
911 1966 1198 2013 tractatum
1235 1957 1470 2028 aliquem
1520 1955 1816 2013 lectoribus

235 2046 349 2101 suis
371 2046 662 2106 conciliare
688 2050 920 2118 putcrit;
958 2052 1142 2121 utique
1168 2049 1257 2105 bic
1280 2049 1442 2105 fuerit
1475 2050 1631 2121 longe
1666 2046 1824 2104 corn·'

236 2138 692 2196 mendatissitnus.

308 2233 539 2289 Unicum
594 2235 674 2288 vel
732 2236 911 2291 adhuc
964 2235 1158 2301 omisi,
1216 2235 1320 2292 boc
1371 2245 1548 2295 tamen
1612 2234 1816 2291 saecnto

236 2323 460 2381 minime
486 2327 921 2396 praetereundum
953 2344 967 2382 ε
1003 2326 1048 2381 si
1081 2326 1133 2381 in
1166 2326 1507 2398 philosophia
1543 2325 1812 2391 naturali,

238 2416 501 2473 medicina
560 2429 615 2473 et
667 2428 923 2475 anatome
976 2419 1192 2475 inventa
1237 2434 1374 2474 nova
1459 2418 1526 2473 ad
1577 2419 1814 2488 palatum

236 2505 478 2573 iaciant,
525 2522 625 2563 nec
663 2507 764 2562 bac
815 2522 879 2563 ex
919 2516 1074 2577 parte
1111 2506 1481 2562 destituimur.
1535 2507 1812 2563 liabemus

239 2594 331 2651 hie
379 2604 617 2665 praesto,
650 2604 706 2650 et
730 2597 856 2666 jure
888 2594 1086 2649 merito
1120 2607 1219 2662 pro
1247 2594 1447 2648 nostris
1479 2593 1817 2649 vindicamus

239 2702 304 2739 ea
329 2723 350 2750 ,
378 2695 604 2757 propter
638 2700 759 2756 quae
792 2685 1026 2756 pridiani
1075 2684 1281 2753 aliquot
1334 2685 1388 2740 in
1438 2700 1498 2741 re
1551 2686 1816 2740 litteraria

240 2763 432 2832 heroes
469 2776 668 2832 cristas
699 2777 956 2847 erigunt,
1005 2785 1062 2831 et
1100 2776 1460 2830 :eternitatem
1497 2774 1816 2831 nominibus

238 2866 352 2921 suis
400 2864 671 2938 spondent
712 2845 1119 2937 postulantque.
1146 2861 1506 2919 Doctissimus
1554 2860 1798 2933 Sylvius,

241 2974 292 3012 tu
320 2956 783 3027 disputationibus
811 2956 1042 3012 medicis
1084 2970 1199 3030 „non
1236 2956 1310 3010 ita
1351 2953 1562 3023 pridem
1610 2953 1809 3018 editis,

240 3067 361 3106 cnm
396 3048 727 3108 adversariis
756 3050 1080 3122 quibusdam
1109 3048 1245 3104 satis
1268 3048 1473 3105 acriter
1500 3046 1814 3112 contendit,

244 3143 351 3198 utri
385 3159 450 3199 cx
483 3143 550 3198 iis
580 3140 1256 3217 hypotheseos—cujusdam
1287 3141 1410 3220 laus
1440 3148 1497 3195 et
1527 3140 1720 3205 decus,
1753 3140 1819 3195 de
1846 3116 1893 3174 c

249 3250 349 3290 usu
376 3232 502 3291 bitis
527 3235 583 3290 in
614 3232 940 3305 corporibus
973 3231 1369 3301 animantium,
1410 3228 1853 3314 dalmaturblits,
1883 3280 1888 3285 .

1924 500 2102 565 litcor,
2150 514 2236 552 me
2292 498 2342 552 id
2391 498 2601 567 egisse,
2657 509 2716 553 ut
2758 498 2957 555 librum
3002 501 3314 571 egregium,
3366 519 3507 572 pan-

1923 590 2006 645 cis
2069 588 2359 644 admodum
2407 589 2714 659 cognitum,
2765 598 2953 645 etant
3004 592 3112 647 situ
3157 594 3507 665 tenebrisque

1922 683 2198 747 obsitum,
2250 692 2343 735 aut
2391 682 2583 737 saltem
2636 682 2688 735 itt
2751 681 2972 737 Petrum
3022 683 3347 741 Bibliotheca
3402 691 3507 744 sub

1923 781 2073 827 arcta
2131 771 2376 828 custodia
2435 772 2712 837 habitum,
2773 782 2828 828 et
2884 775 3134 830 servilem
3189 777 3241 832 in
3291 794 3506 834 morem

1921 873 2270 932 catenatum,
2305 864 2555 921 libertate
2596 867 2853 921 donarem
2881 905 2897 930 ,
2938 877 2992 922 et
3031 870 3287 925 stttdiosae
3307 871 3500 938 juven-

1927 958 2057 1012 tutis
2093 956 2350 1012 familiari
2391 958 2664 1013 convictui
2710 960 3146 1014 commendatum
3195 964 3503 1020 redderem.

1925 1046 2184 1114 Quinirno
2211 1047 2456 1102 luxatum
2486 1062 2649 1111 eum,
2678 1048 2988 1120 saepiusque
3032 1050 3313 1120 mutilum,
3360 1057 3505 1110 duo-

1921 1154 2044 1194 rum
2091 1154 2225 1195 mss.
2253 1153 2355 1209 ope
2379 1179 2395 1204 ,
2430 1154 2532 1194 nec
2562 1154 2669 1198 non
2705 1151 2988 1195 auctorum
3016 1142 3333 1211 collatione,
3365 1163 3510 1217 qnos

1925 1241 2015 1285 ant
2048 1232 2164 1302 ipse
2191 1231 2395 1301 passim
2425 1231 2640 1296 laudat,
2669 1242 2759 1287 aut
2788 1233 2878 1303 qui
2907 1233 3081 1303 ipsum
3108 1238 3503 1308 compilarunt,

1924 1322 2156 1378 subinde
2185 1323 2528 1379 restituerem
2559 1340 2575 1389 ;
2624 1323 2895 1378 recensita
2929 1324 3257 1394 aliquando,
3292 1327 3380 1382 ubi
3416 1344 3508 1383 res

1924 1414 1974 1467 iel
2004 1400 2243 1470 maxime
2277 1412 2617 1483 postulabat,
2649 1424 2705 1470 et
2735 1429 2833 1483 per
2873 1416 3045 1471 otium
3077 1417 3265 1485 licuit,
3310 1418 3503 1475 Latina

1921 1505 2205 1572 versione,
2270 1503 2497 1574 adjectis
2546 1507 2711 1561 etiam
2759 1507 3081 1578 quibusdam
3132 1512 3504 1567 annotationi-

1924 1598 2029 1653 bus
2063 1613 2079 1663 ;
2113 1612 2235 1668 quoe
2258 1597 2439 1651 omnia
2490 1599 2678 1668 quanti
2718 1599 2829 1654 sint
2879 1600 3059 1671 pretii,
3116 1611 3356 1658 nostrum
3394 1620 3502 1660 non

1931 1689 2095 1746 suerit
2129 1690 2506 1761 pronuntiare.

2000 1802 2055 1860 ts
2093 1816 2233 1858 terte
2263 1815 2375 1858 erat
2411 1813 2597 1859 auctor
2628 1814 2823 1871 noster,
2852 1808 2944 1877 qui
2967 1806 3186 1863 editoris
3218 1808 3504 1880 diligentis·

1930 1895 2052 1950 simi
2079 1912 2236 1949 curm
2261 1895 2488 1967 exigeret
2513 1912 2536 1948 .·
2565 1912 2667 1949 non
2706 1897 2888 1966 quales
2917 1913 3046 1954 meae
3085 1899 3294 1969 [nerant
3314 1940 3330 1967 ,
3362 1901 3504 1955 alio·

1927 2001 2043 2040 rum
2066 1987 2305 2041 arbitriis
2328 1996 2575 2057 perpetuo
2608 1987 2848 2041 obnoxia·
2868 2032 2882 2056 ‚
2914 1997 2962 2042 et
2994 1990 3215 2058 proinde
3244 1992 3505 2047 inter-ciue

1925 2095 2146 2147 semper,
2177 2089 2227 2132 et
2256 2078 2583 2134 desultoria!-

1994 2216 2066 2271 At
2104 2214 2242 2285 oeqni
2276 2214 2512 2284 bonique
2546 2216 2793 2273 consulat
2824 2218 3033 2274 amicus
3059 2218 3249 2286 lector,
3277 2230 3332 2276 et
3362 2221 3509 2278 inter

1927 2306 2211 2377 legendum
2246 2306 2445 2377 saepius
2476 2305 2820 2372 meminerit,
2849 2322 3003 2362 suam
3035 2308 3125 2364 bic
3153 2309 3353 2380 ubique
3386 2326 3504 2366 rem

1925 2399 2010 2469 agi
2042 2416 2058 2466 ;
2095 2398 2216 2453 scil.
2250 2397 2339 2452 hic
2367 2398 2466 2453 loci
2513 2397 2796 2465 exhiberi,
2824 2414 2933 2453 non
2979 2398 3357 2456 Cartesiannm
3400 2417 3504 2457 an·

1925 2498 2197 2554 tomaton,
2242 2488 2461 2548 timitem
2517 2497 2741 2556 testam,
2792 2489 3097 2560 ligneamve
3157 2493 3503 2556 machinam,

1926 2596 2045 2652 quae
2074 2579 2254 2635 saecnli
2288 2580 2448 2650 hujus
2498 2579 2807 2638 Promethei
2841 2590 2896 2638 et
2919 2582 3142 2640 fabriles
3169 2583 3369 2640 Daedali
3405 2586 3505 2640 lin-

1924 2686 2098 2740 xere3
2144 2672 2237 2727 sed
2275 2671 2450 2726 vivam
2496 2673 2589 2727 Dei
2624 2672 2860 2728 viventis
2890 2673 3180 2745 imaginem
3203 2716 3222 2744 ,
3264 2676 3504 2731 numinis

1925 2764 2314 2832 omnipotentis
2359 2776 2610 2835 ectypum
2641 2784 2658 2833 ;
2714 2779 2835 2834 qum
2895 2767 3079 2821 numdi
3140 2766 3499 2824 architectum

1927 2856 2202 2922 condere,
2254 2856 2547 2929 virumque
2586 2857 2957 2913 Christianum
2996 2859 3311 2920 describere
3336 2899 3352 2926 ,
3392 2876 3501 2914 non

1927 2944 2227 3007 dedeceret’.
2260 2950 2364 3006 Alii
2391 2952 2457 3004 ad
2486 2952 2763 3021 speculum
2794 2966 2856 3007 se
2888 2951 3346 3023 contemplentur,
3387 2954 3505 3023 pal-

1928 3044 2123 3115 pebras
2155 3042 2461 3116 intingant,
2497 3046 2689 3102 dentes
2725 3044 3057 3111 instaurent,
3096 3045 3291 3103 faciem
3333 3047 3505 3102 mesti·

1925 3148 2141 3204 centur,
2181 3137 2535 3212 capillitium,
2575 3138 2774 3208 duplici
2814 3138 3036 3202 nomine
3084 3136 3357 3207 alienum,
3402 3154 3500 3193 ve-

1926 3239 2048 3309 xent
2071 3238 2521 3313 ‘turquea‘ntquoe
2562 3239 2615 3286 tu
2662 3233 2910 3296 interim,
2940 3231 3095 3287 bonae
3128 3227 3328 3287 meniis
3358 3232 3504 3288 Can-

244 3342 344 3396 pax
393 3326 648 3398 deinceps
701 3327 843 3382 inter
900 3341 994 3383 cos
1048 3326 1299 3397 componi
1350 3325 1558 3397 possit,
1610 3325 1820 3389 sciant,
1921 3292 2128 3389 ¹(fidite,-
2154 3321 2220 3376 ad
2248 3306 2764 3392 potittsstmnmtme
2794 3323 3497 3396 aarumpovtetpsumaexr-

208 3411 219 3422 “
247 3419 401 3473 veliin
421 3458 438 3486 ,
466 3434 579 3475 rem
617 3427 784 3475 totam
817 3418 886 3475 ab
917 3427 1139 3476 auctore
1170 3428 1391 3485 nostro,
1424 3427 1551 3475 aute
1578 3403 1726 3474 mille
1769 3427 1825 3473 et

237 3511 546 3568 'tercentum
581 3513 693 3566 lere
723 3527 931 3576 annos,
961 3525 1066 3565 non
1102 3510 1435 3582 propositam
1485 3511 1644 3566 modo
1674 3551 1689 3573 .
1723 3509 1820 3566 sed
1873 3570 1876 3571 ⁷

243 3615 297 3657 nt
321 3613 581 3658 accurate
604 3613 912 3658 enarratam
942 3645 957 3668 ,
987 3604 1163 3673 capite
1193 3603 1448 3660 nimirum
1476 3601 1578 3666 28,
1603 3617 1659 3673 p.
1694 3601 1822 3658 225.

246 3696 306 3750 Si
340 3697 455 3752 haec
488 3701 668 3749 autem
700 3694 904 3750 leviora
934 3695 1238 3762 videantur,
1272 3694 1403 3764 quid
1433 3693 1647 3749 demum
1680 3693 1823 3747 dice·

249 3801 408 3850 runs,
445 3786 488 3840 si
538 3787 677 3841 ratio
721 3785 1092 3841 cit-culationis
1126 3786 1442 3856 sanguinis,
1482 3786 1534 3840 in
1568 3799 1679 3855 qno
1712 3799 1821 3837 uno

247 3881 467 3934 invento
496 3878 752 3934 soeculum
784 3879 886 3933 boc
917 3885 1198 3947 tantopere
1228 3893 1288 3934 se
1331 3877 1482 3933 effert
1509 3918 1525 3943 ,
1574 3875 1826 3931 Nemesio

248 3971 449 4023 dudum
473 3967 768 4041 sitagnita,
794 3968 1083 4038 verbisque
1109 3967 1243 4022 satis
1270 3965 1611 4037 signantibus
1636 3964 1824 4018 adum·

249 4063 402 4115 brata
424 4059 451 4114 ἲ
478 4059 738 4116 Consulat
784 4059 954 4114 lector
982 4074 1102 4129 cap.
1135 4057 1207 4112 u
1229 4098 1246 4124 ,
1276 4073 1331 4127 p.
1361 4055 1498 4120 209,
1530 4064 1587 4111 et
1627 4054 1827 4126 dijudi-

249 4161 366 4216 cet,
403 4145 531 4206 num
566 4161 769 4207 temere
800 4150 917 4207 baec
946 4151 1218 4206 dicantur.
1263 4152 1309 4205 A
1361 4148 1605 4225 pluribus
1640 4160 1828 4202 recen-

251 4246 434 4302 sendis
463 4247 829 4316 supersedeo;
863 4247 967 4303 boc
998 4255 1205 4301 tantum
1238 4258 1382 4301 nune
1407 4242 1617 4314 agimus
1636 4282 1652 4308 ,
1682 4243 1826 4312 quod

250 4337 484 4406 propolae
513 4337 748 4406 faciunt,
785 4340 876 4411 qni
902 4338 1168 4394 Attalicas
1197 4346 1375 4394 vestes
1409 4348 1462 4391 et
1493 4335 1700 4390 Milesia
1730 4350 1826 4405 pe·

253 4428 562 4484 ristromata
596 4431 803 4486 venalia
833 4441 1185 4502 proponunt:
1225 4429 1417 4498 tapetis
1451 4426 1678 4498 alicujus
1703 4442 1828 4496 oras

1927 3428 2058 3483 gas.
2099 3414 2348 3485 corporis
2385 3427 2552 3483 opes,
2593 3414 2790 3472 atiitnae
2822 3417 3240 3494 praerogativas,
3275 3421 3487 3481 μείω-ω

1926 3505 2196 3561 nniversae
2224 3505 2403 3561 dotem
2431 3545 2447 3571 ,
2482 3506 2533 3560 in
2565 3505 2777 3562 tabulas
2801 3517 2967 3577 atque
2999 3520 3217 3565 censum
3241 3501 3476 3560 reterns:

1926 3596 2232 3667 pudeatque
2256 3597 2497 3654 divinum
2523 3598 2723 3654 animal
2746 3639 2760 3662 ,
2785 3599 2983 3655 summi
3013 3596 3276 3664 numinis,
3301 3595 3481 3650 mundi

1927 3688 2195 3753 universi,
2229 3690 2485 3761 quodque
2514 3691 2623 3747 illis
2661 3692 2967 3761 proximum
2994 3732 3010 3759 ,
3045 3692 3127 3748 sui
3156 3690 3320 3760 ipsius
3358 3703 3484 3744 con-

1930 3778 2261 3849 templationi
2300 3790 2509 3847 natum,
2562 3781 2629 3835 ad
2662 3783 2942 3837 brutorum
2973 3782 3151 3841 studia
3179 3793 3237 3838 et
3266 3781 3494 3838 delecta·

1929 3878 2109 3926 menta
2166 3870 2520 3927 des-rendere.
2574 3870 2715 3939 Quin
2755 3873 2970 3941 dignam
3009 3871 3285 3928 natalibus
3319 3885 3500 3927 sumas

1928 3959 2282 4032 superbiain;
2325 3962 2550 4025 divitiis,
2591 3962 2908 4028 bonoribus,
2943 3963 3338 4032 voluptatibus,
3373 3976 3498 4017 cor-

1929 4041 2188 4121 porisque
2226 4051 2500 4108 illecebris
2536 4052 2951 4123 quibuscunque
2987 4053 3217 4123 insuper
3256 4054 3489 4119 habitis,

1930 4142 2215 4198 veritatem
2246 4153 2302 4206 et
2325 4131 2589 4199 ‘virtutem
2622 4144 2834 4199 ambias
2866 4145 3026 4200 unice
3059 4152 3115 4199 et
3146 4144 3500 4200 consecteris.

1930 4231 2161 4287 Tantum
2198 4242 2249 4288 te
2278 4233 2331 4287 in
2366 4233 2592 4287 scientia
2627 4233 2923 4304 profecisse
2961 4232 3150 4290 credas
3172 4272 3189 4300 ,
3232 4243 3498 4299 quantum

1932 4325 1984 4378 in
2017 4321 2262 4379 moribus
2298 4321 2468 4379 fueris
2504 4326 2882 4394 emendation
2924 4340 2989 4380 eo
3028 4339 3197 4396 usque
3236 4325 3497 4390 doctum,

1933 4418 1985 4470 in
2024 4426 2283 4487 quantum
2324 4417 2524 4472 bonum
2554 4440 2571 4486 ·,
2612 4418 2684 4473 ita
2716 4417 3123 4488 philosophum,
3156 4425 3216 4472 ut
3242 4417 3501 4473 Christia-

255 4517 632 4588 llmbriamqne
659 4521 1034 4585 ostendimus,
1068 4536 1171 4578 non
1208 4518 1481 4576 volumina
1511 4517 1694 4573 omnia
1727 4517 1828 4572 ob·
1859 4539 1905 4595 ι)
1935 4523 2083 4562 wlm-
2143 4505 2405 4574 Pafeffles
2452 4507 2670 4576 (ividem
2730 4509 2897 4564 Ιὶθῦῑΐῑ
2955 4514 3285 4578 lll'ffllfflfflera
3333 4505 3451 4574 8¹¹¹=¹
3481 4545 3497 4570 ν

245 4608 466 4680 jicimus
496 4621 550 4666 et
582 4610 934 4678 explzcamus.

325 4701 591 4756 Audacter
620 4703 881 4771 dixerint,
917 4707 1153 4778 quiaquia
1194 4705 1536 4774 hypomnemo
1582 4704 1680 4755 hoc
1723 4717 1824 4754 non

252 4811 469 4865 prorsus
505 4796 825 4869 negligenter
856 4799 1138 4862 evolverit,
1173 4813 1291 4851 enm
1324 4795 1554 4862 plurimu
1587 4804 1824 4864 repertu·

254 4902 406 4953 rtem,
434 4903 599 4960 eaque
629 4903 732 4941 riou
761 4887 888 4942 levis
914 4892 1160 4943 momenti
1178 4931 1194 4956 ,
1224 4904 1342 4960 q-ttoe
1370 4888 1512 4956 opud
1542 4885 1826 4941 neotericos

255 4978 532 5048 magistros
552 5019 569 5044 ,
617 4979 806 5049 quibua
833 4978 1063 5034 solemne
1088 4978 1313 5034 liabetur
1347 4977 1576 5032 scribere
1602 4988 1824 5045 semper,

259 5082 522 5133 tttttttmam
556 5070 727 5140 leyen-e
749 5111 764 5135 ,
796 5070 1010 5127 omniuo
1050 5087 1179 5126 nora
1214 5069 1545 5125 ridebuntur.

1935 4599 2245 4670 priusquam
2323 4600 2445 4654 vitae
2521 4598 2769 4655 arborem
2828 4597 3193 4663 delibassent,
3263 4594 3502 4651 scientia!

1938 4694 2147 4758 tructus
2184 4691 2544 4757 devorantes,
2584 4700 2814 4746 mortem
2853 4691 2953 4746 sibi
3004 4689 3347 4760 posterisque
3387 4685 3502 4740 suis

1935 4785 2302 4847 arcessivcrez
2346 4799 2443 4839 nos
2492 4784 2628 4839 vice·
2657 4796 2810 4837 versa
2860 4782 3211 4838 scientiarum
3242 4777 3505 4848 ⁴surculos

1936 4879 2061 4930 vitae
2117 4877 2294 4933 arbori
2354 4878 2687 4943 inserentes,
2732 4892 2836 4931 non
2876 4876 3139 4930 innocuas
3176 4871 3363 4938 modo,
3400 4871 3491 4924 sed

1934 4982 1988 5023 οι
2043 4969 2305 5026 salutares
2344 4973 2540 5041 dapes,
2583 4971 2692 5024 imo
2746 4970 3102 5025 aeternitatem
3139 4965 3307 5034 ipsam
3360 4974 3493 5030 epu·

1934 5063 2181 5118 labimur.
