3725 6125
317 249 428 309 295

1588 235 1645 290 S.
1688 231 1960 288 astitui!
2002 231 2307 287 nissi-:Ni

3476 235 3590 291 298

319 381 448 423 nens
478 364 695 427 Asiam,
727 358 1174 432 postmodumque
1223 350 1611 412 Macedoniam,
1660 363 1901 401 comnin-
1930 359 1977 413 Α
2004 348 2117 411 λεις
2161 346 2503 413 καταλαόὼν,
2550 346 2804 401 κάκεῖθεν
2835 346 2932 420 τὴν
2981 346 3165 402 Ἀσίαν
3209 348 3593 421 ὲπισκεψάμε-

325 460 410 514 nis
452 465 574 515 erat
593 455 739 511 orbis
784 462 1048 506 terrarum
1081 449 1271 501 doctor
1300 458 1316 497 ε
1349 457 1530 499 coram
1565 441 1782 511 quidem
1805 454 1903 509 po-

323 552 457 606 sitos
485 561 735 604 sermone
763 543 982 611 juvans,
1017 540 1271 593 absentes
1293 550 1424 591 vero
1449 543 1774 590 convertens
1807 547 1903 603 per

325 638 614 706 Epistulas.
645 634 804 689 Solus
829 632 918 686 ille
948 641 1056 694 est,
1089 629 1244 699 eujus
1270 642 1543 699 nunquam
1575 640 1751 696 genua
1778 639 1903 678 cum

324 745 535 799 semper
574 729 674 781 iter
711 732 895 791 ageret
930 731 1058 776 sunt
1086 719 1319 786 lassata;
1353 734 1415 774 ac
1446 732 1543 773 nee
1580 717 1759 787 lingua
1795 724 1906 769 tor·

326 820 459 889 puit,
511 814 653 871 nulla
699 814 886 883 requie
925 813 993 866 ad
1042 812 1226 866 hostes
1269 824 1334 864 ac
1381 811 1586 864 amicos
1633 804 1906 876 Evangelii

324 907 576 979 mysteria
605 920 892 959 enarrans.
922 904 1002 958 Ac
1053 903 1271 972 quidem
1331 901 1454 955 talis
1499 898 1701 953 Paulus
1763 896 1908 966 quod

328 1008 534 1072 spectat
564 1000 630 1053 ad
659 998 998 1061 doetrinam;
1033 996 1175 1065 quod
1203 1003 1385 1048 autem
1427 993 1495 1046 ad
1533 991 1792 1060 reliquam
1829 990 1910 1043 vi·

324 1102 394 1147 ιε
432 1090 847 1161 philosophiam,
884 1087 1062 1156 qualis
1111 1086 1286 1156 rogo?
1319 1086 1411 1154 qui
1453 1099 1667 1154 semper
1692 1082 1911 1153 jugiter-

323 1198 431 1258 que
470 1182 730 1239 doetriuae
768 1181 1038 1245 assiduus,
1086 1195 1151 1234 ac
1193 1176 1489 1248 Evangelio
1530 1176 1795 1240 serviens,
1842 1187 1913 1229 ue

324 1290 520 1347 panem
567 1274 785 1343 quidem
838 1273 906 1327 ab
960 1271 1143 1341 aliquo
1194 1270 1366 1340 gratis
1418 1267 1740 1333 referebam
1778 1266 1909 1336 quin

328 1368 562 1425 interdiu
604 1368 822 1437 quidem
867 1349 1135 1419 adversus
1164 1370 1454 1418 sexcentos
1498 1363 1678 1415 hostes
1726 1368 1907 1414 certa-

328 1476 452 1516 men
480 1461 730 1524 babebat,
766 1467 924 1512 noctu
962 1469 1113 1523 vero,
1157 1452 1498 1524 scalpellum,
1532 1451 1912 1522 pellesque,ac

329 1554 465 1609 artis
517 1555 768 1607 versabat
822 1563 981 1618 opus,
1031 1556 1091 1601 ut
1143 1558 1416 1600 annonam
1473 1544 1597 1598 inde
1665 1556 1732 1598 ac
1787 1541 1912 1596 vitae

329 1650 690 1697 commeatum
739 1647 978 1709 pararet,
1030 1644 1089 1692 ut
1132 1634 1266 1690 nihil
1298 1647 1358 1689 se
1398 1647 1617 1704 gravem
1647 1630 1913 1703 praeberet

2007 456 2117 503 νος,
2142 434 2264 492 εἶτα
2290 440 2389 510 τὴν
2419 438 2783 500 Μακεδονίαν,
2811 438 2991 503 κοινὸς
3014 434 3086 511 ἦν
3114 440 3217 511 τῆς
3259 441 3593 513 οἰκουμένης

2005 528 2342 593 διδάσκαλος,
2384 528 2512 592 τοὺς
2553 528 2651 599 μὲν
2682 528 2992 599 ὁρωμένους
3018 530 3129 584 ἀπὸ
3158 528 3411 601 γλώττης
3445 530 3598 601 ὠφε-

2007 618 2136 682 λῶν,
2168 621 2293 683 τους
2331 618 2387 672 δὲ
2428 619 2664 683 ἀπόντας
2700 618 2791 673 διά
2822 618 2932 674 τῶν
2969 620 3274 675 ἐπιστολῶν
3332 622 3594 696 ἐπιστρέ-

2009 728 2141 780 φων·
2193 711 2355 781 μόνου
2390 710 2447 764 δὲ
2488 711 2721 775 ἐκείνου,
2751 711 2815 765 ού
2842 712 2971 780 γόνυ
2996 713 3236 784 ἔκαμνεν
3270 712 3460 767 ὁδεῦον
3482 715 3594 780 ἀεὶ,

2008 806 2069 858 ού
2103 804 2318 875 γλῶττα
2347 806 2573 874 ὲνάρκα,
2609 806 2747 879 πρὸς
2777 804 3006 877 ἐχθροὺς
3036 807 3131 860 καὶ
3154 806 3345 877 φίλους
3376 807 3599 862 ἀνελλι-

2009 896 2127 959 πῶς
2158 894 2432 961 διεξιοῦσα
2469 895 2563 950 τοῦ
2596 897 2929 967 Εὐαγγελίου
2958 900 3254 971 μυστήρια.
3307 901 3475 955 Ἀλλὰ
3498 903 3599 977 τήν

2013 989 2111 1061 μὲν
2143 988 2489 1043 διδασκαλίαν
2529 988 2790 1055 τοιοῦτος·
2823 991 2922 1063 τὴν
2947 990 3004 1044 δὲ
3032 992 3196 1063 ἀλλην
3222 992 3318 1046 τοῦ
3356 993 3477 1063 βίου
3505 1012 3598 1063 φι-

2009 1081 2287 1152 λοσοφίαν,
2314 1076 2427 1145 οἷος
2452 1079 2772 1153 ἀνθρωπος;
2815 1082 2928 1136 Ἀεὶ
2952 1084 3048 1137 καὶ
3076 1085 3321 1155 συνεχῶς
3352 1083 3436 1156 τῷ
3457 1085 3598 1157 λόγῳ

2011 1171 2458 1245 προσκαρτερῶν,
2512 1173 2609 1226 καὶ
2653 1171 2734 1243 τῷ
2780 1174 3098 1246 Εὐαγγελίῳ
3141 1175 3439 1241 δουλεύων,
3476 1178 3594 1232 οὐδὲ

2010 1264 2178 1333 ἄρτου
2204 1264 2414 1336 δωρεὰν
2448 1265 2599 1337 παρά
2623 1282 2768 1329 τινος
2790 1266 3095 1337 ἐκομίζετο·
3129 1268 3245 1321 ἀλλ’
3279 1268 3459 1341 ήμέρα
3485 1270 3587 1339 μὲν

2010 1352 2124 1427 εἶχε
2172 1356 2265 1409 τὸν
2308 1356 2497 1425 ἀγῶνα
2532 1356 2625 1409 τὸν
2675 1357 2810 1429 πρὸς
2847 1358 3075 1428 μυρίους
3120 1359 3376 1431 ἐχθρούς,
3403 1361 3492 1428 νῦξ
3523 1363 3580 1418 δὲ

2010 1448 2108 1520 τὴν
2136 1448 2355 1521 σμίλην,
2407 1450 2499 1503 καὶ
2536 1449 2606 1503 τὰ
2638 1451 2835 1521 σκύτη,
2876 1452 2970 1505 καὶ
3007 1451 3107 1521 τήν
3139 1452 3251 1506 ἀπὸ
3279 1455 3384 1525 τῆς
3404 1453 3582 1526 τέχνης

2012 1540 2299 1613 ἐργασίαν·
2341 1540 2409 1594 ἶν’
2432 1540 2642 1594 ἐκεῖθεν
2677 1539 2780 1614 ἔχῃ
2812 1540 2903 1595 τὸν
2935 1542 3305 1614 ἐπισιτισμὸν,
3340 1544 3593 1616 φαίνηται

2010 1629 2069 1683 δὲ
2091 1631 2258 1685 πᾶσιν
2289 1630 2602 1702 ἀνεπαχθὴς
2627 1630 2944 1697 ἀπόστολος,
2975 1631 3252 1697 ἀδάπανος
3281 1632 3488 1707 κῆρυξ,
3510 1638 3600 1688 καὶ

328 1732 656 1803 apostolum,
686 1740 743 1783 ut
770 1728 1179 1802 praedicatorem
1208 1725 1413 1794 absque
1447 1731 1686 1793 sumptu,
1719 1722 1812 1791 qui
1839 1720 1908 1775 ad
1939 1723 1980 1776 tt
2011 1720 2203 1792 μέχρις
2228 1719 2392 1791 ἄρτου
2419 1718 2529 1774 τῶν
2552 1720 2869 1787 ξενιζόντων
2893 1719 3240 1792 φειδόμενος.

330 1838 501 1897 usque
528 1838 720 1893 paoem
759 1821 1064 1892 hospitibus
1107 1826 1375 1890 parceret.

411 1917 566 1972 llunc
603 1930 703 1971 nos
744 1926 1074 1977 sermonem,
1115 1907 1448 1974 sacerdotes,
1481 1906 1786 1971 audiamus,
1818 1906 1910 1975 qui

335 2013 533 2071 nedum
564 2005 982 2080 comparticipes
1001 2017 1187 2059 sumus
1217 2000 1500 2065 altaribus,
1526 2013 1712 2054 verum
1746 1998 1912 2052 etiam

337 2106 408 2161 ab
433 2104 542 2159 illis
572 2100 765 2157 divites
790 2110 1000 2159 sumus,
1024 2109 1090 2148 ac
1112 2092 1165 2147 in
1194 2091 1405 2147 deliciis
1431 2091 1671 2161 agimus3
1698 2104 1915 2145 sacras-

337 2211 442 2266 que
467 2191 772 2254 l'acultates,
802 2196 1041 2242 nostram
1076 2184 1316 2254 ipsorum
1353 2182 1753 2254 possessionem
1778 2179 1917 2236 l'aci-

337 2302 492 2353 nius3
518 2284 742 2355 quique,
772 2278 977 2335 Christi
1007 2291 1170 2331 causa
1204 2274 1482 2343 subiectis,
1512 2283 1766 2343 tanquam
1797 2286 1917 2327 ser-

337 2378 419 2433 vis
446 2374 684 2448 graviter
721 2373 1091 2440 imperamus,
1140 2366 1284 2420 hand
1331 2367 1489 2436 plane
1526 2362 1914 2425 sacerdotium,

335 2468 633 2526 dominatio
662 2473 779 2531 est3
806 2461 938 2532 quin
967 2461 1164 2528 potius,
1198 2465 1256 2510 ut
1276 2455 1399 2525 quis
1427 2454 1713 2523 intelligat,
1743 2454 1917 2507 servi-

338 2569 447 2617 tus.
475 2556 590 2612 Non
620 2554 973 2622 magistratus
1009 2547 1332 2601 auctoritate
1362 2546 1707 2601 decernentis
1738 2544 1921 2615 digni-

341 2662 463 2715 tas,
512 2646 606 2702 sed
642 2644 900 2698 modestae
937 2654 1002 2694 ac
1034 2639 1311 2707 castigatio
1346 2636 1768 2706 dispensationis
1812 2637 1917 2690 mi-

341 2740 614 2798 nistratio.
638 2735 827 2791 Nonne
854 2743 1174 2805 potestatem
1197 2728 1431 2785 habebat
1453 2728 1668 2784 divinus
1696 2728 1919 2796 Paulus,

344 2841 405 2890 ut
431 2849 497 2889 ex
533 2830 706 2886 sacris
753 2828 1106 2883 manducaret
1158 2823 1473 2891 biberetque
1522 2822 1600 2889 ¹⁸;
1643 2836 1707 2877 ae
1749 2825 1923 2875 modi-

343 2940 468 2983 cum
521 2924 651 2995 quid
702 2918 955 2992 stipendii
1018 2916 1282 2981 laborum,
1338 2915 1406 2969 ad
1471 2914 1736 2984 eorporis,
1777 2912 1919 2983 quod

343 3017 585 3090 quotidie
629 3014 960 3077 credebatur,
1008 3008 1307 3066 souientum
1347 3021 1411 3063 ae
1455 3021 1664 3072 curam,
1709 3004 1923 3076 accipe-

347 3108 473 3166 ret?
500 3106 851 3173 Nequaquam
898 3112 1077 3155 tamen
1121 3114 1251 3154 usus
1278 3107 1362 3154 est
1387 3107 1673 3168 potestate,
1704 3108 1764 3152 ut
1785 3096 1917 3152 nihil
1946 3081 1989 3138 C

350 3201 403 3255 in
436 3208 581 3250 terra
609 3192 909 3259 accipiens,
943 3189 1125 3245 omnia
1166 3190 1218 3243 in
1255 3190 1411 3245 coelis
1441 3199 1747 3259 reponeret.
1784 3189 1926 3256 Qua·

350 3296 572 3361 propter
603 3286 794 3348 etiam,
824 3298 952 3339 cunt
976 3283 1155 3339 adbuc
1179 3283 1332 3338 carni
1362 3281 1709 3353 corruptibili
1739 3282 1923 3355 alliga·

353 3392 441 3437 tus
465 3385 628 3437 esset,
661 3373 954 3441 majoribus
993 3386 1152 3441 quam
1183 3386 1281 3441 pro
1308 3370 1544 3426 bumana
1591 3366 1800 3426 ratione
1827 3372 1928 3426 do-

352 3475 438 3531 nis
461 3483 650 3526 auctus
684 3476 801 3531 est,
848 3473 1010 3535 atque
1047 3473 1104 3517 ut
1151 3465 1412 3517 bonorum
1454 3463 1780 3528 futurorum,
1827 3467 1926 3517 ho·

350 3575 655 3632 notumque
693 3574 806 3615 aevo
833 3557 923 3612 illo
957 3555 1316 3627 repositorum
1352 3556 1574 3610 arrham
1621 3557 1922 3626 pignusque

350 3663 716 3715 convertetur.
743 3651 1042 3706 assumitur
1069 3661 1240 3718 usque
1268 3645 1336 3702 ad
1378 3647 1594 3702 tertium
1622 3646 1814 3702 coelum
1840 3648 1880 3678 ¹⁷
1908 3664 1922 3700 ε

355 3749 698 3817 visionesqne
723 3757 959 3799 nostram
978 3740 1279 3797 mortalium
1307 3752 1508 3796 sortem
1540 3750 1928 3810 exsuperantes

354 3843 533 3908 videt,
556 3856 619 3894 ac
648 3837 812 3894 verba
841 3851 1040 3892 arcana
1063 3835 1233 3898 audit,
1264 3833 1420 3888 ukait
1448 3833 1583 3903 ipse,
1616 3845 1927 3900 quanquam

356 3932 410 3987 id
445 3930 688 3984 modeste
738 3941 924 3996 agens,
980 3940 1045 3979 ac
1094 3924 1417 3979 necessitate
1455 3921 1788 3992 couipulsuS,
1836 3937 1929 3977 ca-

355 4036 595 4092 vensque
621 4019 820 4088 ubique
841 4016 1085 4087 gloriari,
1118 4029 1296 4086 exque
1318 4014 1748 4085 praecellentibus
1772 4013 1929 4068 donis

356 4113 467 4167 suis
493 4126 612 4168 sese
640 4109 852 4165 efferre.
886 4105 956 4163 Ut
1005 4116 1185 4161 tamen
1228 4120 1414 4160 eorum
1460 4118 1652 4159 sensus
1694 4103 1929 4172 compri-

359 4215 490 4268 mat,
525 4209 923 4269 coinponatque
963 4199 1030 4253 ad
1079 4197 1424 4259 modestiam,
1473 4194 1564 4264 qui
1595 4209 1691 4264 pro
1718 4193 1928 4262 exiguis

2084 1899 2285 1954 Τοῦτον
2312 1901 2404 1955 τὸν
2433 1900 2612 1969 λόγον,
2643 1904 2831 1973 ίερεῖς,
2873 1902 3221 1975 ἀκούσωμεν,
3266 1907 3320 1960 oi
3351 1907 3434 1979 μὴ
3471 1923 3604 1978 συμ-

2017 1992 2362 2065 μεριζόμενοι
2417 1996 2530 2059 τοῖς
2590 1993 2997 2067 θυσιαστηρίοις
3050 1996 3212 2067 μόνον
3230 2036 3249 2063 ,
3314 1998 3457 2053 ἀλλά
3512 2000 3605 2055 καὶ

2015 2083 2374 2149 πλουτοῦντες
2401 2086 2497 2139 ἀπ’
2522 2085 2747 2141 ἐκείνων
2774 2087 2869 2140 καὶ
2894 2086 3234 2157 τρυφῶντες,
3262 2090 3361 2144 καὶ
3394 2090 3495 2163 τὴν
3525 2092 3601 2144 ls-

2020 2177 2120 2250 ράν
2152 2178 2471 2249 περιουσίαν
2495 2177 2626 2231 ῖδιον
2652 2178 2838 2251 κτῆμα
2861 2180 3194 2251 ποιούμενοι,
3229 2183 3330 2236 καὶ
3359 2187 3476 2248 τοῖς
3502 2184 3606 2237 ύπ-

2014 2274 2201 2342 ηκόοις
2222 2270 2309 2325 διά
2339 2269 2431 2324 τὸν
2459 2270 2696 2340 Χριστὸν
2722 2266 2811 2326 οἷα
2837 2271 3045 2337 δούλοις
3073 2275 3354 2346 φορτικιῖις
3382 2277 3605 2332 ἐπιτάτ-
3690 2255 3708 2273 ⁰

2016 2381 2221 2427 τοντες.
2253 2364 2368 2417 Ούκ
2406 2361 2552 2417 ἐστιν
2591 2364 2842 2436 ίεροσύνη
2872 2363 3183 2432 δεσποτεία,
3227 2366 3371 2422 ἀλλά
3408 2368 3606 2440 μᾶλλον

2018 2455 2098 2525 τῷ
2128 2453 2362 2509 συνιέντι
2386 2454 2622 2509 δουλεία·
2653 2456 2756 2509 οὐκ
2779 2456 3104 2528 ἀρχοντικῆς
3129 2457 3423 2523 αὐθαδείας
3452 2460 3606 2526 ἀξίω·
3697 2439 3708 2449 “

2023 2563 2122 2618 μα,
2178 2546 2293 2600 ἀλλ’
2355 2544 2619 2609 εύλαόοῦς
2672 2546 2986 2617 οἰκονομίας
3034 2547 3309 2608 διακονία.
3360 2551 3454 2623 Μὴ
3508 2552 3605 2606 ούκ

2022 2638 2180 2709 ἔσχεν
2205 2638 2452 2703 ἐξουσίαν
2493 2640 2523 2692 ὁ
2567 2637 2856 2704 θεσπέσιος
2900 2640 3114 2704 Παῦλος
3159 2641 3369 2699 ἐσθίειν
3398 2645 3493 2698 καὶ
3519 2643 3605 2698 πί-

2023 2747 2136 2785 νειν
2165 2731 2275 2783 ἀπὸ
2300 2729 2409 2783 τῶν
2442 2730 2624 2801 ἱερῶν,
2647 2731 2741 2785 καὶ
2771 2732 2968 2804 μικρὸν
2994 2730 3128 2802 γοῦν
3164 2733 3468 2805 λαμδάνειν
3499 2735 3605 2789 ’.ὧν

2026 2820 2233 2891 μυρίων
2260 2820 2438 2874 πόνων
2462 2821 2654 2892 γέρας,
2687 2823 2768 2886 είς
2793 2822 3095 2895 θεραπείαν
3129 2826 3473 2897 τυπτομένου
3509 2827 3603 2880 τοῦ

2026 2911 2277 2984 σώματος
2329 2913 2448 2966 καθ’
2479 2914 2732 2986 ἡμέραν;
2780 2916 2919 2969 Ἀλλ’
2950 2917 3053 2971 ούκ
3096 2918 3374 2990 ἐχρήσατο
3423 2923 3490 2992 τῇ
3521 2920 3607 2986 ἐξ·

2024 3004 2203 3077 ουσία,
2244 3004 2332 3057 ἵνα
2356 3004 2522 3076 μηδὲν
2561 3006 2654 3060 ἐπὶ
2682 3007 2786 3080 γῆς
2827 3007 3027 3076 λαὸὼν,
3060 3008 3236 3065 πάντα
3269 3010 3335 3066 ἐν
3360 3014 3481 3078 τοῖς
3513 3013 3605 3068 οὐ·

2025 3097 2205 3168 ρανοῖς
2246 3095 2520 3168 ἀπιοθήσῃ.
2556 3097 2649 3151 Διὸ
2686 3101 2781 3152 καὶ
2816 3097 2926 3153 τῶν
2953 3100 3095 3173 ὑπὲρ
3121 3098 3412 3174 ἄνθρωπον
3444 3103 3609 3174 ἠξιώ-

2024 3184 2114 3255 θη,
2154 3183 2235 3238 ἑτι
2261 3187 2327 3256 τῇ
2361 3186 2576 3258 φθαρτῇ
2606 3188 2990 3260 συνδεδεμένος
3022 3191 3212 3263 σαρκί.
3247 3192 3358 3247 Καὶ
3388 3195 3470 3247 ἴνα
3494 3195 3606 3246 τῶν

2029 3275 2331 3347 μελλόντων
2362 3276 2603 3345 ἀγαθῶν,
2650 3279 2746 3331 καὶ
2785 3278 2894 3332 τῶν
2944 3281 3062 3335 ἐκεῖ
3099 3281 3273 3354 τιμῶν
3302 3284 3593 3354 ἀρῤαὸὧνα

2026 3364 2282 3438 θεάσητε,
2329 3367 2772 3440 ἀναλαμὸἀνεται
2827 3371 2926 3441 μὲν
2970 3370 3101 3445 ἄχρι
3135 3371 3305 3445 τρίτον
3329 3372 3582 3442 ούρανοῦ,

2030 3458 2215 3528 βλέπει
2269 3459 2328 3514 δὲ
2359 3459 2628 3525 ὀπτασίας
2667 3461 3437 3563 ampo-mosnelmhodu&
3465 3463 3597 3537 κλῇ·

2031 3569 2143 3624 ρον,
2171 3553 2358 3608 ἀκούει
2398 3553 2456 3608 δὲ
2488 3554 2751 3626 ῥημάτων
2791 3555 3071 3628 ἀρρήτων,
3100 3554 3176 3623 ὗς
3213 3554 3380 3622 αὑτὰς
3415 3572 3610 3629 φησιν,

2035 3647 2129 3700 καὶ
2155 3645 2326 3700 ταῦτα
2352 3646 2679 3719 μετριάζων,
2704 3648 2796 3701 καὶ
2822 3647 2883 3713 ἐξ
2904 3649 3175 3722 ἀνάγκης,
3201 3648 3617 3725 ἀποδιδράσκων

2035 3737 2311 3810 πανταχοῦ
2356 3739 2417 3791 τὸ
2458 3739 2916 3811 μεγαλαυχεῖσθαι
2944 3743 3039 3796 καὶ
3068 3743 3456 3814 ἐμπομπεύειν
3508 3745 3621 3809 τοῖς

2039 3829 2189 3894 ίδίοις
2220 3829 2703 3903 πλεονεκτήμασιν.
2738 3833 2857 3888 Ἷνα
2879 3833 2937 3887 δὲ
2975 3835 3309 3907 φρονήματα
3335 3836 3618 3891 καταστεί-

2035 3923 2101 3996 λῃ
2156 3923 2266 3977 τῶν
2324 3926 2418 3978 ἐπὶ
2474 3929 2688 3997 μικροῖς
2741 3927 3077 3999 φυσωμένων
3135 3929 3504 4000 χαρίσμασιν,
3562 3931 3618 3994 ἐξ

2033 4013 2282 4086 ἀνάγκης
2316 4014 2472 4084 ὀλίγα
2512 4016 2621 4070 τῶν
2662 4017 2877 4071 οἰκείων
2922 4022 3291 4091 παραγυμνοῖ,
3326 4024 3424 4077 καὶ
3449 4021 3612 4075 ταῦτα

2034 4103 2209 4174 ἑτέρῳ
2238 4104 2517 4176 προσώπῳ
2538 4107 2803 4179 περιθεὶς,
2835 4108 2931 4163 καὶ
2956 4109 3146 4182 πόρρω
3171 4110 3275 4182 τῆς
3299 4114 3433 4186 περὶ
3457 4111 3609 4167 αὐτὸν

2034 4195 2289 4260 ὑπονοίας
2322 4199 2646 4266 ἀπαγαγών.

356 4296 516 4353 donis
543 4292 820 4354 inflantur,
850 4305 1015 4359 pauca
1040 4304 1106 4342 ex
1143 4287 1254 4342 suis
1292 4286 1440 4341 velut
1501 4293 1726 4341 coaetus
1787 4287 2002 4356 operit:
2046 4304 2144 4340 nia:
2183 4289 2233 4341 id
2278 4289 2437 4344 aliter
2473 4305 2636 4359 quam
2684 4303 2962 4364 assumpta
2998 4293 3088 4348 illa
3142 4256 3405 4366 persona,
3457 4308 3617 4368 atque

357 4402 572 4443 omnem
601 4388 667 4440 de
695 4399 754 4439 se
778 4383 890 4453 ipse
919 4379 1276 4450 suspicionem
1307 4376 1589 4431 antuliens.

431 4478 576 4534 Sane
602 4477 817 4548 quidem
869 4472 1010 4528 Elias
1065 4471 1156 4525 ille
1197 4466 1506 4534 Thesbites,
1550 4481 1618 4523 eo
1667 4464 1813 4536 quod
1869 4465 1923 4520 iu
1959 4471 2002 4527 1)

359 4572 539 4644 specie
566 4568 708 4640 ignei
738 4580 929 4622 currus
968 4564 1019 4617 in
1063 4561 1231 4615 altum
1278 4560 1570 4616 subvectus
1597 4558 1688 4619 sit.
1732 4557 1931 4627 ubique

359 4666 699 4725 decantatur,
744 4673 810 4711 ac
864 4656 1086 4710 multam
1137 4653 1332 4708 sarculo
1364 4651 1773 4706 admirationem
1807 4648 1933 4704 reli-

359 4755 497 4826 quit.
550 4751 842 4819 Quousque
889 4759 1066 4802 autem
1130 4743 1472 4814 pervenerit,
1528 4755 1706 4797 sermo
1756 4741 1933 4796 nullus

359 4847 630 4917 exposuit.
672 4840 810 4896 Fors
833 4839 978 4893 enim
1030 4837 1194 4892 etiam
1250 4835 1517 4890 modicum
1569 4849 1598 4886 a
1637 4843 1780 4888 terra
1831 4833 1936 4887 ela-

363 4951 450 4996 tus
486 4951 517 4991 a
547 4935 748 4990 virtute
793 4938 986 4999 agente
1029 4927 1227 4998 ipsum,
1259 4925 1333 4979 illi
1371 4925 1487 4980 loco
1537 4923 1778 4979 redditus
1824 4932 1933 4985 cst,

360 5048 468 5106 quo
493 5041 612 5087 erat
634 5025 964 5083 domicilium
1022 5023 1329 5078 habiturus.
1363 5022 1432 5076 Αι
1465 5019 1618 5075 Pauli
1647 5020 1933 5075 translatio

364 5129 519 5195 longe
541 5118 804 5178 illustrior
835 5115 938 5170 luit
970 5123 1135 5184 atque
1166 5112 1452 5177 celebrior,
1488 5114 1740 5182 adjuncto
1765 5115 1931 5168 etiam

364 5217 539 5272 medio
576 5214 642 5270 ad
670 5211 812 5283 quod
865 5224 1033 5280 usque
1074 5207 1316 5264 sublatus
1354 5208 1452 5264 luit
1485 5225 1499 5261 z
1534 5223 1655 5262 uani
1689 5221 1810 5261 cum
1845 5223 1931 5261 se-

364 5317 506 5377 ptem
536 5305 879 5360 celebrentur
901 5301 1044 5369 coeli,
1084 5314 1272 5370 parum
1316 5299 1469 5356 abest
1499 5309 1557 5354 ut
1597 5313 1664 5354 ne
1693 5297 1927 5353 medium

362 5406 642 5455 assecutus
674 5395 768 5449 sit.
798 5392 917 5448 lam
950 5393 1082 5448 mibi
1114 5391 1321 5449 Hebraei
1350 5406 1568 5448 sensum
1600 5390 1929 5462 deprimant,

363 5501 615 5558 magnoni
651 5484 782 5555 quid
811 5484 875 5540 de
907 5483 1087 5556 Moyse
1127 5484 1443 5571 gloriantes,
1474 5483 1617 5554 quod
1655 5483 1802 5539 solus
1836 5497 1932 5538 us·

437 5685 480 5722 ¹⁶
507 5683 673 5744 teor.
709 5699 784 5749 tx,
809 5683 862 5738 ιι.

2109 4464 2297 4528 Ἠλίας
2326 4465 2427 4536 μὲν
2464 4461 2559 4521 οῦν
2596 4468 2626 4520 ό
2652 4466 2940 4540 Θεσὸίτης,
2964 4469 3154 4541 ἐπειδὴ
3181 4472 3242 4525 ἐν
3275 4473 3397 4546 ίδέᾳ
3435 4475 3620 4548 ἀρμα-

2035 4573 2127 4622 τος
2165 4558 2392 4630 πυρίνου
2429 4560 2512 4622 είς
2547 4559 2610 4613 τὸ
2643 4559 2776 4630 ὕψος
2818 4560 3050 4632 ἀνήχθη,
3079 4561 3267 4634 ᾅδεται
3314 4567 3619 4639 πανταχοῦ,

2038 4651 2133 4704 καὶ
2172 4649 2306 4705 πολὺ
2344 4651 2439 4704 τοῦ
2476 4651 2752 4723 θαύματος
2797 4650 2875 4722 '‘ft”
2907 4651 3010 4724 βίῳ
3046 4654 3337 4710 κατέλιπε·
3366 4660 3537 4732 μέχρι
3563 4661 3618 4714 δέ

2041 4743 2207 4796 πόσου
2234 4743 2499 4814 ἔφθασεν,
2529 4744 2704 4807 οὐδεὶς
2740 4745 3053 4816 ἡρμήνευσε
3082 4745 3262 4815 λόγος.
3301 4748 3482 4821 Τυχδν
3511 4752 3618 4824 γάρ

2040 4837 2135 4891 καὶ
2161 4836 2340 4905 ὀλίγον
2381 4837 2483 4922 τῇς
2512 4837 2617 4907 γῆς
2649 4836 2907 4908 ἐπαρθεὶς
2933 4836 3086 4910 παρά
3119 4839 3222 4911 τῆς
3251 4840 3496 4914 ἀγούσης
3520 4845 3613 4898 δυ-

2038 4927 2273 4998 νάμεως,
2298 4927 2533 4997 ἀπεδόθη
2556 4926 2633 4998 τῷ
2649 4928 2819 4998 τόπῳ,
2847 4926 2906 4980 δν
2935 4926 3124 4999 ἔλαχεν
3148 4934 3441 4988 κατοικεῖν.
3469 4933 3612 4986 Παύ-

2038 5018 2132 5073 λου
2160 5020 2217 5072 st
2243 5022 2276 5090 ή
2309 5018 2621 5091 μετάθεσις,
2668 5023 2761 5076 ἐπὶ
2805 5023 2966 5079 πλέον
3007 5026 3226 5095 ἐγένετο
3260 5025 3615 5099 λαμπροτέρα

2038 5113 2133 5166 καὶ
2160 5111 2410 5184 εὐκλεὴς,
2445 5113 2843 5185 προσκειμένου
2870 5118 2965 5171 καὶ
3001 5118 3097 5171 τοῦ
3126 5117 3354 5191 μέτρου,
3375 5117 3460 5188 ἐφ’
3490 5118 3619 5172 ὅσον

2037 5203 2266 5274 ἀνήχθη.
2300 5204 2471 5258 Ἐπτά
2503 5204 2611 5277 γάρ
2640 5207 2887 5278 οὐρανῶν
2909 5208 3204 5281 ᾀδομένων,
3231 5209 3433 5283 μικροῦ
3475 5209 3612 5264 δέον-

2032 5313 2126 5359 τος
2180 5298 2406 5366 ἀφίκετο
2450 5298 2544 5351 τοῦ
2579 5300 2824 5371 ἡμίσεος.
2864 5302 2974 5356 Καί
3010 5319 3100 5374 μοι
3143 5303 3334 5357 λοιπὸν
3377 5301 3613 5375 Ἐὗραίοι

2037 5387 2489 5444 καταὸαλέτωσαν
2551 5390 2646 5445 τοῦ
2702 5395 3068 5466 φρονήματος,
3110 5395 3204 5449 ἐπὶ
3264 5395 3347 5468 τῷ
3403 5396 3615 5466 nesroch

2043 5478 2182 5550 μέγα
2203 5481 2542 5552 φρονοῦντες,
2577 5483 2659 5537 ὅτι
2687 5485 2845 5555 μόνος
2876 5486 2980 5550 ἕως
3000 5486 3097 5556 τῆς
3130 5485 3383 5563 κορυφῆς
3414 5485 3619 5557 ἔφθασε
