3725 6125
983 285 1042 343 S.
1087 283 1366 341 ANToNtl
1405 282 1474 340 Μ.
1519 282 1810 339 {tunsus
1848 280 2231 337 EPtSToLAE.

3099 278 3242 334 1026

192 415 298 469 tini.
331 411 466 468 Cum
493 416 706 475 autem,
736 408 884 465 lilioli
917 410 1025 464 mei
1047 451 1063 476 ,
1098 408 1231 464 mibi
1267 406 1394 463 [acti
1433 406 1553 462 sitis
1584 416 1628 472 Α
1657 403 2047 474 sempiternum
2075 417 2106 457 a
2130 403 2241 456 Deo
2262 411 2471 467 nostro,
2506 410 2560 457 et
2582 409 2842 470 augeatur
2867 397 3037 469 gloria
3064 411 3241 453 vesti-a

192 503 362 570 simi,
384 510 446 557 et
473 500 569 554 titii
603 498 782 568 regni,
814 513 914 568 pro
956 498 1110 554 vobis
1142 498 1257 553 sine
1285 496 1557 552 intermis-

192 598 468 665 leprecor,
515 600 574 646 ut
610 590 906 661 elargiatur
949 589 1102 644 vobis
1141 590 1282 643 Deus
1331 587 1555 658 gratiam

191 686 301 744 endi
345 694 404 741 et
446 682 791 740 discernendi
839 681 1019 736 omnia
1045 721 1062 748 ,
1108 690 1169 734 ut
1215 679 1560 751 distinguatis

191 789 375 835 ionum
412 781 469 830 et
522 774 744 829 malum.
796 770 1010 827 Etenim
1068 769 1330 838 scriptum
1380 780 1465 825 est
1506 771 1556 823 iu

197 867 457 942 apostolo,
507 865 659 937 quod
696 880 814 919 esca
847 864 1001 933 sortis
1027 861 1369 932 perfectorum
1393 874 1466 917 est
1490 863 1554 916 ⁸⁷.

191 980 255 1020 un
297 970 468 1027 suut,
505 959 596 1029 qui
633 972 760 1013 suos
803 966 1095 1012 erexerunt
1126 970 1318 1011 sensus
1352 969 1417 1009 ac
1460 970 1557 1009 sua

191 1054 254 1110 ita
278 1052 445 1108 nimia
473 1047 829 1118 inquisitione
851 1046 993 1101 circa
1021 1049 1217 1100 bonum
1240 1054 1295 1099 et
1319 1043 1518 1099 malum
1541 1059 1557 1107 ;

194 1154 344 1201 terea
379 1142 473 1197 lilii
509 1139 664 1209 regni
692 1138 821 1193 sacti
852 1147 997 1203 sunt,
1025 1148 1080 1192 et
1109 1137 1304 1192 divin-'te
1334 1135 1557 1205 ascripti

191 1236 267 1292 ti:
319 1234 524 1290 idcirco
570 1232 713 1287 banc
754 1229 858 1285 illis
891 1229 1078 1284 tribuit
1121 1226 1463 1298 prudentiam
1505 1236 1560 1281 ct

191 1326 366 1380 iontem
415 1322 468 1377 in
519 1319 774 1377 omuibus
809 1334 997 1375 eorum
1042 1318 1331 1388 operibus,
1366 1331 1436 1372 ne
1469 1330 1557 1370 se·

191 1432 269 1472 ms
296 1414 411 1470 sive
437 1414 603 1469 homo
623 1412 743 1467 sive
770 1411 1035 1466 diabolus·
1063 1409 1354 1464 Sciendum
1377 1407 1560 1477 itaque

191 1516 260 1563 tst
304 1506 517 1561 bostem
576 1502 823 1560 fidelibus
879 1499 1154 1556 adversari
1190 1498 1325 1555 -boni
1357 1500 1558 1569 specie,

191 1610 268 1667 ¹ue
307 1594 594 1663 decipere..
621 1606 684 1647 eo
703 1588 846 1662 quod
885 1589 1110 1644 minime
1149 1586 1257 1643 illis
1302 1600 1560 1641 concessa

190 1685 391 1741 udentia
416 1692 470 1738 et
513 1678 959 1739 discretim-Hinc
983 1718 999 1744 ,
1033 1693 1156 1733 cum
1192 1678 1293 1733 lias
1326 1677 1566 1731 novisset

1665 497 1721 550 in
1756 495 2007 551 omnibus
2031 534 2047 561 ,
2075 503 2133 549 et
2176 493 2269 547 det
2297 492 2451 548 vobis
2483 492 2586 547 alin
2630 491 2896 561 permulta
2944 506 3063 560 quae
3105 506 3246 545 nun·-

1662 602 1825 658 quam
1879 585 2230 656 cognovistis.
2281 584 2393 656 Ego
2441 593 2622 639 autem
2674 581 2837 638 Pater
2881 591 3058 638 vester
3114 596 3249 651 rogo

1664 679 1826 734 etiam
1854 693 1951 748 pro
1984 678 2154 745 vobis»,
2183 660 2242 733 ut
2273 678 2341 731 ad
2377 679 2519 732 lianc
2551 689 2863 731 mensuram
2892 690 3012 745 quae
3042 683 3127 729 est
3150 690 3248 727 no·

1665 771 1769 834 bis,
1798 769 2146 839 perveniatis.
2185 768 2397 823 Etenim
2434 766 2587 822 multi
2628 766 3016 822 monachorum
3048 774 3099 820 et
3138 765 3249 819 vir-

1664 858 1847 929 ginum
1879 858 1970 928 qui
2003 868 2131 914 sunt
2176 859 2227 913 in
2258 857 2805 928 congregationibus,
2852 844 2992 911 hauc
3030 870 3249 909 mensu-

1667 965 1782 1004 ram
1825 965 1929 1006 nou
1960 950 2282 1021 attigerunt.
2320 947 2429 1006 Vos
2472 957 2653 1005 autem
2692 948 2737 1004 si
2772 948 2912 1003 hanc
2940 960 3247 1003 mensuram

1664 1043 1931 1113 attingere
1979 1042 2209 1112 cupitis,
2242 1056 2363 1113 quae
2412 1051 2496 1097 cst
2535 1040 2837 1112 perfectio,
2889 1039 3130 1096 recedite
3178 1037 3247 1093 ab

1664 1133 1919 1188 omnibus
1960 1132 2025 1188 iis
2053 1134 2145 1203 qui
2192 1132 2500 1202 hujusmodi
2552 1134 2754 1189 babent
2809 1149 3025 1200 nomen,
3057 1147 3249 1189 mona-

1666 1227 1858 1281 cliatus
1887 1225 2140 1281 videlicet
2168 1236 2226 1281 et
2245 1224 2600 1295 virginitatis,
2633 1241 2734 1281 nec
2762 1226 3031 1296 reperitur
3062 1224 3117 1279 in
3145 1223 3251 1280 illis

1669 1318 1782 1371 ltaec
1810 1316 2147 1386 providentia
2177 1325 2231 1372 et
2256 1317 2547 1385 discretim
2587 1332 2710 1371 nam
2742 1318 2785 1372 si
2815 1332 2941 1372 cum
2973 1315 3078 1371 illis
3103 1330 3253 1372 com-

1667 1410 2126 1476 municaveriti5,·
2158 1411 2423 1481 prolicere
2483 1426 2579 1467 vos
2616 1426 2721 1465 non
2765 1410 3112 1481 permittent,
3145 1409 3254 1465 into

1666 1501 2014 1570 exstinguent
2052 1499 2287 1556 calorem
2342 1517 2410 1557 ex
2446 1502 2605 1558 vobis
2630 1542 2645 1568 ,
2679 1516 2802 1557 cum
2842 1502 2896 1556 in
2938 1501 3044 1556 illis
3079 1501 3255 1555 nullus

1668 1599 1845 1647 exstet
1872 1593 2041 1657 calor,
2073 1594 2169 1648 sed
2203 1593 2376 1662 algor,
2412 1593 2752 1650 ambulantes
2797 1593 3093 1650 secundum
3126 1607 3256 1648 suas

1671 1683 1998 1740 voluntates
2029 1683 2088 1739 Si
2116 1700 2247 1754 ergo
2271 1686 2606 1741 venerintad
2628 1700 2745 1750 vos,
2782 1695 2837 1740 et
2858 1685 3020 1740 locuti
3055 1684 3257 1740 fuerint

192 1769 406 1833 ¹*Paulus
427 1774 647 1831 divitias
676 1789 795 1849 quae
824 1780 985 1828 erunt
1023 1769 1308 1834 fidelibus,
1337 1783 1563 1838 quorum
1601 1776 1639 1829 B
1673 1775 1947 1830 vobiscum
1986 1777 2148 1832 verba
2202 1775 2363 1847 hujus
2396 1776 2578 1832 πρωὶ
2621 1787 2681 1832 02
2727 1793 2847 1848 φωρ
2895 1793 3083 1832 eorum
3121 1792 3254 1832 con-

192 1869 372 1926 .udinis
421 1883 529 1925 non
571 1877 659 1923 est
712 1865 979 1922 terminus
1004 1901 1023 1930 ,
1059 1862 1277 1931 scripsit
1317 1860 1566 1930 Ephesiis

192 1964 287 2020 teri
313 1962 365 2021 ei
406 1961 540 2018 facti
577 1968 729 2016 erant
760 2001 773 2024 ‚
803 1968 863 2014 et
910 1956 1004 2012 tilii
1047 1953 1217 2027 regni)
1242 1954 1311 2009 ob
1344 1954 1565 2009 nimiam

192 2069 290 2128 :rga
324 2068 418 2111 eos
442 2053 767 2110 charitatem
798 2050 1005 2105 licens:
1038 2046 1086 2101 F
1089 2045 1313 2102 idelibus
1352 2044 1565 2109 sanctis,

196 2156 250 2203 ut
289 2147 503 2219 Ephesi.
552 2143 640 2199 Ex
683 2160 786 2213 quo
820 2141 999 2195 audivi
1043 2140 1198 2209 fidem
1249 2147 1470 2193 vestram
1513 2139 1566 2191 in

192 2256 276 2295 itm
315 2248 549 2295 nostrum
591 2236 776 2292 Iesum
820 2234 1087 2290 Christum
1108 2270 1124 2298 ,
1155 2242 1203 2286 et
1235 2231 1567 2285 dilectionem

191 2348 221 2386 n
244 2347 369 2403 erqo
408 2346 582 2385 omnes
612 2339 823 2383 sanctos
843 2366 858 2391 ,
889 2342 991 2380 non
1015 2340 1159 2379 cesso
1187 2324 1386 2395 oratius
1414 2338 1568 2393 uqere

191 2424 287 2492 bis,
312 2420 658 2478 “recordari
688 2418 852 2475 vestri
881 2420 935 2473 iu
969 2415 1296 2472 orationibus
1330 2417 1478 2482 meis,
1513 2424 1567 2469 ut

191 2513 406 2570 Dostim‘
449 2513 617 2569 nostri
643 2510 787 2566 desit
820 2508 1038 2577 Christi,
1065 2506 1229 2563 Pater
1254 2507 1457 2578 qlort'oe.
1481 2508 1567 2562 det

191 2606 410 2676 piritum
454 2604 728 2674 sapientior
762 2611 813 2657 et
850 2600 1209 2672 intetttqenttoe
1232 2638 1248 2666 ,
1284 2610 1338 2655 ut
1371 2598 1570 2654 illumi-

199 2698 341 2754 ocuti
371 2697 612 2751 cordium
639 2702 932 2751 uestrorum
956 2733 973 2760 ,
1002 2702 1046 2750 et
1078 2692 1259 2747 sciatis
1299 2691 1569 2765 quiddita·

191 2788 236 2855 ³)
272 2789 383 2857 spei
413 2797 597 2843 vestroe
629 2787 916 2842 vocationis
939 2826 956 2853 ,
1003 2794 1053 2840 et
1081 2785 1430 2855 quidditatem
1452 2787 1564 2855 qlo-

191 2880 432 2933 oitiorunt
473 2878 798 2934 hareditatt’s
834 2878 949 2949 ejus
982 2878 1036 2932 in
1065 2878 1261 2931 sanctis
1291 2876 1358 2931 ⁸⁸.
1403 2875 1574 2932 Etsn

190 2996 205 3027 .·
234 2968 490 3042 Equidem
512 2972 662 3043 flecto
673 2988 850 3043 θωνα
879 2972 1113 3025 odorans
1148 2968 1387 3037 Putrem,
1407 2987 1442 3025 a
1465 2987 1570 3041 qno

190 3064 548 3120 inaturomttt's
577 3063 890 3135 paternitas,
933 3072 1041 3116 tant
1081 3063 1136 3116 t‘n
1165 3061 1292 3116 coelo
1329 3079 1487 3133 quom
1517 3066 1570 3116 in

213 3167 268 3212 ut
315 3156 563 3211 concedat
587 3155 742 3210 -vobs‘s
799 3155 1087 3210 secundum
1134 3153 1346 3208 divitias
1386 3155 1570 3224 gloria·

194 3262 212 3306 t
242 3249 740 3321 confirmetur.fides
759 3257 968 3312 vestro,
999 3256 1048 3301 et
1080 3247 1377 3301 corroboret
1410 3248 1573 3302 ormi.-

191 3341 376 3410 pt'rt'ttts
407 3343 490 3396 sui
541 3343 600 3394 in
635 3339 814 3403 vobis,
861 3337 1203 3403 stridebunt
1246 3336 1485 3393 Christus
1518 3339 1575 3392 in

192 3457 194 3467 ·
218 3447 386 3492 vestro
415 3435 629 3489 interno
656 3445 749 3499 por
769 3426 949 3495 fidem,
975 3439 1022 3485 et
1052 3429 1110 3483 t'n
1129 3428 1373 3483 cordibus
1394 3431 1573 3484 vestris

191 3525 442 3580 ectionent
464 3560 481 3586 ,
511 3521 725 3588 firmant
750 3517 991 3574 habentes
1029 3520 1262 3575 radicem
1291 3532 1340 3576 et
1374 3521 1576 3591 (undu-

191 3630 238 3666 nt
265 3621 514 3675 vestrum,
543 3620 599 3663 ut
624 3608 834 3679 possitis
858 3613 1287 3681 comprehendere
1312 3628 1432 3668 cum
1463 3629 1573 3668 ont·

212 3702 412 3756 sanctis
452 3700 700 3772 quidnam
731 3700 797 3756 sit
833 3698 1084 3770 latitudo,
1114 3712 1161 3758 et
1189 3702 1494 3774 lonqitutto,
1526 3712 1576 3759 es

191 3792 261 3860 lo,
288 3799 338 3846 et
364 3789 695 3862 profunditas
714 3789 781 3851 ⁸⁹.

191 3884 403 3939 teamini
428 3885 628 3956 itaque,
654 3883 800 3942 lilioli
824 3886 955 3953 mei,
985 3887 1135 3945 hunc
1160 3905 1410 3959 magnum
1437 3890 1579 3961 Apo-

191 3991 248 4043 t,
291 3977 381 4047 qui
409 3993 532 4033 cum
562 3977 902 4049 cognovisset
928 3981 1352 4051 magnitudinem
1386 3983 1578 4038 barum

191 4083 341 4135 trum,
365 4083 501 4139 quas
519 4068 838 4139 ignorabant
861 4069 938 4125 illi
962 4073 1055 4140 qui
1087 4074 1138 4127 in
1171 4073 1307 4128 lilios
1328 4075 1377 4129 ei
1401 4089 1458 4130 se
1486 4076 1583 4128 ad-

191 4171 422 4218 ·averaut
447 4176 543 4232 pcr
566 4163 770 4219 auitum
797 4163 863 4219 ad
890 4163 1079 4232 fldem,
1105 4169 1313 4237 rogavit
1331 4180 1429 4237 pro
1453 4166 1579 4237 illis,

191 4268 294 4307 rum
340 4252 647 4308 divitiarum
683 4253 1077 4324 magnitudinis
1120 4268 1581 4328 consequerentur

1670 1876 1874 1935 gruunt
1907 1867 2296 1934 voluntatibus,
2334 1868 2501 1923 nolite
2533 1869 2640 1923 illis
2671 1870 2949 1925 assentiri.
2977 1870 3253 1940 Scriptum

1667 1960 1813 2014 enim
1848 1970 1933 2015 est
1960 1960 2015 2015 in
2048 1960 2220 2016 Paulo
2275 1962 2563 2034 apostolo:
2594 1960 2717 2017 Non
2756 1963 3100 2033 exstinquotis
3124 1960 3255 2032 Spi-

1668 2051 1850 2118 ritum,
1883 2069 1975 2107 nec
2000 2055 2352 2108 contemnatis
2385 2056 2689 2124 prophetias
2708 2056 2779 2109 ⁷⁰.
2804 2054 3019 2110 Scitote
3046 2063 3253 2120 autem,

1669 2141 1820 2197 filioli
1857 2144 1985 2209 mei,
2018 2144 2163 2214 quod
2190 2144 2428 2215 Spiritus
2449 2162 2562 2199 non
2589 2146 2950 2217 exstinguitur
2980 2160 3050 2200 ex
3082 2145 3254 2209 nobis,

1669 2233 1775 2288 nisi
1814 2233 1995 2289 verbis
2024 2234 2275 2290 inanibus
2326 2234 2557 2305 aliisque
2592 2235 2969 2303 hujuscemodi
2995 2236 3256 2305 operibus

1668 2326 1972 2397 permultis,
1999 2342 2120 2397 quae
2141 2328 2354 2400 singula
2384 2330 2624 2385 scribere
2654 2346 2762 2385 non
2791 2330 2964 2385 valeo.
2992 2330 3127 2385 Cunt
3157 2345 3254 2383 au·-

1672 2427 1778 2475 tem
1821 2419 1941 2477 illos
1972 2421 2253 2493 fugeritis,
2286 2437 2381 2478 eos
2432 2432 2783 2479 contemnere
2833 2424 3033 2492 nolite;
3065 2437 3252 2479 verum

1672 2511 1778 2568 illis
1811 2512 2155 2581 benefacite,
2193 2529 2300 2570 non
2339 2523 2521 2569 tamen
2547 2530 2669 2569 cum
2710 2515 2815 2570 illis
2844 2515 3256 2570 conununican·

1674 2611 1774 2670 tes,
1817 2617 1887 2657 ne
1914 2618 2013 2659 vos
2046 2603 2392 2659 retrocedere
2422 2603 2647 2659 saciant.
2692 2603 2751 2658 Et
2786 2619 2889 2674 pax
2914 2603 3128 2658 Domini
3160 2618 3258 2659 no·

1671 2692 1771 2749 stri
1802 2694 1875 2749 sit
1895 2709 2029 2749 -cum
2062 2694 2347 2763 spiritibus
2383 2696 2578 2751 vestris
2614 2697 2948 2759 mansuetis,
2972 2696 3121 2750 lilioli
3150 2693 3258 2749 mei

1675 2783 2042 2840 dilectissimi.
2068 2782 2170 2840 Cui
2206 2785 2322 2840 laus
2348 2795 2402 2842 ct
2431 2786 2604 2841 bonor
2625 2787 2695 2843 ab
2717 2788 2972 2843 ominbus
2994 2787 3263 2845 creaturis

1675 2878 1729 2933 in
1755 2886 2043 2933 teternum.
2066 2877 2264 2933 Amen.

2224 2987 2563 3046 ssPtsToLA
2612 2987 2727 3044 Xll.

1678 3079 1750 3134 De
1784 3081 2073 3136 vicaritate.
2119 3080 2279 3149 Cupit
2310 3091 2567 3153 proetereo
2609 3098 2699 3137 eos
2747 3082 2944 3145 videre,
2984 3090 3044 3136 stt
3095 3082 3255 3137 sium!

1898 3167 2075 3207 omues
2105 3155 2468 3208 consolatione
2490 3155 2830 3224 participent.
2859 3152 3043 3207 Dixit.-

1748 3243 1992 3313 Scitote,
2013 3245 2358 3315 dilectissimi
2390 3247 2494 3300 mci
2539 3248 2591 3301 iu
2633 3246 2888 3313 Domino,
2914 3247 3057 3318 quod
3083 3244 3263 3303 cbari-

1677 3345 1762 3392 tas
1792 3338 2003 3394 Domini
2033 3343 2299 3410 perpetuo
2329 3349 2540 3394 mentes
2564 3346 2784 3394 nostras
2821 3339 3036 3406 invisit,
3082 3340 3261 3396 omni-

1678 3430 1891 3498 busque
1926 3428 2247 3497 opitulatur,
2279 3430 2371 3497 qui
2405 3428 2586 3483 cordis
2618 3430 2700 3484 sui
2733 3430 3087 3500 cogitationes
3115 3448 3258 3501 prae-

1678 3533 1940 3592 pararunt
1991 3521 2056 3576 ad
2137 3519 2564 3576 recordationem
2624 3519 2879 3576 Ecclesia
2937 3524 3263 3592 primogeni-

1681 3621 1854 3667 torum
1883 3612 1928 3643 ⁷¹
1954 3623 2118 3668 noctu
2169 3611 2390 3682 diuque,
2419 3626 2520 3666 nec
2557 3612 2625 3666 ad
2669 3611 2773 3666 alia
2812 3626 2907 3668 eas
2950 3616 3258 3673 admovenu

1678 3706 2140 3774 Quemadmodum
2169 3715 2352 3762 autem
2388 3707 2578 3763 horum
2610 3710 2912 3765 recordatio
2937 3724 3150 3779 semper
3176 3723 3261 3769 est

1679 3798 1772 3854 Dei
1807 3798 2063 3869 Spiritus,
2090 3798 2204 3868 ipse
2232 3798 2570 3868 potissimum
2593 3813 2692 3868 pro
2717 3799 2822 3855 illis
2857 3812 3031 3870 rogat,
3063 3803 3264 3874 quippe

1679 3892 1770 3963 qui
1808 3892 1936 3946 l'ucti
1968 3899 2096 3946 sunt
2146 3890 2195 3946 ei
2248 3889 2367 3955 mii,
2402 3904 2603 3961 eosque
2649 3895 2703 3947 in
2749 3894 2857 3949 Deo
2889 3896 3097 3964 genuit.
3133 3896 3257 3954 Pari

1681 3986 1894 4056 quidem
1917 3985 2126 4040 ratione
2151 3999 2255 4040 non
2275 4000 2431 4041 cesso
2458 3986 2623 4040 vestri
2652 3989 2925 4041 recordari
2950 3989 3042 4044 diu
3066 3998 3259 4046 noctu·

1680 4092 1786 4148 que
1817 4076 1871 4131 iu
1911 4077 2254 4132 orationibus
2287 4077 2444 4142 meis,
2485 4085 2543 4129 ut
2577 4077 2730 4130 lirina
2770 4078 2844 4133 sit
2885 4079 3018 4135 tides
3056 4097 3258 4152 vestra,

1681 4181 1734 4225 et
1770 4171 2033 4224 virtutum
2083 4169 2339 4238 operibus
2375 4168 2703 4238 ungamini,
2735 4181 2899 4240 atque
2932 4184 2990 4227 ut
3021 4175 3264 4232 stabiliat

1682 4260 1946 4317 Dominus
1979 4269 2166 4316 noster
2198 4268 2433 4315 vestram
2471 4262 2864 4330 providentiam
2894 4272 2949 4317 et
2977 4265 3261 4321 discretio-

192 4345 369 4399 iouem
404 4359 564 4416 quam
592 4345 706 4416 ipse
735 4353 999 4413 noverat,
1024 4363 1145 4418 quae
1185 4360 1271 4405 est
1299 4364 1426 4406 vera
1451 4364 1580 4419 pro·
1683 4369 1831 4420 nem,
1880 4361 1936 4408 et
1986 4366 2237 4423 magnam
2289 4354 2493 4408 tribuat
2533 4352 2689 4408 vobis
2735 4353 3107 4411 fortitudinem
3142 4359 3262 4430 plus

191 4435 282 4503 ia,
319 4450 442 4506 quae
473 4445 558 4492 est
594 4436 883 4504 discretio,
921 4452 1028 4509 qua
1069 4439 1246 4511 maliis
1278 4451 1360 4499 est
1393 4442 1448 4497 in
1477 4441 1583 4498 lide
1616 4471 1658 4526 Β
1685 4461 1845 4517 quam
1876 4446 2087 4517 praediti
2118 4446 2269 4501 estis.
2301 4445 2429 4501 uteo
2460 4448 2679 4516 quidem
2707 4459 2796 4503 est
2826 4464 2944 4503 mea
2983 4466 3084 4522 pro
3111 4454 3264 4510 vobis

192 4527 313 4582 iana
351 4527 509 4583 nihil.
543 4525 656 4585 Hoc
694 4540 878 4592 nutem
915 4539 1136 4602 propter
1166 4533 1437 4605 ingentem
1465 4534 1585 4605 rJ‘us
1688 4539 1902 4595 assidua
1943 4537 2273 4608 deprecatio,
2322 4553 2443 4593 cum
2478 4553 2576 4594 vos
2623 4540 2675 4595 in
2708 4540 2926 4600 Christo
2956 4548 3258 4615 genuerim,

191 4629 329 4674 atem
350 4633 480 4689 erga
517 4619 673 4688 illos;
697 4622 876 4678 sciens
893 4621 1215 4694 enimquod
1251 4625 1295 4680 si
1325 4638 1445 4680 eam
1469 4627 1587 4681 luc·
1689 4641 1745 4687 et
1775 4631 1907 4685 milii
1942 4629 2037 4686 lilii
2066 4630 2192 4687 facti
2235 4630 2375 4685 sitis.
2409 4630 2499 4687 Sic
2533 4629 2839 4698 Timotheo,
2868 4648 2989 4688 cum
3019 4652 3141 4691 eum
3172 4655 3262 4709 gc·

191 4708 472 4778 omenti..
504 4710 681 4768 nultus
710 4712 818 4768 ent
847 4711 957 4769 illis
983 4712 1134 4768 tabor
1171 4713 1227 4769 iu
1271 4729 1585 4785 quoquam,
1692 4723 1870 4780 nuent
1898 4721 2099 4780 Paulus
2147 4724 2422 4794 apostotus
2464 4724 2518 4779 tn
2566 4723 2698 4792 noo,
2730 4732 2786 4781 et
2818 4724 2995 4782 tactus
3022 4727 3096 4783 su
3121 4729 3172 4784 ei
3202 4729 3266 4784 tt-

191 4801 506 4857 mebumur
545 4803 740 4859 timore
778 4802 888 4858 ⁰¹¹⁰
910 4841 928 4868 2
974 4811 1029 4857 ⁰²
1064 4803 1317 4873 gaudium
1371 4801 1588 4859 Domini
1693 4815 1816 4881 lius,
1845 4814 2067 4884 scripsit
2099 4814 2171 4868 ita
2208 4815 2438 4872 dicens)
2459 4813 2727 4869 necamur
2745 4817 2823 4869 tiu·
2848 4816 2904 4870 in
2939 4818 3266 4875 orationibus

191 4892 375 4949 &bitur
403 4894 524 4951 31¹⁰·
550 4907 715 4953 1100ῑῦ
746 4897 978 4968 diuque·
1001 4905 1056 4952 0²
1091 4910 1256 4966 ΟΡΘΙὌ
1295 4905 1457 4951 ΒΙἪΜ
1479 4896 1589 4953 ῙΠῙΒ
1694 4911 1819 4965 meis
1862 4918 2018 4963 noctu
2060 4908 2277 4979 diuque,
2330 4917 2380 4963 et
2429 4910 2583 4980 cupio
2614 4922 2665 4963 te
2694 4910 2895 4974 ridere:
2943 4919 2995 4964 et
3022 4913 3270 4967 recordor

1693 5000 2046 5071 lacrymarum
2095 5009 2305 5055 tuarum
2326 5039 2341 5062 ,
2378 5011 2434 5055 ut
2465 4999 2685 5066 implear
2715 5002 2944 5071 qoudiis,
2974 5016 3268 5058 memorans

1693 5092 1817 5162 fidei
1864 5098 1972 5146 tuoe
2020 5092 2241 5148 παῦ’.
2281 5091 2638 5149 Considerate
2683 5093 2886 5162 itaque,
2940 5092 3090 5150 lilioli
3138 5097 3269 5161 mci,

1696 5184 1838 5239 ltunc
1863 5184 2203 5255 Apostolum,
2233 5194 2288 5240 et
2320 5185 2588 5254 quomodo
2617 5200 2717 5256 pro
2748 5184 3033 5241 Timotheo
3064 5186 3157 5257 qui
3192 5185 3271 5242 ta·

1695 5283 1817 5329 ctus
1867 5284 1953 5330 est
1990 5276 2040 5330 ei
2087 5275 2228 5330 lilius
2266 5289 2501 5346 eumque
2533 5275 2587 5330 in
2624 5274 2736 5331 Deo
2776 5277 2980 5346 genuit,
3020 5279 3134 5333 luet:
3167 5279 3269 5334 tria

1696 5364 1970 5422 faciebat:
1998 5380 2189 5436 nempe
2220 5365 2363 5421 illius
2400 5377 2561 5422 noctu
2611 5368 2812 5438 diuque
2856 5368 3267 5434 recordabatur,

1695 5471 1794 5527 pro
1821 5456 1914 5512 illo
1939 5457 2151 5520 orabat.
2184 5471 2249 5512 ac
2274 5457 2450 5528 ipsum
2481 5459 2663 5514 videre
2690 5460 2963 5530 cupiebat.
3001 5460 3124 5518 Part
3154 5462 3268 5534 qui-

1252 5563 1328 5638 ,θ’
1350 5563 1542 5636 Epltcs.
1599 5583 1688 5632 tu,
1718 5568 1909 5625 tt-ts.
1998 5567 2093 5624 ”1
2129 5569 2322 5627 Thess.
2348 5585 2406 5638 v,
2437 5569 2523 5631 ts.
2574 5570 2667 5625 2⁰.
2775 5571 2821 5604 '¹
2851 5570 3017 5629 llcbr.
3049 5572 3271 5637 :tuffi-

224 4999 439 5058 semper
463 4997 518 5042 et
545 4990 800 5045 omnibus
836 4988 1184 5058 temporibus.
1222 4988 1450 5059 ideoque
1481 4992 1588 5044 im-

191 5091 243 5132 ur
263 5077 345 5137 eis
362 5078 511 5137 Deus
540 5081 901 5138 revelationes
925 5096 1242 5153 magnorum
1265 5096 1587 5138 arcanorum

204 5170 410 5238 saculi,
452 5188 576 5245 quae
615 5187 813 5229 carnea
839 5173 1017 5240 lingua
1052 5174 1326 5245 explicare
1356 5188 1461 5229 non
1495 5190 1589 5229 va·

191 5302 204 5318 .
235 5261 444 5334 ltaque,
476 5265 816 5322 dilectissimi
850 5267 905 5322 in
936 5265 1183 5332 Domino,
1217 5268 1308 5338 qui
1337 5267 1430 5321 [ilii
1459 5266 1585 5323 l'ucti

189 5367 375 5427 rogote
407 5367 568 5411 noctu
600 5357 801 5428 diuque
826 5357 1188 5429 lacrymarum
1217 5360 1463 5414 ubertate
1493 5374 1590 5429 pro

191 5447 490 5505 rovidentia
519 5458 576 5505 et
614 5450 975 5514 discretione,
1013 5458 1072 5503 ut
1094 5450 1165 5505 sit
1206 5452 1358 5506 vobis
1388 5451 1587 5506 bonum

191 5563 321 5616 [ebt.
352 5578 404 5628 v,
437 5563 528 5618 14.
640 5562 904 5635 “Ερὴο3.
928 5578 966 5628 t,
990 5562 1173 5619 tei-¹8.

194 5649 289 5690 tm.
316 5649 354 5699 t,
381 5634 501 5688 3-5.

191 5738 199 5787 l
234 5721 633 5782 Substantiam.
