3725 6125
293 322 361 377 ts
1386 311 1591 369 PtttLo
1629 310 2027 369 cannssttsss
2062 307 2458 367 Episcopus
3482 305 3549 367 13

291 437 351 491 lli
386 447 519 491 vero
537 446 729 488 omnes
754 432 898 487 clare
934 431 1075 485 hunc
1103 428 1318 484 titulum
1351 426 1681 499 prael'erunt:
1712 426 1881 480 ·mw-
1909 432 1955 486 Α
1986 424 2136 493 tiqua
2171 423 2345 478 Graeci
2381 421 2540 490 hujus
2576 417 2946 475 commentarii
2975 418 3362 488 interpretatio.
3400 420 3552 479 illam

292 543 383 589 νος
413 524 716 578 ἐπισκόπου
749 521 842 577 τοῦ
874 522 1196 594 Καρπασίου
1229 522 1326 575 σὺν
1353 520 1474 590 Θεῷ
1498 520 1762 592 ἑρμηνεία
1786 521 1874 582 εἱς
1976 529 2026 567 v.
2069 514 2139 569 ci,
2183 513 2373 567 Petrus
2421 509 2740 565 Francis-cns
2796 508 3084 577 fogginius
3140 524 3285 563 anno
3329 512 3468 569 {750
3499 516 3551 570 in

290 617 364 673 td
384 617 656 686 ’ᾼσματα
681 613 798 667 τῶν
827 613 1113 682 ᾀσμάτων
1146 612 1281 685 πρὸς
1306 611 1601 666 Εὐπάθιον
1632 609 1872 683 apenos-

185 735 193 744 ·
266 725 446 781 .τερον
470 708 562 761 καὶ
590 705 848 761 Εὐσέὸιον
872 704 1118 758 διάκονον
1141 721 1155 735 ·
1195 704 1434 759 Philonis
1467 706 1693 773 episcopi
1742 703 1877 757 Car·

290 801 450 871 pusii,
487 798 592 852 Deo
641 798 882 865 jurante,
925 798 1193 851 enarratio
1231 797 1286 849 in
1319 795 1604 851 Canticum
1635 796 1877 849 canuc-o·

292 902 411 945 tum
432 888 500 941 ad
532 885 867 941 Eustathium
912 888 1268 956 presbyterum
1294 896 1344 939 et
1369 883 1657 940 Eusebium
1696 884 1877 936 diaco-

291 996 440 1036 num.
477 977 730 1033 Eamdem
780 976 951 1032 fuisse
997 976 1343 1048 epigraphem
1370 977 1516 1031 credi
1577 984 1787 1045 oportet
1819 975 1871 1026 in

291 1071 397 1124 aliu
417 1070 600 1125 codice
638 1068 852 1131 Graeco,
891 1082 1052 1137 quem
1084 1076 1232 1122 certe
1269 1069 1465 1121 vidisse
1511 1067 1745 1120 arbitror
1768 1064 1873 1117 Ln-

289 1161 790 1218 ramllolsteuium.
823 1160 954 1214 Nam
993 1160 1046 1213 iu
1098 1161 1239 1214 uotis
1279 1164 1342 1211 ad
1378 1155 1760 1228 Geoqraphiam
1781 1173 1871 1209 sa·

289 1270 431 1307 cram
462 1250 640 1307 Caroli
681 1266 709 1304 a
742 1251 799 1303 S.
831 1249 998 1303 Paulo
1034 1249 1135 1318 (a),
1178 1246 1371 1316 Hajas,
1427 1246 1616 1314 iuquit,
1647 1245 1869 1315 (Carpa-

291 1346 406 1415 siae)
435 1345 703 1413 episcopus
746 1341 896 1395 Philo
945 1340 1289 1409 Καρπάσιος,
1339 1338 1491 1406 caJus
1539 1346 1702 1391 exstat
1727 1353 1874 1390 cont-

292 1437 577 1491 utentcrius
613 1434 828 1489 Graecas
859 1448 955 1485 ms.
986 1432 1036 1485 iu
1067 1430 1288 1484 Catttica
1327 1428 1683 1495 canticorum,
1723 1443 1875 1497 quem

291 1532 446 1603 vulgo
501 1530 637 1583 male
692 1525 1055 1594 Carpathium,
1103 1523 1326 1592 quasia
1379 1517 1646 1589 Carpatho
1701 1517 1874 1572 insula

291 1623 576 1691 appellant.
637 1621 770 1676 Cum
804 1617 1080 1671 llolstenio
1103 1614 1378 1669 consentit
1425 1612 1677 1678 Attatius,
1707 1612 1796 1682 qni
1821 1612 1874 1666 iu

292 1712 521 1766 diatriba
575 1716 638 1764 de
689 1694 1029 1771 Philonibus,
1102 1704 1313 1758 Philoni
1365 1701 1629 1773 Carpasio
1687 1702 1876 1758 tribuit

290 1800 737 1858 connnentariun»
773 1800 825 1852 in
854 1796 1132 1853 Canticum
1156 1796 1482 1849 canticorum
1514 1809 1532 1847 .·
1565 1793 1871 1857 succincta,
1906 1776 1947 1831 B

291 1893 486 1962 inquit,
517 1893 606 1946 sed
629 1890 941 1944 acutissima
986 1887 1463 1956 laudatissimaque
1495 1886 1877 1939 eontntentaria

289 1984 494 2052 scripsit
541 1983 594 2037 in
661 1980 942 2035 Canticum
1011 1979 1339 2033 cantieorum
1398 1978 1467 2031 ad
1536 1975 1876 2030 Eustathiam

291 2074 645 2143 presbyterum
669 2082 716 2124 et
745 2069 1028 2125 Evasebium
1057 2070 1358 2122 diaconum.
1386 2066 1494 2122 Nec
1527 2065 1686 2121 aliam
1713 2053 1875 2136 qua'm

293 2180 415 2235 quoe
447 2163 503 2217 in
535 2162 847 2217 memoratis
879 2160 1157 2215 codicibus
1188 2160 1499 2225 exhibetur,
1525 2159 1873 2230 epigraphem

295 2252 551 2308 babuisse
605 2252 809 2306 ridetur
857 2239 1077 2306 Grae‘cus
1130 2250 1296 2305 codex
1363 2250 1590 2304 Emerici
1658 2249 1872 2318 bigotii.

291 2342 426 2397 Cam
460 2341 604 2396 enim
629 2340 984 2396 Cassiodorus
1007 2340 1292 2410 scripserit
1331 2337 1428 2410 (b),
1457 2336 1516 2392 S.
1546 2334 1876 2406 Epiphanius

288 2434 508 2489 antistes
537 2434 758 2504 Cyprius
777 2440 940 2486 totum
964 2431 1158 2484 libram
1187 2428 1370 2485 Groeeo
1396 2444 1633 2482 sermone
1654 2444 1756 2482 uno
1790 2444 1879 2480 vo-

289 2526 485 2580 lumine
509 2526 813 2592 contplesus
833 2532 930 2577 est.
953 2520 1005 2573 11
1012 2536 1110 2574 ane
1138 2537 1252 2584 nos,
1281 2530 1334 2573 ut
1364 2518 1520 2581 alios,
1551 2519 1606 2571 in
1633 2517 1878 2572 Latinam

288 2619 526 2689 tinguant
559 2630 650 2683 per
675 2613 907 2667 anticum
961 2622 1216 2674 nostrum,
1272 2612 1445 2664 virum
1473 2610 1877 2663 disertissimum
1921 2655 1928 2660 .

296 2706 647 2777 Epiphaniam
680 2704 923 2767 secunus,
957 2701 1064 2755 Deo
1091 2701 1330 2768 iuuante,
1360 2701 1670 2768 transserri;
1710 2700 1880 2756 Gare-

294 2801 403 2854 tius
440 2796 507 2851 ad
541 2796 683 2850 hunc
711 2794 889 2850 locum
933 2794 1074 2847 itanc
1106 2803 1290 2848 notam
1323 2793 1571 2864 apposuit
1608 2810 1623 2847 ε
1671 2791 1762 2848 Vel
1785 2811 1880 2862 po·

241 2895 264 2910 ⁴
291 2893 401 2945 tius
435 2888 591 2943 Philo
622 2889 896 2942 ordinatus
924 2887 1195 2954 episcopus
1218 2885 1461 2955 Carpasii
1485 2887 1539 2940 in
1566 2886 1740 2939 insula
1771 2885 1878 2957 Cy-

293 2998 388 3053 pro
420 2999 451 3034 a
479 2979 537 3036 S.
573 2980 864 3049 Epiphania
906 2977 1222 3034 Salaminiae
1261 2980 1519 3045 antistite,
1552 2990 1606 3033 ut
1630 2981 1688 3034 in
1711 2980 1877 3049 ipsias

1978 605 2146 657 iucem
2179 601 2372 657 extulit
2403 615 2435 654 e
2458 601 2874 654 membranaceo
2909 597 3182 654 vaticanae
3216 601 3556 660 bibliothecas

1976 695 2178 759 codice,
2218 693 2372 762 cujus
2409 701 2619 745 aetatem
2648 692 2926 745 existimat
2951 692 3333 749 millenariam.
3369 696 3555 751 Codex

1978 788 2065 843 ille
2094 786 2398 854 interpretis
2427 785 2641 855 quidem
2677 800 2780 838 nun
2822 784 3040 838 exlnibet
3072 801 3296 853 nomeu3
3337 788 3431 843 sed
3459 802 3559 842 au·

1975 887 2178 932 ctorem
2234 875 2454 946 prael'ert
2492 875 2551 928 S.
2612 874 2992 943 Epiphanium.
3049 874 3199 930 lianc
3221 878 3364 930 enim
3394 879 3558 933 habet

1976 968 2379 1038 inscriptionem
2416 985 2434 1023 t
2463 966 2741 1036 Expositio
2776 966 2836 1022 S.
2872 966 3157 1034 Epiphnuit'
3194 969 3419 1038 episcopi
3456 969 3557 1039 Cy-

1973 1060 2055 1127 pri
2080 1062 2129 1113 iu
2162 1060 2382 1114 Cantica
2418 1060 2771 1113 cantieorum.
2823 1060 2971 1114 llanc
3008 1062 3306 1114 versionem
3364 1060 3553 1134 Poggi-

1977 1154 2097 1204 uius
2127 1161 2276 1220 putat
2322 1154 2391 1204 ab
2434 1150 2734 1219 Epiphanio
2762 1149 3100 1204 Scholastico
3126 1166 3248 1205 esse
3284 1154 3551 1222 composi·

1977 1250 2107 1306 tsm,
2138 1253 2192 1296 et
2220 1245 2464 1297 eamdem
2498 1243 2645 1296 illam
2670 1258 2789 1296 esse
2813 1252 3003 1297 censet
3031 1244 3553 1313 interpretationem,

1975 1349 2136 1411 quam
2169 1334 2527 1390 Cassiodorus
2553 1333 2669 1388 loco
2690 1349 2847 1404 quem
2883 1334 3163 1389 attulimus
3206 1351 3366 1405 supra
3406 1353 3557 1393 eom·

1977 1437 2260 1482 memorat.
2306 1425 2452 1481 illius
2493 1428 2634 1481 tituli
2686 1429 2968 1483 veritatem
2993 1430 3211 1499 agnovit
3245 1429 3555 1487 Adrianus!

1977 1535 2115 1589 papa
2145 1519 2196 1573 in
2226 1520 2427 1588 scripto
2455 1518 2528 1572 De
2547 1520 2860 1586 intaqinibas
2887 1517 2952 1572 ad
2972 1518 3221 1574 carolum
3250 1535 3427 1591 regem
3451 1526 3555 1592 (ομ

1978 1608 2043 1663 In
2113 1626 2334 1680 persona
2357 1646 2369 1667 ‚
2431 1610 2639 1678 inquit,
2693 1609 2891 1664 Christi
2944 1620 2991 1663 et
3039 1609 3291 1665 Ecclesiae
3349 1612 3558 1669 diversa

1976 1713 2275 1757 tariotarum
2300 1700 2522 1755 Patram
2576 1700 2825 1767 opuscula
2880 1702 2931 1755 in
2958 1701 3180 1757 Cantica
3217 1704 3557 1760 canticorum

1977 1796 2259 1863 explanata
2284 1805 2403 1849 sum
2426 1811 2445 1847 .·
2479 1806 2524 1849 et
2559 1796 2607 1849 si
2634 1795 3253 1865 quandointelliqendum
3282 1805 3381 1864 est,
3427 1800 3561 1853 scire

1978 1889 2158 1952 velim,
2184 1886 2242 1942 S.
2272 1886 2560 1954 Epiphanii
2586 1887 2814 1955 episcopi
2867 1885 3026 1955 Cypri
3052 1887 3374 1956 proferimus
3401 1905 3562 1960 expo-

1978 1977 2241 2041 sitionem,
2281 1977 2334 2028 ia
2354 1991 2457 2045 qua
2482 1977 2618 2030 inter
2662 1975 2826 2028 multa
2853 1975 3059 2030 diversa
3085 1978 3251 2047 inquit
3276 1993 3296 2031 .·
3322 1977 3562 2035 Ostende

1980 2074 2108 2129 mibi
2138 2074 2327 2128 faciem
2366 2082 2533 2145 tuam,
2557 2082 2609 2127 et
2634 2073 2871 2127 auditam
2901 2073 2986 2127 l'ac
3013 2074 3142 2129 mihi
3162 2090 3344 2130 vocem
3374 2082 3558 2142 tuam;

1980 2166 2082 2220 hoc
2105 2175 2185 2219 est
2216 2180 2311 2235 per
2347 2165 2521 2235 legem
2557 2174 2611 2217 et
2648 2165 2941 2233 prophetas
2996 2180 3099 2218 non
3134 2166 3263 2219 milii
3293 2165 3558 2236 loquaris»,

1979 2255 2073 2307 sed
2105 2254 2448 2322 temetipsum
2502 2263 2671 2307 totuu·
2712 2255 2837 2307 mihi
2873 2255 3116 2320 ostendo,
3145 2264 3191 2308 et
3228 2268 3417 2310 ca¹tera
3441 2273 3558 2327 qaoe

1981 2355 2285 2413 sequnntur.
2320 2341 2442 2394 ilaue
2472 2356 2600 2396 vero
2654 2353 2777 2396 suut
2810 2342 3075 2411 ipsissima
3129 2345 3313 2410 verba,
3356 2359 3473 2413 quae
3500 2345 3552 2399 in

1979 2435 2215 2489 editione
2237 2433 2564 2502 Foggiuiana
2594 2436 2840 2503 leguntur
2866 2449 2987 2504 pag.
3013 2434 3117 2497 59:
3161 2435 3334 2505 iisque
3368 2436 3553 2491 Graeca
3611 2434 3615 2439 ’

1981 2524 2308 2594 respondent
2354 2525 2404 2577 iu
2459 2523 2559 2577 hac
2605 2525 2840 2579 editione
2887 2535 3068 2579 nostra
3120 2542 3268 2581 uum.
3305 2526 3392 2581 7⁴.
3449 2526 3555 2585 Nec

1986 2630 2113 2669 vero
2156 2616 2322 2668 codex
2361 2614 2449 2669 ille
2488 2614 2776 2668 Vane-anns
2807 2627 2889 2671 est
2930 2619 3153 2680 unicus:
3184 2620 3276 2672 sed
3299 2630 3476 2675 exstat
3507 2622 3557 2676 iu

1982 2706 2309 2761 bibliotheca
2343 2705 2507 2776 Regia
2556 2706 2848 2762 varisiensi
2903 2710 3043 2763 iuter
3080 2710 3418 2763 miscellanea
3477 2712 3563 2765 Bi·

1980 2798 2109 2870 gotii
2147 2797 2287 2853 idem
2323 2798 2551 2852 Latinus
2581 2799 3031 2866 commentarius,
3065 2816 3222 2870 qut-m
3252 2818 3315 2855 ex
3350 2799 3564 2857 Vatica-

1981 2905 2051 2944 no
2077 2889 2266 2945 codice
2296 2891 2511 2959 quidam
2550 2892 2895 2961 suspicantur
2927 2905 3047 2947 esse
3073 2892 3421 2962 descriptum.
3454 2893 3560 2948 Sed

1981 2980 2136 3037 falsu.
2166 2980 2302 3036 Nam
2343 2983 2395 3036 iu
2423 2982 2705 3053 Bigotiauo
2723 2984 2908 3039 codice
2941 2986 3087 3040 deest
3115 2983 3374 3055 pra-satio,
3394 3000 3559 3055 quam

302 3076 473 3130 sancti
509 3073 628 3128 Vita
659 3073 868 3142 tepitur.
920 3070 1040 3124 Vidi
1077 3070 1293 3140 hujusce
1347 3074 1709 3129 commentarii
1761 3084 1876 3128 tex·
1904 3109 1946 3167 c
1988 3075 2277 3130 Vaticanus
2302 3077 2470 3131 codex
2504 3076 2768 3144 integram
2812 3076 2992 3131 habet.
3026 3076 3254 3147 AEqunm
3280 3077 3447 3146 igitur
3474 3086 3560 3132 est

293 3177 404 3220 tum
431 3162 673 3220 Groecam
716 3164 772 3218 iu
812 3165 1051 3217 manibus
1077 3179 1125 3218 v.
1162 3163 1231 3218 el.
1260 3164 1489 3218 Emerici
1522 3163 1720 3235 Biqotii
1756 3181 1875 3219 eum

296 3256 648 3327 transtatione
685 3253 901 3317 Latina,
941 3256 1096 3324 cujus
1117 3253 1202 3308 hic
1239 3256 1469 3309 mentiuit
1501 3254 1874 3310 Cassiodorus.

292 3350 428 3405 Cum
463 3345 742 3403 fluistcuio
770 3354 825 3399 et
871 3343 1092 3400 Garetio
1147 3347 1475 3401 concordant
1511 3345 1794 3401 Fabricius
1823 3357 1876 3401 et

292 3439 553 3512 Lequien.
585 3437 684 3495 Hic
717 3438 861 3492 enim
900 3439 951 3493 in
980 3437 1195 3495 Oriente
1240 3436 1544 3493 Christiano
1597 3438 1666 3509 (c)
1706 3457 1719 3493 ε
1749 3437 1879 3492 Phi-

293 3531 454 3599 lonis,
482 3528 677 3601 inquit,
730 3529 960 3598 episcopi
989 3527 1237 3597 carpam·
1267 3538 1434 3584 exstat
1471 3531 1876 3585 commentarius

295 3624 348 3678 iu
387 3623 672 3679 Canticum
726 3625 1087 3685 canticorum,
1149 3619 1298 3690 cujus
1349 3618 1543 3674 Latina
1599 3620 1879 3678 translatio

194 3765 201 3771 .
294 3715 688 3784 circumfertur,
715 3730 748 3768 a
786 3711 974 3768 Groeco
1023 3713 1204 3768 codice
1237 3713 1523 3768 adeundum
1546 3715 1873 3785 discrepans.

295 3803 588 3863 Genuinum
613 3809 729 3872 eius
756 3804 1024 3876 exemplar
1078 3804 1146 3860 cl.
1176 3804 1420 3876 Biqotius
1459 3805 1514 3858 in
1553 3821 1657 3860 sua
1684 3805 1877 3859 biblio-

295 3901 442 3954 theca
465 3901 724 3960 servabat,
751 3897 892 3968 quod
916 3895 1098 3950 Groece
1121 3895 1403 3964 Latineque
1434 3913 1466 3949 a
1507 3913 1562 3951 se
1577 3897 1877 3965 propediem

292 3991 547 4046 edendum
580 3987 873 4043 Casintirus
901 3985 1081 4043 Oudt'n
1101 3986 1158 4041 in
1197 4002 1296 4042 suo
1326 3987 1396 4040 ad
1426 3985 1754 4041 Labbeanam
1784 3985 1881 4041 Bi·

294 4081 601 4137 bliothecam
623 4078 981 4148 supplemento
1002 4093 1147 4149 spem
1179 4077 1327 4132 uobis
1357 4077 1569 4146 [ecerat.
1597 4076 1880 4137 Fabricius

295 4187 424 4228 vero
457 4171 537 4245 (d)
592 4187 608 4226 ε
660 4168 981 4235 Genuiaum,
1038 4168 1233 4238 inquit,
1284 4166 1524 4223 Philonis
1559 4179 1883 4224 commenta-

296 4265 436 4319 rium
464 4261 651 4320 Graeco
688 4278 717 4318 e
745 4261 922 4316 codice
965 4261 1243 4333 Biyotiauo
1292 4261 1557 4315 editurum
1588 4261 1789 4331 pridem
1827 4262 1879 4315 in

297 4374 353 4413 se
375 4356 563 4426 recepit
592 4355 672 4409 vir
702 4352 1039 4409 doctissimas
1059 4351 1336 4408 Anselraus
1358 4345 1673 4407 Bandurius
1699 4367 1884 4406 suona-

295 4454 423 4507 chns
439 4448 831 4504 Benedictinus.
1504 4520 1509 4527 .

366 4542 551 4612 ltaque
571 4543 693 4596 cum
723 4537 976 4609 praeclara
1005 4534 1246 4590 doctrina
1273 4542 1589 4605 prestantes
1606 4532 1880 4599 Garetius,

294 4632 557 4702 Lequien,
609 4630 914 4692 Fabricius,
963 4627 1275 4682 Bandurius
1331 4634 1387 4680 et
1431 4626 1540 4679 duo
1565 4625 1666 4680 viri
1699 4625 1878 4696 magni

297 4727 526 4783 allatius
551 4733 607 4780 et
634 4721 948 4779 liolstenius
977 4720 1030 4775 in
1079 4720 1181 4774 hoc
1206 4716 1567 4782 consentiant,
1600 4715 1877 4772 Philonem

297 4817 614 4890 Carpasium
666 4825 942 4871 auctorem
999 4811 1166 4867 fuisse
1197 4810 1367 4867 Gracci
1399 4808 1769 4864 commentarii
1820 4809 1877 4863 in

299 4908 576 4965 Canticum
617 4907 965 4969 canticorum,
991 4914 1045 4958 et
1083 4902 1254 4957 Graeci
1284 4902 1499 4957 codices
1525 4915 1752 4970 quorum
1783 4916 1880 4955 no-

301 4999 418 5056 titia
445 4999 513 5054 ad
565 5013 664 5053 nos
697 4997 964 5068 pervenit,
1005 4994 1241 5049 Philonis
1298 4993 1545 5062 Carpasii
1588 4989 1883 5062 pra-serant

301 5107 534 5159 nomeu;
595 5091 737 5147 baud
769 5099 918 5146 certe
977 5089 1171 5143 secisse
1211 5097 1408 5143 temere
1461 5086 1726 5152 videatur,
1789 5083 1880 5154 qui

300 5185 449 5240 hunc
470 5199 632 5254 quem
672 5181 871 5252 publici
894 5180 1032 5250 juris
1064 5177 1220 5242 facio,
1262 5178 1728 5242 commentarium,
1760 5192 1883 5231 cum

300 5276 490 5332 iisdem
514 5275 718 5332 Graecis
743 5272 1016 5329 codicibus
1034 5269 1304 5331 collatum,
1328 5269 1500 5324 cidem
1523 5269 1733 5324 Philoni
1752 5268 1884 5322 Car-

301 5367 435 5445 [maii
466 5367 718 5437 episcopo
753 5363 1014 5417 tribuerit.

374 5456 753 5514 Verumtamen
780 5451 1150 5524 gravissimam
1198 5449 1563 5504 difficultatem
1591 5448 1746 5504 offert
1778 5464 1879 5503 an-

378 5594 452 5666 (a)
484 5594 601 5649 Lib.
628 5608 684 5651 11,
713 5605 831 5659 pag.
861 5586 988 5641 297.

375 5667 450 5732 (b)
483 5666 599 5717 Lib.
633 5662 706 5716 De
725 5655 1167 5714 institut.litterat
1196 5695 1211 5720 ,
1245 5672 1363 5726 cap.
1399 5656 1453 5711 5.

308 5740 341 5790 .'
375 5739 444 5799 (c)
481 5733 635 5789 Toni.
663 5734 726 5799 ΙΙ,
758 5745 877 5799 pag.
908 5725 1065 5780 ¹067.

1980 3165 2293 3222 existimare
2340 3165 2520 3235 plures
2542 3165 2766 3222 Latinos
2797 3166 2963 3222 fuisse
2997 3168 3123 3223 oliuu
3176 3168 3376 3224 similes
3405 3171 3556 3224 codi-

1979 3273 2093 3321 ces,
2124 3266 2178 3313 et
2226 3256 2473 3312 sortasse-
2512 3259 2691 3314 adime
2732 3259 2930 3317 alicubi
2996 3261 3347 3329 delitescere;
3399 3264 3560 3333 idque

1981 3351 2144 3421 probe
2178 3351 2743 3420 animadvertentium,
2774 3369 2842 3409 nc
2881 3357 3000 3424 titiis
3038 3370 3101 3409 ex
3135 3371 3199 3411 eo
3237 3357 3379 3427 quod
3423 3373 3562 3412 unus

1982 3444 2353 3501 tautummodo
2396 3453 2452 3497 et
2488 3444 2781 3513 singularis
2809 3447 3151 3503 existimetur
3190 3464 3310 3504 esse
3346 3447 3562 3504 Vatica-

1977 3534 2083 3591 111Ιέ
2118 3536 2312 3601 cedet,
2357 3535 2433 3591 illi
2485 3552 2704 3606 parvam
2746 3540 2903 3592 iidem
2954 3539 3251 3595 habendam
3281 3555 3403 3595 essu
3433 3558 3563 3597 cou-

1982 3625 2189 3680 tendat:
2208 3625 2340 3680 Cum
2387 3624 2550 3698 igitur
2575 3627 2827 3684 Latinum
2855 3633 3300 3689 commentarium
3349 3644 3562 3687 constet

1978 3731 2100 3772 esse
2122 3716 2294 3773 Graeei
2313 3717 2611 3775 Philoniani
2640 3723 2970 3780 versionem:
2996 3720 3309 3779 alterutrum
3334 3728 3564 3792 pseudo·

1978 3810 2326 3880 epigrapbum
2383 3824 2503 3865 esse
2540 3822 2769 3880 oportet.
2825 3811 2973 3868 lianc
3031 3813 3398 3871 difficultatem
3469 3820 3560 3872 ha-

1984 3917 2100 3954 rum
2154 3915 2334 3957 rerum
2393 3901 2815 3972 intelligentibus
2859 3904 3242 3973 expediendam
3290 3909 3554 3979 relinquo.

1992 3995 2153 4050 Certe
2183 3995 2436 4051 Garetius
2462 3995 2552 4064 qui
2599 3997 2739 4065 apud
2773 3996 3036 4066 Bigotimn
3089 4006 3376 4070 utrumque
3408 4002 3542 4063 sidit,

1998 4087 2444 4142 commentarium
2469 4085 2714 4143 Graecum
2747 4100 2802 4143 et
2834 4088 3108 4155 Latinum,
3153 4094 3351 4146 nodum
3396 4092 3548 4147 auda-

1980 4186 2097 4234 cter
2162 4189 2407 4247 amputat
2464 4190 2520 4235 et
2575 4180 2792 4251 oblique
2832 4182 3139 4238 Cassiodori
3189 4185 3552 4239 testi-nonium

1980 4269 2202 4324 videtur
2224 4268 2474 4337 rejicere,
2508 4269 2876 4344 lectoremque
2913 4275 3300 4344 propemodum
3348 4274 3399 4328 in
3440 4291 3557 4330 eam

1987 4359 2257 4414 adducere
2287 4358 2711 4424 dubitationem,
2736 4371 2916 4416 utrum
2964 4361 3295 4432 Epiphanius
3332 4362 3559 4416 antistes

1915 4458 1959 4513 ι)
1986 4446 2217 4518 Cyprius
2259 4447 2709 4503 commentarium
2778 4447 3164 4518 conscripserit
3209 4447 3446 4517 aliquem
3507 4448 3561 4500 in

1990 4538 2264 4594 Canticum
2300 4539 2643 4594 canticorum.

2064 4628 2201 4698 Quid
2230 4630 2276 4684 si
2311 4630 2605 4686 contendat
2660 4631 2856 4699 aliquis
2884 4629 3145 4685 memoria
3187 4627 3393 4698 lapsum
3428 4626 3564 4683 Cas·

1985 4721 2287 4786 siodorum,
2333 4735 2431 4790 pro
2463 4721 2687 4776 Philone
2741 4719 3022 4791 Epiphanii
3051 4720 3241 4789 aequali
3277 4728 3332 4773 et
3363 4719 3562 4782 amico,

1986 4810 2342 4879 Epiphaniam
2371 4810 2659 4879 posuisse?
2683 4807 2820 4877 Quid
2856 4811 2899 4866 si
2922 4810 3161 4865 codicem
3186 4823 3347 4878 quem
3374 4808 3564 4864 habuit

1986 4901 2368 4969 Cassiodorus,
2404 4912 2463 4956 ut
2499 4904 2702 4973 majore
2731 4904 2902 4973 pretio
2932 4903 3152 4972 dignum
3185 4901 3386 4956 faceret
3415 4915 3566 4955 atua-

1988 4994 2229 5061 nueusiS,
2273 4995 2556 5064 Epiphanii
2588 5009 2796 5065 maguae
2830 4995 2992 5049 latnae
3022 5010 3214 5049 nomen
3252 5009 3348 5064 pro
3369 4996 3565 5049 obscu-

1990 5084 2132 5137 riore
2157 5080 2400 5138 Philonis
2433 5083 2649 5137 nomine
2678 5082 2750 5137 illi
2782 5084 3099 5152 inscripsit?
3125 5084 3187 5138 Et
3219 5084 3566 5139 consuevisse

1989 5174 2207 5246 quidem
2259 5174 2529 5238 librarios,
2586 5184 2643 5228 ut
2678 5174 2758 5228 vel
2816 5175 3063 5243 peritiam
3100 5176 3180 5230 vel
3231 5175 3566 5245 diligentiam

1991 5265 2435 5319 commendarent
2486 5279 2663 5330 suam,
2715 5266 2804 5335 qui
2854 5268 3067 5323 codices
3128 5267 3211 5321 vel
3252 5268 3453 5322 nullum
3483 5264 3567 5320 vei

1992 5357 2235 5427 ignotum
2269 5356 2626 5411 obscurumve
2664 5358 2979 5427 praeferrem
3006 5369 3300 5424 auctorem,
3335 5359 3402 5414 iis
3433 5358 3564 5412 insi-

1988 5464 2094 5521 gne
2126 5448 2355 5517 alicujus
2396 5449 2627 5505 celebris
2673 5454 2959 5522 scriptoris
3021 5466 3217 5505 nomen
3265 5451 3568 5522 praeiigere,

2054 5585 2131 5655 (d)
2165 5583 2305 5638 Luco
2328 5600 2489 5654 supra
2522 5588 2611 5641 cit.

2056 5655 2127 5727 (e)
2166 5654 2321 5710 Tom.
2351 5656 2412 5711 tv
2444 5655 2647 5711 Concil.
2684 5653 2966 5720 llarduiui,
2992 5655 3097 5711 cul.
3124 5656 3246 5712 785.
