3725 6125
255 295 392 351 tlt?

1328 290 1386 346 S.
1428 292 1628 349 tSAtAE
1669 289 1963 348 ABBAUS
2000 288 2409 348 (tantoties,

3376 290 3515 348 1113

192 444 199 450 -
252 412 593 484 despondeas
640 406 916 474 minianu
953 410 1099 463 novit
1147 408 1290 466 euim
1326 411 1498 481 magis
1542 426 1704 480 quam
1758 419 1835 472 tu,
1866 412 1917 469 Α
1947 408 2181 462 Ettamor
2210 409 2398 477 flur-ios
2422 381 2694 470 chuzamj
2721 418 2769 460 et
2803 418 2924 461 nunt
2957 407 3066 460 illic
3095 423 3255 477 usque
3286 415 3353 460 aa
3381 426 3517 477 [nw-

252 505 378 577 quid
408 498 667 568 expediat
696 498 814 553 tibi.
847 496 924 554 Ne
957 498 1157 555 dixeris
1200 501 1362 572 igitur
1391 520 1406 557 ε
1437 502 1551 557 Hoc
1585 502 1717 557 mihi
1749 504 1839 565 da.

253 608 341 655 aut
366 594 527 650 aul'er
552 590 690 646 illud
723 604 755 644 a
795 602 916 653 me;
948 590 1052 644 sed
1079 589 1153 645 ita
1180 605 1443 659 precare:
1469 591 1691 648 Domine
1716 590 1840 646 ,lesu

255 686 488 748 Christe,
519 680 717 751 adjuva
756 693 886 745 me;
924 694 992 735 ne
1025 681 1174 737 sinas
1203 697 1288 737 me
1315 695 1544 751 peecare
1586 685 1842 735 adversus

260 788 333 836 te.
365 778 409 832 A
450 781 599 830 recta
633 770 723 828 via
771 768 986 836 deflexi,
1029 787 1097 830 ne
1125 771 1403 841 permittas
1443 788 1530 828 me
1557 774 1710 843 sequi
1749 789 1846 827 vo-

268 868 521 923 lunt-tem
548 876 769 929 noenu
813 876 882 918 ne
926 863 1154 931 patiaris
1183 878 1269 918 me
1306 864 1484 935 perire
1525 864 1578 919 in
1613 864 1846 934 peccatis

271 958 431 1023 meis:
476 955 741 1011 miserere
789 964 1078 1017 creaturae,
1139 969 1210 1009 ne
1255 955 1524 1022 despicias
1557 969 1679 1021 me,
1720 956 1845 1023 quia

267 1048 507 1104 iulirmus
542 1047 662 1102 stim
687 1062 706 1112 ς
736 1060 806 1100 ne
857 1044 1202 1113 derelinquas
1237 1061 1342 1110 me,
1382 1050 1632 1116 quoniam
1677 1050 1747 1098 od
1796 1055 1846 1098 te

260 1138 468 1208 eoitfuyi
503 1136 549 1168 ¹⁸
582 1153 598 1190 ε
632 1135 838 1189 medere
867 1134 1059 1187 animoe
1093 1150 1242 1198 mete,
1275 1137 1397 1203 quia
1423 1135 1628 1203 peccavi
1664 1135 1754 1186 tibi
1779 1134 1844 1188 ¹⁶.

260 1225 327 1283 In
364 1236 647 1295 conspectu
691 1236 782 1279 tuo
810 1236 930 1278 sunt
961 1239 1137 1280 omnes
1174 1226 1263 1294 qui
1295 1224 1546 1278 tribulam
1580 1239 1660 1279 me
1684 1224 1748 1277 ¹'.
1780 1225 1849 1280 Et

265 1334 371 1373 non
407 1328 489 1372 est
521 1317 588 1370 ad
625 1330 784 1385 quem
813 1313 1163 1384 confugiam,
1202 1315 1416 1369 nisiad
1461 1324 1548 1379 te,
1601 1315 1846 1371 Domine.

269 1408 428 1464 Salva
448 1422 557 1472 me,
584 1420 794 1478 quoeso,
831 1405 1078 1471 Domine,
1108 1420 1205 1475 per
1226 1406 1651 1464 misericordiam
1681 1416 1846 1461 tuam.

1941 508 2136 552 sentem
2166 499 2324 552 diem.
2374 494 2520 550 Tunc
2564 497 2707 550 misit
2748 498 3086 565 Assyriorum
3131 512 3223 551 rex
3249 512 3279 552 a
3313 498 3519 567 pupulis

1942 589 2075 653 uuis,
2117 571 2483 656 quittabt'toret
2509 586 2564 638 in
2589 596 2727 638 terra
2768 582 2969 648 Israel,
2993 597 3040 638 et
3062 602 3217 641 ouum
3245 585 3344 642 aibr
3370 588 3517 654 quie·
3619 580 3630 591 ”

1943 693 2040 746 que
2073 675 2309 744 sculptile
2348 675 2605 743 confecit,
2645 685 2694 728 et
2730 675 2963 731 adoravit
2994 675 3126 734 illud
3145 714 3164 741 ,
3186 686 3235 732 et
3262 691 3381 732 ecce
3412 676 3521 731 illie

1944 776 2065 824 sunt
2107 782 2269 837 usque
2321 767 2390 820 ud
2435 765 2748 820 hodiernum
2802 766 2942 822 diem
2972 766 3039 819 ⁸¹.
3087 766 3211 824 lloec
3264 766 3520 838 Ephraim

1946 858 2304 925 contigerunt,
2344 859 2468 927 quia
2502 858 2774 926 oppressit
2819 859 3188 918 adversarium
3227 874 3422 926 suum,
3453 873 3510 917 et

1942 948 2205 1019 judicium
2245 950 2606 1005 conculcavit.

2020 1038 2110 1095 lx.
2142 1041 2529 1105 Considerate,
2569 1039 2913 1106 charissimi,
2971 1041 3100 1111 quid
3149 1041 3232 1100 eis
3261 1042 3523 1098 acciderit

1947 1133 2040 1202 qui
2070 1132 2436 1205 volun—tatibus
2465 1134 2579 1187 suis
2607 1134 2764 1187 malis
2788 1132 3148 1198 indulserunt,
3170 1143 3224 1188 et
3248 1134 3522 1205 propriam

1951 1222 2339 1278 conscientiam
2379 1223 2788 1278 conculcarunt.
2820 1221 2899 1278 Ne
2940 1223 3256 1279 aetttttlotnur
3292 1238 3409 1288 eos,
3438 1225 3525 1278 ‹ti-

1951 1312 2257 1378 lectissimi,
2294 1312 2387 1367 sed
2418 1326 2611 1366 omnes
2641 1312 2819 1380 potius
2853 1323 3072 1368 sanctos
3102 1313 3395 1379 imitemur,
3430 1316 3528 1383 qui

1951 1406 2018 1460 ad
2060 1413 2287 1459 mortem
2326 1419 2495 1472 usque
2521 1416 2742 1474 peccato
2776 1419 2880 1459 non
2918 1406 3397 1476 obtemperarunt,
3429 1408 3525 1464 sed

273 1489 682 1570 confundantur
724 1515 902 1554 omnes
944 1508 996 1554 et
1041 1500 1349 1553 erubescant
1372 1537 1388 1562 ,
1423 1497 1515 1567 qui
1564 1497 1855 1567 insurgunt
1954 1506 2156 1548 sanctae
2181 1508 2293 1548 suae
2317 1494 2662 1549 conscientiae
2691 1503 3006 1565 paruerunt,
3031 1506 3083 1550 et
3111 1497 3264 1566 regni
3288 1498 3526 1553 coelestis

277 1588 539 1643 adversus
556 1600 664 1656 me,
686 1589 781 1658 qui
807 1588 1298 1659 quoeruntanimem
1327 1602 1516 1649 meam,
1545 1594 1603 1640 ut
1628 1588 1850 1655 perdant
1957 1582 2325 1638 haereditatem
2415 1593 2759 1651 acceperunt.
2822 1584 3026 1640 Eorum
3084 1586 3229 1642 enim
3297 1588 3528 1657 quisque

276 1676 426 1732 illem
453 1677 520 1730 ²⁸.
554 1676 656 1743 Tu,
707 1676 958 1743 Domine,
1001 1686 1158 1747 potes
1197 1676 1414 1742 omnia,
1448 1684 1502 1729 et
1542 1690 1636 1745 per
1679 1685 1732 1729 te
1771 1684 1855 1729 est
1955 1682 2114 1729 aetate
2144 1687 2243 1727 sua
2273 1672 2542 1743 perlectus
2576 1673 2676 1727 l'uit
2704 1676 2994 1731 charitate.
3025 1676 3092 1731 Et
3128 1677 3349 1733 nomina
3383 1678 3528 1747 ipso-

277 1768 443 1840 gloria
483 1752 609 1823 Deo'
635 1775 690 1823 et
731 1765 901 1835 Patri,
932 1777 992 1823 et
1044 1768 1271 1840 Spiritui
1323 1779 1512 1824 sancto
1558 1769 1613 1822 in
1654 1768 1848 1823 saecnla
1884 1742 1926 1800 Β
1957 1778 2073 1818 rum
2115 1762 2260 1817 nulla
2305 1779 2541 1833 unquam
2576 1764 2776 1820 delebit
2803 1766 3027 1823 oblivio.
3062 1765 3313 1840 Figuram
3340 1769 3526 1826 dilecti

278 1856 616 1915 saeculorum.
669 1858 864 1914 Amen.
897 1857 1051 1916 Tune
1089 1860 1424 1915 conscientia
1463 1866 1554 1913 tua
1586 1857 1724 1911 clam
1773 1858 1852 1910 lo·
1917 1898 1921 1902 .
1956 1852 2121 1907 Jacob
2153 1851 2516 1922 suscipiamus
2540 1892 2556 1919 ,
2600 1855 2690 1924 qui
2742 1857 3056 1924 parentibus
3084 1857 3200 1914 suis
3228 1860 3528 1916 secundum

278 1955 474 2021 quetur
500 1950 555 2005 iu
581 1949 743 2006 corde
776 1958 893 2015 tuo,
919 1959 974 2005 et
993 1964 1215 2006 eausam
1251 1948 1479 2020 aperiet,
1501 1948 1848 2019 quamohrem

283 2048 335 2095 te
368 2055 474 2096 non
521 2040 775 2095 exaudiat
816 2039 976 2095 Deus.
1014 2039 1186 2095 Tuum
1223 2040 1388 2111 igitur
1426 2039 1537 2107 jam
1575 2038 1680 2093 erit
1708 2036 1850 2108 quod

282 2128 373 2185 illa
402 2129 620 2193 dixerit,
654 2129 707 2185 id
737 2144 845 2185 uon
883 2128 1175 2201 negligere,
1205 2130 1298 2186 sed
1341 2130 1521 2185 lacere
1547 2127 1849 2200 diligenter.

284 2215 427 2275 Fieri
456 2219 598 2276 enim
628 2234 735 2275 nou
766 2227 946 2290 potest
969 2259 986 2285 ,
1036 2221 1081 2276 si
1128 2221 1295 2276 Deum
1325 2219 1487 2275 bomo
1522 2218 1693 2283 audit,
1723 2218 1852 2283 quin

287 2310 428 2366 Deus
459 2309 729 2368 hominem
761 2312 1039 2369 exaudiat.
1069 2311 1256 2380 Neque
1283 2312 1427 2369 enim
1460 2319 1544 2366 est
1573 2308 1756 2378 procul
1785 2308 1852 2362 ab

288 2399 524 2457 homine.
565 2399 671 2455 Sed
713 2400 1016 2458 voluntates
1058 2411 1261 2458 nostrae
1309 2401 1360 2456 ei
1411 2399 1699 2458 contrariae
1742 2413 1850 2458 non

282 2491 601 2562 permittunt
643 2498 702 2546 ut
741 2490 831 2546 ille
877 2506 976 2547 nos
1020 2492 1224 2546 audiat.
1265 2489 1435 2546 Nemo
1498 2500 1550 2546 te
1590 2489 1845 2559 decipiat.

279 2579 742 2650 Quemadmodum
765 2580 913 2637 enim
939 2582 1059 2639 sine
1078 2581 1285 2637 semine
1303 2591 1357 2635 et
1379 2594 1516 2649 aqua
1542 2595 1647 2635 non
1683 2586 1857 2649 potest

280 2684 407 2741 ager
431 2684 500 2729 ex
537 2684 598 2725 se
629 2667 864 2725 fructum
897 2668 1041 2725 l'erre
1068 2685 1084 2725 z
1116 2670 1197 2725 sic
1223 2668 1384 2723 homo
1411 2670 1527 2723 sine
1569 2665 1856 2723 afflictione

283 2768 442 2828 atque
464 2758 772 2814 humilitate
801 2759 940 2815 ferre
969 2757 1202 2814 fructum
1234 2773 1341 2813 non
1371 2757 1534 2813 valet.

358 2845 494 2902 vill.
528 2846 586 2901 ln
620 2846 715 2902 Dei
768 2847 996 2916 timore,
1045 2846 1244 2904 fratres
1273 2847 1601 2913 charissimi,
1631 2862 1855 2903 manea-

289 2955 432 3009 mus,
468 2948 522 2997 et
563 2940 793 2998 virtutes
817 2942 1125 2999 excolentes
1153 2940 1360 2997 nullum
1384 2940 1726 2998 conscientiae
1763 2955 1858 2995 no·

290 3042 421 3089 strae
463 3032 839 3091 offendiculum
881 3035 1255 3107 praebeamus,
1289 3033 1383 3090 sed
1427 3033 1698 3089 nobismet
1729 3032 1858 3104 ipsis

291 3125 628 3180 attendamus
653 3123 707 3180 in
739 3122 935 3180 timore
955 3124 1072 3189 Dei,
1092 3124 1269 3178 donec
1296 3121 1411 3192 ipsa
1438 3135 1652 3190 quoque
1675 3119 1857 3174 nobis-

290 3231 410 3273 cum
446 3217 615 3274 lihera
658 3216 763 3280 sit,
792 3226 954 3286 atque
977 3213 1052 3268 ita
1074 3211 1360 3281 conjuncta
1384 3250 1402 3277 ,
1436 3222 1496 3266 ut
1525 3211 1681 3267 nobis
1706 3211 1863 3275 dein·

284 3323 412 3379 ceps
458 3322 644 3364 custos
691 3307 799 3385 sit,-
832 3305 1079 3360 ostendat
1121 3320 1187 3369 ue
1235 3321 1266 3359 a
1316 3304 1513 3374 quibus
1553 3300 1861 3359 caveamus.

283 3399 440 3472 Quod
476 3401 525 3455 si
563 3399 618 3452 ei
655 3410 852 3466 parere
884 3393 1011 3467 nolu
1094 3374 1237 3464 mus,
1274 3410 1378 3450 nos
1423 3393 1767 3464 derelinquet.
1799 3409 1864 3448 ac

262 3488 543 3553 'deseret,
575 3497 635 3541 et
661 3484 966 3539 incidemus
992 3483 1046 3539 in
1077 3498 1260 3542 nunus
1288 3487 1625 3542 inimicorum
1660 3496 1867 3542 nostro·

299 3592 454 3640 rum,
485 3573 577 3645 qui
608 3571 781 3626 nostri
810 3582 989 3640 postea
1046 3589 1149 3631 non
1204 3578 1635 3642 miserebuntur,
1677 3592 1867 3647 quem-

308 3665 591 3720 admodum
652 3662 830 3717 docuit
869 3677 967 3721 nos
1034 3664 1344 3721 Dominus:
1387 3667 1537 3731 Esto,
1592 3668 1863 3732 inquiens,

309 3773 426 3811 cum
464 3755 768 3810 adversario
807 3765 894 3810 tuo
932 3758 1281 3823 consentiens,
1313 3759 1438 3811 dum
1467 3775 1520 3813 es
1553 3760 1606 3812 in
1635 3759 1716 3812 via
1746 3775 1863 3813 cum

305 3867 387 3915 eo,
427 3865 489 3904 ne
527 3847 663 3920 sorte
693 3846 865 3902 tradat
905 3858 955 3902 te
1005 3849 1339 3904 adversarius
1372 3851 1577 3920 judici,
1610 3859 1656 3904 et
1699 3848 1869 3918 judex

306 3941 481 3995 tradet
507 3949 554 3995 te
574 3934 828 4003 ministro,
852 3947 901 3994 et
923 3938 978 3993 1η
1007 3954 1269 3993 carcerem
1295 3940 1540 3993 mittaris.
1563 3940 1724 3993 Amen
1750 3939 1867 3992 dico

306 4032 419 4096 tibi,
456 4047 559 4085 nort
586 4028 751 4084 exibis
775 4028 916 4096 inde,
946 4030 1110 4083 donec
1148 4031 1338 4083 reddas
1371 4030 1704 4083 novissimum
1736 4045 1869 4099 qua·

303 4121 537 4175 drentem
564 4118 633 4175 ¹⁹.
656 4117 979 4174 Adversaria
1008 4119 1209 4174 dicitur
1235 4121 1585 4185 conscientia,
1614 4122 1866 4190 qnoniam

262 4274 267 4279 ,
304 4210 505 4268 homini
535 4208 768 4282 cupienti
799 4209 977 4267 l'acere
1005 4211 1186 4266 carnis
1215 4211 1540 4267 voluntatem
1564 4251 1580 4276 ‚
1613 4213 1867 4266 adversa-

308 4311 414 4359 tur.
443 4301 571 4370 Quae
591 4300 808 4372 quidem
829 4302 1168 4367 adversaria,
1200 4304 1302 4358 nisi
1336 4319 1456 4357 cum
1478 4318 1539 4358 ea
1564 4303 1724 4358 homo
1746 4319 1882 4363 con·.

1960 1942 2188 1998 Deum-in
2202 1944 2449 1998 otnnihus
2468 1944 2725 2001 obedivit.
2746 1946 2869 2015 Qui,
2891 1958 3110 2018 accepta
3131 1948 3530 2013 benedictione,

1895 2095 1900 2100 ,
1958 2036 2125 2092 voluit
2153 2035 2208 2089 in
2240 2035 2679 2105 Mesopotamiam
2719 2039 3009 2108 proficisci,
3041 2050 3097 2095 ut
3125 2041 3227 2098 sibi
3255 2042 3394 2097 lilios
3420 2041 3531 2098 illic

1963 2135 2298 2196 procrearet.
2355 2124 2542 2196 Neque
2597 2129 2741 2184 euim
2799 2130 2937 2186 lilios
2983 2132 3205 2203 gignere
3250 2132 3419 2188 voluit
3461 2148 3529 2189 ex

1961 2217 2171 2273 filiabus
2215 2217 2691 2286 chananaeorum,
2743 2222 2836 2291 qui
2887 2237 3009 2277 cum
3057 2223 3369 2293 parentibus
3416 2224 3532 2280 suis

1960 2309 2371 2366 contenderant.
2418 2309 2571 2366 Tunc
2599 2321 2850 2380 suscepto
2883 2311 3076 2368 haculo
3116 2322 3172 2370 et
3216 2312 3320 2371 olei
3369 2312 3532 2369 leuti-

1958 2397 2103 2463 cttla,
2128 2399 2275 2452 veuit
2305 2397 2359 2452 in
2394 2397 2566 2453 locum
2598 2399 2809 2464 Bethel,
2839 2388 3281 2473 qttodsignisscat
3316 2403 3531 2459 domum

1963 2486 2076 2554 Dei,
2115 2496 2170 2543 et
2196 2488 2265 2543 ibi
2297 2488 2568 2552 dormivit,
2598 2489 2833 2563 viditque
2861 2502 3018 2550 noctu
3046 2492 3341 2550 seeundum
3375 2493 3531 2565 quie-

1962 2590 2066 2637 tem
2098 2580 2320 2648 liguram
2357 2580 2516 2637 scalae
2542 2581 2609 2636 de
2635 2583 2773 2640 coelo
2817 2584 2870 2640 in
2898 2594 3099 2640 terram
3128 2599 3297 2655 usquc
3324 2585 3523 2658 pertiu-

1962 2673 2171 2743 gentis,
2201 2681 2256 2728 et
2295 2674 2510 2742 angelos
2543 2672 2631 2728 Dei
2667 2687 2778 2744 per.
2804 2689 2924 2731 eam
2957 2675 3313 2732 ascendentes
3339 2690 3408 2738 ac
3437 2675 3531 2731 de-

1963 2764 2319 2830 sccntlentes3
2353 2764 2607 2822 Dominus
2638 2773 2817 2820 autem
2845 2773 2900 2821 et
2922 2767 3083 2822 scaloe
3111 2766 3436 2824 innitebatur
3464 2767 3532 2822 ⁹¹.

1966 2851 2089 2908 llaec
2110 2851 2278 2923 ligura
2302 2852 2637 2909 demonstrat
2679 2854 2754 2910 illi
2780 2855 2870 2925 qui
2897 2856 3004 2912 Deo
3031 2857 3219 2925 incipit
3247 2856 3535 2922 inservire,

1965 2943 2020 2998 in
2075 2944 2343 3015 principio
2395 2945 2611 3014 quidem
2659 2948 2922 3002 virtutum
2969 2947 3203 3016 speciem
3246 2961 3531 3016 apparere,

1966 3049 2101 3106 quas
2131 3035 2235 3093 nisi
2263 3035 2550 3107 diligenter
2580 3038 2900 3106 excoluerit,
2931 3038 2999 3094 ad
3028 3039 3193 3095 Deum
3235 3053 3343 3097 non
3375 3050 3535 3110 pete-

1969 3127 2038 3182 rit
2059 3128 2361 3198 pervenire.
2397 3131 2645 3187 Surrexit
2692 3140 2871 3187 autem
2900 3129 3096 3198 Jacob,
3126 3141 3182 3187 et
3207 3130 3382 3188 l'oedus
3409 3146 3533 3186 cum

1970 3217 2080 3281 Deo
2114 3219 2412 3291 percussit,
2451 3228 2510 3297 ιιι
2539 3230 2683 3277 esset
2710 3237 2903 3277 servus
2930 3220 3075 3293 ejus,
3111 3231 3167 3277 ot
3195 3220 3538 3279 eonnrmavtt

1963 3322 2087 3363 enm
2133 3309 2302 3373 Deus.
2333 3298 2470 3379 E'qo,
2513 3311 2784 3383 inquiens,
2830 3326 2919 3365 ero
2966 3322 3133 3367 tecum
3176 3317 3229 3365 et
3277 3319 3336 3379 te,
3360 3320 3536 3367 eusto-

1966 3401 2107 3453 diam
2137 3399 2202 3454 ⁸⁸.
2240 3399 2392 3454 Tunc
2427 3399 2479 3453 in
2534 3400 2973 3467 Mesopotamiam
3023 3399 3331 3469 profectus.
3363 3411 3420 3455 ut
3462 3399 3534 3454 ibi

1967 3488 2187 3545 uxorem
2222 3491 2466 3557 duceret,
2491 3506 2610 3546 cum
2640 3489 2836 3544 Rachel
2859 3490 3081 3543 vidisset
3103 3488 3263 3544 liliam
3285 3491 3534 3549 avunculi

1967 3582 2070 3644 sui,
2096 3581 2283 3636 dilexit
2308 3595 2454 3646 eam,
2478 3590 2531 3634 et
2553 3592 2755 3649 septem
2791 3595 2959 3635 anuos
2980 3580 3202 3636 servivit
3230 3593 3445 3651 propter
3473 3582 3538 3635 il-

1968 3673 2094 3726 lam.
2127 3673 2443 3741 Quanquam
2473 3687 2576 3726 non
2618 3670 2768 3741 prius
2800 3671 2848 3725 ci
2881 3671 3004 3725 data
3040 3670 3160 3737 suit,
3189 3686 3350 3741 quam
3384 3670 3537 3726 Liam

1973 3779 2196 3817 uxorem
2244 3765 2534 3831 acciperet.
2566 3763 2632 3817 Et
2668 3762 2866 3818 Rachel
2892 3771 3006 3819 erat
3032 3763 3253 3821 sterilis.
3297 3762 3539 3835 Mesopo-

1971 3856 2134 3909 tamia
2178 3869 2369 3910 nomen
2399 3869 2464 3909 ex
2500 3868 2565 3908 eo
2596 3856 2789 3910 sortita
2824 3864 2928 3922 est,
2954 3855 3096 3926 quod
3129 3854 3201 3911 sit
3234 3854 3373 3910 iuter
3403 3856 3541 3913 duos

1969 3945 2157 3999 fluvios
2205 3945 2335 4010 sita,
2390 3959 2582 4012 nempe
2637 3945 2779 4000 inter
2828 3944 3029 4016 Tigrim
3066 3955 3124 4001 et
3177 3945 3537 4017 Euphratem.

1969 4035 2125 4091 Prior
2166 4034 2364 4089 labitur
2408 4050 2440 4090 e
2487 4034 2704 4104 regione
2747 4036 3120 4107 Assyriorum,
3146 4034 3284 4097 alter
3327 4020 3541 4090 initium

1975 4127 2299 4192 nonhabet,
2334 4126 2428 4180 sed
2476 4126 2674 4179 dicitur
2713 4123 2883 4179 fluens
2910 4126 2965 4180 iu
3016 4125 3316 4182 latitudine.
3364 4127 3544 4197 Tigris

1971 4228 2055 4273 est
2095 4215 2703 4299 discretionEuphrates
2748 4226 2923 4271 :tutem
2968 4217 3257 4271 numnius.
3291 4215 3383 4271 Lta
3415 4230 3542 4273 cor-

1971 4312 2116 4382 poris
2144 4308 2383 4364 laborum
2407 4317 2588 4380 typum
2616 4310 2782 4381 gerit3
2814 4307 3010 4365 Rachel
3036 4318 3214 4364 autem
3241 4324 3383 4365 verte
3409 4323 3542 4366 con-

304 4394 535 4460 δθηῑῑῦῑι
577 4394 741 4452 tradit
779 4409 903 4453 enm
956 4394 1190 4449 inimicis
1225 4395 1416 4464 ipsius.
1457 4394 1662 4450 ldcirco
1701 4392 1868 4450 Oseas
1905 4417 1950 4476 ι)
1980 4400 2365 4472 templationis.
2399 4400 2522 4455 llaec
2554 4399 2755 4456 bomini
2786 4400 3100 4470 contingunt
3141 4400 3193 4454 in
3237 4398 3544 4471 Mesopota-

300 4486 685 4543 commiserans
716 4485 970 4556 Ephraim
995 4523 1012 4550 ,
1053 4485 1302 4539 dicebat:
1328 4483 1595 4555 Oppressit
1628 4486 1872 4539 advena-

296 4578 439 4633 ntum
468 4591 644 4642 suunt,
666 4586 712 4631 et
745 4575 1066 4629 conculcavit
1082 4573 1370 4644 judicium.
1421 4572 1668 4638 Quoesiuit
1696 4574 1870 4645 Αἴθῃ-

288 4676 480 4739 ptum,
533 4677 581 4722 et
633 4666 683 4722 ui
736 4666 926 4720 ductus
973 4674 1046 4719 est
1091 4648 1161 4718 e‘d
1197 4665 1440 4734 Assyrios
1466 4664 1532 4716 ⁸⁹.
1578 4663 1868 4735 AEgyptum

292 4759 514 4831 qumrit,
541 4758 633 4829 qui
661 4759 842 4814 carnis
871 4756 986 4812 vult
1012 4755 1194 4810 lacere
1219 4754 1571 4809 voluntatem.
1595 4752 1658 4808 Vi
1691 4765 1868 4808 autem

296 4852 518 4908 ducitur
545 4851 613 4905 ad
645 4850 917 4923 Assyrios.
943 4865 1065 4904 cum
1097 4847 1180 4904 vel
1203 4846 1410 4913 volens,
1439 4846 1523 4900 vel
1551 4846 1751 4902 invitus
1773 4847 1873 4901 ini·

298 4942 469 4999 micis
489 4943 677 4998 servit.
708 4939 939 5012 Operam
974 4940 1183 5005 (letum,
1216 4939 1412 4994 l'ratres
1448 4938 1776 5007 charissimi,
1805 4954 1874 4994 ne

294 5035 356 5091 in
387 5022 582 5090 fnanus
614 5031 911 5088 voluntatis
942 5042 1138 5086 nostrae
1168 5029 1461 5085 secundum
1488 5042 1707 5083 carnem
1743 5028 1876 5083 inci-

288 5126 514 5191 tlamus,
546 5142 613 5180 ne
638 5126 880 5194 captivos
915 5139 1012 5178 nos
1042 5125 1094 5178 iu
1127 5121 1399 5191 Assyriam
1428 5120 1617 5184 «lucau
1648 5134 1744 5174 uos
1776 5135 1874 5172 au·

286 5228 407 5273 tem
449 5214 644 5269 acerba
684 5213 775 5268 illa
809 5213 971 5268 verba
1003 5213 1286 5266 audiamus
1331 5226 1347 5264 ε
1397 5206 1546 5263 Venit
1580 5222 1673 5262 rex
1715 5208 1876 5279 Assy-

1983 4492 2087 4546 mia
2123 4492 2506 4557 commoranti,
2529 4500 2588 4546 ut
2617 4507 2736 4545 cum
2765 4492 3088 4546 discretione
3116 4491 3327 4548 labores
3352 4507 3544 4560 corpo·
3587 4467 3605 4484 ⁹

1984 4597 2105 4636 reos
2148 4582 2445 4649 suscipiat,
2494 4582 2691 4651 quihus
2728 4582 2912 4638 hostes
2950 4584 3201 4655 Assyrios
3241 4585 3451 4649 vincat,
3488 4592 3544 4639 et

1981 4688 2104 4728 cuin
2146 4671 2448 4727 humilitate
2481 4673 2549 4728 ad
2582 4687 2767 4729 veram
2808 4673 3316 4745 contemplationem
3354 4686 3544 4744 pervc-

1981 4764 2111 4820 llial.
2488 4752 2498 4767 κ

2057 4850 2126 4906 X.
2162 4850 2425 4907 Caeterum
2469 4852 2663 4913 Rachel
2714 4850 2853 4907 lilios
2883 4870 2985 4907 non
3014 4850 3231 4922 genuit,
3255 4863 3544 4922 autequam

1985 4950 2201 5008 pareret
2229 4940 2345 5004 Lia,
2381 4952 2430 4996 et
2464 4931 2631 4997 Jacob
2671 4938 2781 5012 ips'e
2815 4943 3062 4997 serviret.
3095 4942 3171 4997 Ex
3210 4958 3318 5014 quo
3344 4943 3545 4999 intelli·

1988 5031 2162 5098 gimus
2207 5034 2511 5097 homiuem,
2558 5035 2658 5087 uisi
2708 5034 2857 5101 prius
2902 5031 3113 5089 labores
3141 5034 3193 5088 in
3235 5034 3546 5090 excolendis

1986 5124 2272 5178 virtutihus
2314 5123 2620 5194 protulerit,
2658 5140 2762 5178 nou
2795 5140 2950 5194 posse
2987 5129 3052 5179 ad
3094 5141 3231 5181 verre
3262 5126 3547 5195 perfectio·

1985 5215 2069 5268 nis
2097 5214 2401 5270 libertatem
2423 5215 2682 5286 aspirare.
2712 5215 2922 5272 Uxores
2945 5227 3098 5272 erant
3128 5220 3299 5274 ambae
3327 5221 3549 5289 quidem

283 5310 503 5365 riorum
528 5307 585 5360 in
617 5316 811 5360 terram
855 5303 1023 5358 Israel
1046 5344 1060 5370 ,
1091 5311 1140 5358 el
1174 5302 1403 5371 captivos
1441 5302 1590 5355 duxit
1621 5300 1876 5369 Ephraim
1983 5304 2168 5369 Jacob,
2195 5307 2286 5359 setl
2318 5307 2404 5361 ille
2434 5308 2605 5378 magis
2644 5306 2849 5363 Rachel
2876 5324 3037 5379 quam
3076 5308 3226 5363 Liam
3256 5310 3548 5381 diligebar,

282 5408 348 5456 et
392 5394 571 5453 Israel
595 5395 649 5449 in
684 5392 969 5463 Assyrio&
1005 5401 1052 5447 et
1087 5392 1256 5464 posuit
1299 5406 1386 5447 eos
1413 5391 1570 5463 juxte
1616 5389 1799 5446 Eleum
1828 5401 1879 5446 et
1986 5395 2237 5465 quoniam
2277 5394 2372 5449 [Λα
2401 5396 2553 5466 lippis
2586 5408 2696 5452 erat
2730 5397 2918 5463 oculis,
2961 5396 3152 5455 Rachel
3184 5401 3373 5455 decora
3408 5398 3545 5470 [acie

419 5609 462 5640 ¹⁸
499 5603 649 5662 Psal.
689 5617 858 5665 οιιιι,
884 5601 936 5656 9.
1017 5603 1059 5635 ¹⁸
1099 5564 1239 5657 psat.
1273 5619 1363 5667 ιι,
1400 5604 1454 5660 5.
1533 5603 1574 5635 ¹⁷
1615 5602 1756 5658 Psal.
1797 5601 2097 5664 ι.ιῑι·ιιι,21.
2207 5600 2247 5631 ¹⁸
2300 5599 2438 5655 l‘sal.
2485 5617 2673 5660 xxxix.
2730 5602 2814 5656 ¹3.
2898 5605 2940 5635 ¹⁹
2977 5603 3166 5663 Manli.
3209 5618 3258 5667 v,
3309 5599 3400 5666 25,
3441 5598 3536 5655 23.

292 5674 349 5712 ⁸⁰
387 5676 531 5738 0500
576 5687 698 5739 vn,
744 5670 830 5726 11.
929 5673 970 5704 ¹¹
1016 5673 1080 5728 lv
1124 5673 1255 5743 lleg.
1297 5689 1442 5741 χιιι,
1483 5672 1541 5740 0,
1576 5673 1666 5741 25,
1704 5674 1796 5728 25.
1899 5676 1944 5706 ⁸¹
1985 5670 2121 5728 Gen.
2163 5686 2352 5743 xxvttt,
2397 5671 2420 5726 1
2466 5688 2585 5742 sqq.
2663 5673 2709 5705 ⁸³
2741 5673 2868 5729 ih‘ul.
2919 5673 3002 5729 15.
