3725 6125
132 374 208 433 23

1559 365 1952 425 PRAEFATto.

3316 364 3387 421 ao

131 503 187 549 et
221 486 606 557 discrepantia,
634 483 724 537 sed
761 499 820 540 se
859 495 915 538 ut
951 495 1220 539 oratorem
1267 486 1426 555 gerit.
1466 487 1719 555 Quinimo
1745 489 1793 547 Α
1823 496 1930 542 tem
1980 500 2009 539 a
2064 484 2230 539 Suida
2286 483 2592 538 nominatur
2628 482 2949 553 ὑπόμνημα.
3002 481 3052 535 in
3103 480 3391 534 immanem

133 598 260 639 cum
313 581 371 633 in
424 576 708 633 collatione
776 589 1053 645 pergerent
1109 574 1283 645 Graeci
1339 593 1462 632 cum
1517 578 1714 634 Latino

134 671 544 732 commentario,
583 669 833 722 videbam
872 666 1173 722 Salutatum
1212 668 1490 723 brevitatis
1529 669 1713 725 Philo-

142 767 319 821 nianae
362 763 584 816 sortasse
645 770 967 829 pertaesum,
1022 759 1189 816 tincas
1236 772 1407 827 usque
1458 761 1715 818 audacius

148 855 442 917 transilire;
502 851 667 905 multa
726 866 829 905 uon
884 851 952 905 de
1008 852 1187 906 vet-his
1240 853 1448 918 solum,
1500 854 1595 908 sed
1650 855 1716 907 de

145 944 419 1000 sententiis
471 943 726 1005 deutere;
775 941 933 1009 longe
981 957 1108 995 vero
1156 942 1415 1009 plut-intas
1461 944 1718 1009 explana-

1829 574 2258 647 magnitudinem
2308 576 2611 629 excrevisse
2658 594 2671 628 ε
2717 586 2775 627 ιιι
2828 574 3060 641 aliquam
3113 571 3393 640 scriptioni

1823 681 1935 722 suae
1990 666 2307 721 conciliaret
2343 667 2530 730 tidem,
2577 666 2812 720 fabulam
2864 666 3011 718 illam
3059 674 3396 719 cctnmentus

1822 769 1907 814 est
1960 759 2027 813 de
2055 759 2267 814 duobus
2308 758 2714 814 commentariis
2760 755 3026 812 Eustathii
3074 765 3130 811 et
3175 754 3394 811 Eusebii

1822 864 1943 905 cum
1972 848 2294 904 Philoniano
2320 848 2622 904 commistis
2647 858 2699 902 et
2731 846 2786 901 in
2816 862 2982 902 unum
3013 845 3283 903 conflatis.

1816 993 1821 997 .
1898 943 1970 996 De
2020 941 2192 998 Graeci
2243 941 2616 996 commentarii
2652 948 2829 1005 aetate,
2870 938 2985 994 sive
3035 939 3185 993 illum
3237 938 3395 996 Philo

140 1036 327 1099 tioneS,
357 1049 493 1103 quas
513 1034 715 1088 l'rnstra
741 1034 792 1087 in
820 1033 1043 1089 Philone
1065 1048 1300 1102 quaeraS,
1325 1036 1583 1100 inserere,
1609 1050 1717 1105 qno
1815 1033 2137 1104 carpasius,
2182 1033 2296 1088 sive
2348 1031 2673 1101 Carpathius
2717 1031 3124 1096 conscripserit,
3159 1030 3393 1085 dubitari

129 1126 374 1197 pleniore
413 1141 536 1182 enm
580 1125 967 1180 commentario
1010 1126 1122 1195 ipse
1170 1126 1408 1193 prodiret
1454 1126 1504 1178 in
1542 1126 1715 1192 publi-

129 1233 285 1282 cum;
322 1233 495 1286 eoque
524 1218 576 1271 in
615 1217 732 1270 suis
762 1215 1120 1271 additionibus
1155 1230 1276 1270 esse
1327 1216 1713 1284 copiosiorem,

131 1325 238 1379 quo
271 1309 498 1365 ultcr³us
535 1310 590 1363 in
625 1324 722 1363 sua
763 1309 872 1372 ilia,
901 1298 944 1363 si
984 1309 1142 1363 talem
1175 1308 1354 1363 dicere
1386 1308 1466 1360 las
1504 1316 1605 1371 est,
1637 1308 1716 1360 in-

133 1403 519 1472 terpretatione
548 1401 887 1471 procederet.
911 1400 1045 1455 lllud
1078 1410 1256 1454 tamen
1303 1399 1573 1454 affirmare
1609 1413 1716 1452 nou

131 1491 513 1556 dubitaverim,
541 1491 587 1544 si
627 1505 733 1544 nou
767 1499 935 1544 tntum
969 1489 1417 1544 commentarium
1454 1487 1716 1554 Philonis,

132 1586 426 1638 maximam
471 1592 655 1637 tamen
685 1581 800 1652 ejus
834 1594 1042 1653 partem
1073 1582 1129 1636 in
1170 1597 1270 1636 suo
1300 1582 1394 1636 illo
1439 1596 1719 1634 commen-

137 1679 275 1731 tatio
308 1677 554 1745 repet-iri,
600 1676 698 1732 sed
748 1685 854 1729 tam
893 1675 1079 1730 multis
1126 1689 1245 1745 qnae
1280 1657 1585 1744 largissima
1619 1672 1720 1725 ad-

139 1766 270 1834 jecit
319 1783 476 1819 mauu
525 1782 878 1836 oppressam,
926 1767 1014 1822 vix
1058 1777 1115 1821 ut
1163 1776 1442 1837 appareat.
1489 1765 1719 1820 Possunt

148 1856 413 1920 Philonis,
461 1866 520 1909 ut
557 1858 634 1909 ita
669 1858 875 1919 dicam,
931 1856 1138 1921 frusta,
1187 1858 1273 1912 ubi
1319 1873 1380 1912 ea
1437 1857 1718 1911 Salutatus

150 1946 466 2011 collocavit,
522 1946 786 2000 iudicare.
835 1946 1098 1999 Caeterum
1154 1937 1426 2002 salutatus
1487 1947 1720 2001 lectores

145 2052 276 2093 suns
313 2037 468 2092 ludos
517 2037 671 2097 fucit,
701 2051 823 2090 cnut
851 2038 904 2088 ἰιι
936 2051 1032 2090 suu
1071 2031 1303 2106 Epistola
1331 2041 1396 2092 ad
1437 2038 1719 2092 Nicolaum

147 2128 504 2201 Barqt'lesinnt
547 2114 908 2198 presbyterum
943 2123 1320 2183 Bononiensem
1347 2131 1565 2184 scribit:
1597 2128 1718 2182 Non

144 2237 284 2275 unus
320 2223 449 2275 milei
493 2219 668 2284 Philo,
696 2221 791 2274 sed
812 2222 991 2289 plures
1016 2223 1148 2274 milei
1179 2222 1432 2285 ridemur,
1461 2223 1545 2291 qni
1570 2227 1721 2275 hosce

141 2314 546 2367 cotnmenturios
586 2313 639 2365 iu
684 2312 969 2369 Canticum
1006 2319 1337 2366 canticorum
1383 2314 1716 2382 confecerint.

143 2402 284 2459 Nam
338 2403 478 2474 quod
539 2403 787 2457 Philonis
857 2404 1066 2457 notitiae
1140 2404 1526 2475 circumfertur,
1578 2407 1719 2473 apud

136 2493 348 2550 Groecos
393 2499 541 2549 breve
577 2495 867 2548 admodum
906 2504 1006 2550 est.
1035 2494 1144 2551 Sed
1172 2508 1290 2550 tum
1325 2497 1413 2567 qui
1457 2498 1614 2551 velint
1653 2495 1719 2550 ab

139 2586 424 2646 Eestatltt‘o
478 2604 685 2659 quoquo
716 2598 769 2643 et
804 2585 1030 2641 Eusebio
1062 2588 1304 2657 (quorum
1340 2598 1526 2657 royotu
1563 2588 1720 2643 Philo

140 2681 248 2746 ipse
288 2680 721 2736 commentarium
759 2681 898 2733 Ιιιιηο
933 2679 1261 2749 confecerat)
1321 2681 1720 2749 interpretatum

142 2790 278 2840 este,
303 2788 570 2843 unumque
602 2774 665 2826 de
695 2773 864 2825 tribus
893 2787 1004 2826 esse
1038 2770 1397 2840 conjunctum.
1424 2771 1495 2823 At
1531 2783 1723 2839 quam-

148 2881 271 2922 nam
301 2865 376 2919 illi
410 2864 569 2919 fldem
602 2864 941 2928 babebimus,
970 2861 1062 2932 qui
1094 2863 1162 2917 de
1190 2862 1399 2917 duobus
1437 2861 1544 2916 illis
1573 2876 1720 2939 (gont-

149 2957 432 3014 mentariis
476 2965 669 3011 testem
720 2954 961 3025 proferat
1014 2953 1326 3007 nerninem?
1364 2953 1568 3007 nullum
1620 2965 1720 3006 no-

145 3049 314 3107 minet
344 3048 611 3113 codicem,
639 3047 726 3101 ubi
768 3044 1222 3102 commentarium
1265 3043 1416 3100 illum
1451 3059 1517 3099 cx
1548 3043 1723 3099 trihus

1751 1825 1794 1880 B

1819 1143 1927 1182 non
1975 1135 2152 1196 potest
2191 1124 2357 1180 luisse
2402 1123 2759 1189 compositum
2800 1133 2925 1177 ante
2951 1122 3201 1178 Cosmum
3232 1122 3394 1195 AEgy·

1818 1222 2016 1291 ptium,
2064 1219 2180 1288 qui,
2226 1226 2475 1286 utsupra
2524 1218 2860 1279 dictumest,
2907 1230 2972 1268 ex
3018 1213 3242 1270 Philone
3290 1216 3394 1270 tria

1819 1311 2002 1367 attulit
2039 1309 2155 1364 locu
2189 1310 2240 1363 in
2266 1324 2360 1364 sua
2380 1306 2746 1377 Topoqrnphia
2764 1304 3395 1375 Christiana.Scripsisse

1820 1415 2000 1457 autem
2029 1403 2280 1457 Cosntant
2328 1415 2483 1454 suum
2511 1415 2647 1469 opus
2681 1413 2821 1453 auno
2864 1397 2970 1453 555
3004 1399 3190 1467 probat
3222 1398 3396 1452 Munit-

1822 1494 2110 1549 l'auconius
2141 1491 2242 1566 (a).
2270 1491 2370 1558 Qui
2419 1489 2624 1545 Philoni
2668 1490 2929 1559 carpasio
2951 1489 3395 1546 commentarium

1820 1586 1963 1639 huuc
1982 1583 2321 1640 tribuendum
2356 1581 2807 1647 existimaverint,
2835 1581 2870 1636 ii
2890 1592 3144 1636 censeant
3164 1589 3397 1651 oportet,
3443 1573 3448 1578 ’

1820 1678 2081 1747 scriptum
2103 1691 2224 1732 esse
2237 1675 2318 1731 vel
2334 1675 2611 1731 desinente
2625 1673 2819 1730 saeculo
2841 1684 3059 1744 quarto,
3078 1671 3159 1728 vel
3180 1674 3399 1728 ineunte

1820 1770 2032 1839 quinto.
2057 1769 2119 1822 Et
2149 1765 2393 1823 Oudiuus
2415 1768 2617 1822 idcirco
2635 1766 2700 1821 de
2729 1764 2952 1821 Philone
2969 1763 3233 1834 Carpasio
3254 1762 3400 1831 ejus·

1821 1875 1927 1931 que
1951 1862 2151 1929 scripto
2179 1860 2235 1913 in
2267 1853 2890 1914 Canticum'canticorum
2918 1857 3242 1911 mentionem
3270 1854 3401 1908 l'acit

1821 1953 1887 2006 ad
1906 1966 2103 2005 anuum
2121 1951 2320 2006 Christi
2341 1949 2950 2019 quadringentesimum.
2970 1945 3223 2018 Ejusdem
3255 1959 3398 2000 com·

1823 2042 2073 2098 metitarii
2102 2042 2225 2111 quis
2258 2054 2386 2095 usus
2413 2054 2532 2094 esse
2559 2039 2727 2108 possit
2754 2038 2821 2093 ad
2850 2036 3223 2094 confirmanda
3255 2050 3401 2104 quae-

1823 2136 1943 2190 dam
1994 2134 2272 2189 catholicae
2322 2132 2443 2187 ndei
2494 2135 2767 2201 dogmata,
2810 2120 2988 2188 docet'
3013 2132 3084 2187 cl.
3112 2131 3152 2185 F
3157 2130 3403 2201 oggiuius

1823 2228 1876 2279 iu
1909 2224 2059 2294 prael.
2086 2225 2152 2278 ad
2186 2234 2480 2279 comment.
2514 2224 2706 2294 Epiph.
2736 2239 2791 2293 p.
2816 2224 2887 2278 to
2916 2233 2971 2279 et
3001 2232 3275 2293 sequent..
3311 2222 3400 2276 uhi

1824 2316 1989 2371 inulta
2026 2318 2181 2372 docte
2206 2325 2262 2370 et
2287 2316 2499 2370 ertnlite
2526 2316 2783 2385 disputat,
2814 2330 2933 2386 quat
2961 2315 3052 2384 qni
3088 2312 3301 2385 legerit,
3331 2328 3397 2370 ea

1823 2424 1882 2465 se
1910 2408 2102 2477 legisse
2133 2423 2239 2463 non
2275 2408 2580 2477 poeuitebit.

1899 2498 1963 2556 V.
1998 2500 2239 2569 Denique
2275 2500 2327 2556 iu
2366 2500 2468 2554 hoc
2505 2497 2695 2553 Gracco
2734 2497 2975 2553 Philonis
3005 2498 3401 2552 commentario

1823 2592 2127 2664 evulgando
2154 2590 2283 2661 quid
2314 2604 2491 2659 operae
2529 2589 2643 2659 ipse
2673 2589 3046 2659 impenderim,
3076 2589 3265 2657 paucis
3295 2604 3396 2643 ex·

1825 2684 2059 2753 pediam.
2084 2680 2313 2737 Codices
2336 2679 2472 2736 dnos
2503 2679 2856 2734 barberiuum
2878 2687 2933 2734 et
2964 2675 3400 2742 vallicellanum,

1824 2789 2055 2844 qnorum
2096 2772 2184 2828 ille
2220 2773 2272 2827 in
2314 2773 2455 2837 line,
2500 2772 2589 2827 bic
2633 2772 2689 2826 in
2734 2770 3000 2840 principio
3037 2779 3094 2825 et
3137 2771 3242 2824 line
3282 2785 3402 2823 mu·

1824 2867 1957 2922 titos
1989 2873 2094 2930 est,
2125 2865 2354 2935 inspexi,
2388 2873 2443 2920 et
2474 2879 2597 2921 cum
2630 2863 2700 2919 iis
2744 2878 2921 2919 meum
2964 2862 3207 2918 codicem
3242 2875 3403 2931 quam

1824 2957 2232 3027 diligentissime
2269 2956 2497 3011 contuli.
2542 2956 2652 3011 llos
2679 2958 2823 3011 enim
2861 2964 3092 3009 tractare
3122 2967 3242 3008 meo
3276 2950 3405 3006 utini

1827 3050 1983 3106 licuit
2021 3049 2290 3105 arbitratu
2336 3067 2351 3105 ε
2390 3058 2617 3106 caeteros
2667 3066 2770 3104 non
2812 3048 2964 3114 item,
3012 3046 3401 3111 Mutinensem,

144 3140 430 3199 conflatum
463 3139 761 3211 repererit?
785 3153 1015 3207 cumque
1045 3137 1444 3193 miscellaneum
1474 3137 1624 3191 illum
1654 3151 1717 3190 ex
1749 3176 1795 3235 C
1827 3141 2178 3206 Theatinuin‚
2216 3141 2618 3208 Auximauum3
2672 3142 2767 3197 sed
2804 3140 3129 3211 quibusdam
3163 3138 3216 3191 in
3268 3137 3404 3192 locis

144 3236 387 3309 pluribus
433 3243 798 3305 compactum,
826 3232 1015 3289 Graece
1065 3232 1326 3303 scriptum
1359 3245 1486 3286 esse
1530 3231 1723 3286 existi·

143 3330 280 3384 mari
317 3337 585 3399 oporteat,
615 3342 774 3399 quem
818 3324 1094 3382 Salutatus
1122 3339 1152 3379 a
1187 3337 1245 3379 se
1276 3323 1471 3379 Latine
1508 3337 1721 3377 versum

147 3421 350 3494 profert
388 3422 443 3476 in
491 3422 699 3485 lucem;
741 3437 838 3474 cur
886 3430 994 3475 tam
1047 3418 1214 3472 multa
1264 3418 1317 3472 iu
1358 3432 1421 3471 ea
1473 3417 1725 3483 versione

146 3523 445 3570 occurrunt
485 3529 604 3584 quae
647 3513 777 3568 nibil
810 3512 991 3567 oleant
1034 3509 1358 3573 Gra-citatis,
1404 3509 1499 3564 sed
1533 3509 1723 3578 primi·

150 3603 259 3661 tiva
295 3619 360 3658 ex
396 3603 588 3657 Latino
629 3603 776 3656 loute
808 3603 1031 3657 deducta
1063 3614 1188 3655 esse
1224 3599 1558 3668 appareant?
1591 3599 1727 3652 Pru·-

155 3705 309 3751 terea
346 3692 519 3747 multa
560 3691 812 3745 Philonis
858 3706 956 3746 uon
997 3692 1195 3762 exigua
1243 3690 1540 3760 fragmenta
1577 3691 1727 3746 -ntale

163 3791 358 3841 assuta
391 3780 505 3837 suis
553 3782 899 3839 additionibus
942 3785 1159 3840 exbibet
1207 3781 1508 3846 salutatus,
1563 3783 1726 3837 multa

175 3885 243 3927 ex
266 3870 326 3925 D.
350 3869 604 3939 Gregorio
632 3869 813 3942 Magno
849 3873 1012 3926 ctiam
1053 3872 1355 3941 desmnpta‚
1400 3871 1542 3940 quod
1585 3869 1729 3938 jam-

170 3958 361 4016 dudum
385 3975 414 4012 a
456 3959 701 4029 pluribus
741 3971 824 4016 est
855 3962 1292 4016 animadversum
1323 3982 1336 4016 ε
1370 3973 1427 4016 ιιι
1472 3960 1588 4029 ejus
1634 3978 1728 4016 ne-

157 4064 348 4122 queam
379 4053 512 4108 satis
546 4052 734 4109 mirari
769 4056 1055 4123 rationem,
1086 4057 1176 4124 qui
1223 4054 1465 4109 Philonis
1496 4058 1727 4125 genuina

158 4142 494 4213 praelatione,
535 4159 708 4215 eaque
754 4145 964 4215 integra
999 4155 1227 4212 retenta,
1258 4146 1606 4216 pluribusque
1638 4146 1730 4198 iti·

159 4235 281 4291 dent
320 4234 658 4292 Philonianis
690 4239 1138 4308 explicationibus
1180 4238 1319 4293 inter
1369 4239 1540 4293 mulio
1579 4239 1727 4307 plura

158 4325 526 4382 additamenta
573 4343 665 4384 sua
713 4329 968 4392 insertis,
1017 4329 1276 4383 audacter
1320 4329 1580 4401 ejusmodi
1633 4346 1731 4382 κυ-

158 4418 337 4478 κεῶνα
389 4420 635 4476 Philonis
681 4420 904 4475 nomine
953 4421 1247 4476 lectoribus
1296 4423 1409 4475 suis
1444 4423 1730 4491 propinare

1829 3232 1883 3287 iu
1927 3232 2127 3303 quibus
2159 3233 2454 3299 haerebam,
2485 3234 2553 3288 ab
2601 3232 2793 3286 amicis
2826 3231 3139 3287 Graecarmn
3184 3228 3396 3284 littera-

1827 3341 1946 3381 rum
1987 3326 2178 3396 peritis
2216 3326 2580 3396 inspiciendos
2615 3325 2823 3380 curavi.
2860 3324 2967 3379 llos
3000 3333 3184 3378 autem
3211 3334 3406 3376 omues

1828 3432 1951 3474 esse
2008 3418 2247 3489 cotnperi
2302 3418 2464 3471 nimis
2503 3416 2686 3472 tutiltis
2734 3416 3016 3471 erroribus
3055 3414 3400 3477 maculosos;

1827 3510 2023 3579 quibus
2093 3510 2327 3567 sortasse
2383 3520 2624 3564 veterem
2683 3508 2859 3577 ipsum
2919 3506 3270 3576 interpretem
3291 3542 3308 3567 ,
3352 3514 3408 3559 ot

1828 3600 2162 3673 Stephanum
2198 3602 2505 3660 salutatum
2540 3603 2789 3672 suspicor
2839 3614 2946 3655 nou
2982 3598 3239 3654 habuisse
3286 3613 3402 3652 tne-

1837 3693 2021 3748 liores.
2068 3691 2125 3746 lu
2158 3695 2615 3759 adnotationibus,
2649 3694 2750 3747 mei
2779 3691 3005 3759 codicis,
3034 3691 3125 3761 qui
3162 3688 3407 3760 plurimis

1832 3785 1887 3841 iu
1928 3783 2061 3840 locis
2089 3793 2174 3839 est
2204 3787 2546 3854 depravatnS,
2572 3800 2809 3849 errores,
2841 3781 3101 3838 adhibitis
3130 3796 3268 3852 quos
3291 3781 3402 3836 dixi

1829 3877 2125 3942 codicibnS,
2155 3878 2470 3943 enteudavi;
2502 3885 2557 3929 et
2586 3876 2673 3929 uhi
2716 3876 2892 3931 locum
2935 3873 3172 3945 aliquem
3205 3874 3259 3928 in
3286 3888 3405 3929 om-

1836 3970 1996 4026 uibus
2031 3971 2310 4027 codicibus
2348 3983 2663 4042 corruptum
2702 3969 3055 4040 deprehendi,
3086 3966 3404 4034 coniectura

1832 4065 1982 4117 illum
2039 4065 2327 4120 restituere
2375 4067 2579 4121 studui.
2641 4056 2990 4119 Philonianas
3025 4062 3167 4116 sacri
3227 4071 3407 4116 textus

1834 4152 2095 4209 lectiones
2133 4170 2253 4209 cum
2286 4156 2559 4211 Vaticanae
2602 4155 2857 4210 editionis
2891 4153 3231 4216 lectionibus,
3258 4152 3409 4205 aliis·

1833 4260 1940 4314 qne
1968 4247 2303 4301 variantibus
2346 4262 2375 4301 a
2419 4246 2712 4303 Lamberto
2749 4245 2909 4300 Bosio
2938 4244 2992 4298 iu
3034 4257 3134 4299 sua
3170 4243 3407 4296 editione

1840 4334 2050 4392 Veteris
2081 4336 2413 4394 Testamenti
2446 4337 2620 4394 Graeci
2667 4337 2939 4402 adductis,
2984 4341 3237 4389 accurate
3274 4346 3407 4386 cou-

1835 4431 1965 4495 tuli;
1998 4443 2052 4485 et
2083 4432 2210 4500 quid
2247 4432 2299 4485 in
2336 4446 2551 4502 quoque
2581 4431 2697 4486 loco
2725 4430 2882 4486 Philo
2904 4445 2934 4482 a
2969 4428 3181 4482 caeteris
3211 4425 3402 4488 variet,

159 4512 230 4566 sit
282 4527 468 4568 ausus.
518 4513 675 4567 lllum
733 4514 1042 4582 suscepisse
1110 4514 1358 4584 suspicor
1425 4512 1728 4567 l'hilouiani
1764 4511 1807 4566 D
1837 4522 1891 4576 iu
1923 4522 2111 4577 iisdem
2143 4522 2579 4579 adnotationibus
2612 4523 2896 4594 diligenter
2925 4520 3170 4590 exposui.
3206 4520 3259 4572 ln
3303 4517 3407 4572 La-

158 4606 533 4659 eommentarii
572 4606 919 4661 versionem:
953 4621 1184 4676 ctttuque
1223 4621 1337 4661 suae
1367 4605 1728 4671 interpolandi

159 4690 365 4749 libidini
410 4696 615 4765 ubique
671 4696 894 4749 nimium
940 4710 1000 4751 se
1043 4697 1497 4751 attimadverteret
1554 4695 1728 4750 indul-

158 4782 311 4848 sisse,
339 4795 390 4839 et
422 4787 879 4839 conuncutarium
921 4787 1011 4857 qni
1051 4797 1270 4856 propter
1322 4788 1441 4857 ejus
1487 4788 1727 4845 brevita-

226 4923 300 4997 (ιι)
339 4922 560 4980 praelat.
588 4925 653 4978 ad
691 4925 870 4981 Cosm.
894 4923 1113 4997 AEgypt.
1150 4940 1265 4995 cap.
1290 4925 1341 4982 1.

1841 4609 1953 4664 tina
1988 4609 2220 4681 denique
2242 4613 2510 4680 versione,
2539 4627 2702 4683 quam
2725 4627 2756 4668 e
2780 4613 2996 4682 regione
3021 4610 3195 4666 Graeci
3232 4618 3408 4662 textus

1841 4703 2093 4773 apposui,
2129 4705 2301 4772 magis
2332 4706 2461 4760 mihi
2498 4704 2728 4762 fidelitas
2753 4719 2894 4760 curae
2934 4703 3055 4767 luit,
3093 4716 3250 4772 qnam
3294 4698 3406 4754 ele*

1835 4793 2035 4861 gantia.
