3725 6125
90 252 202 312 ⁶89

1344 242 1430 291 DE
1469 242 1751 297 NATURA
1792 242 2096 302 noinNtS.

3236 249 3344 300 (ἣν.)

84 359 172 419 εἰς
199 352 441 423 ἀγωνίαν
471 352 588 424 (70)
605 370 619 386 ·
645 351 764 410 ἔστι
788 353 848 410 δὲ
873 355 1035 419 ὄκνος
1065 355 1176 426 (7¹)
1206 354 1324 425 μὲν.
1352 355 1516 424 φύόος
1552 356 1679 426 μελ·
1703 365 1750 420 Α
1782 369 2067 417 terrorem.
2095 362 2189 418 Est
2210 370 2385 416 autem
2414 362 2650 433 pigritia,
2687 368 2863 417 metus
2889 357 3152 416 venientis
3179 358 3346 414 actio·

85 444 293 515 Χούσης
318 444 611 516 ἐνεργείας
629 460 645 474 ·
674 443 1010 515 κατάπληξις
1038 445 1120 508 et,
1143 445 1306 515 φόδος
1330 448 1397 500 ὲκ
1430 448 1673 520 μεγάλης

89 533 439 605 φαντασίας·
476 532 740 605 ἔκπληξις
766 532 825 588 δὲ
863 534 1014 605 (72),
1051 534 1219 604 φόὸος
1262 534 1322 599 ἐξ
1369 536 1672 606 ἀσυνήθους

91 624 410 696 φαντασίας
431 642 445 655 ·
470 624 681 694 ἀγωνία
705 623 783 689 δὲ,
806 624 973 695 φόδος
997 626 1371 690 διαπτώσεως,
1396 626 1672 682 τουτέστιν

94 716 405 786 ἀποτυχίας
437 715 578 788 (75)·
608 713 931 786 φοόούμενοι
963 717 1073 787 γάρ
1094 718 1384 788 ἀποτυχεῖν
1413 717 1513 787 τῆς
1536 718 1674 787 πρά-

97 807 269 873 ξεως,
307 805 656 877 ἀγωνιῶμεν·
683 805 848 871 αἰδὼς
875 806 955 872 δὲ,
982 807 1146 876 φόῦος
1172 808 1283 879 (74)
1321 808 1416 861 ἐπὶ
1449 808 1674 878 προσδο-

100 897 205 968 κίᾳ
223 896 391 966 ψόγου
410 912 423 924 ·
451 895 735 951 κάλλιστον
759 895 819 949 δὲ
840 895 998 950 τοῦτο
1024 896 1086 951 τὸ
1109 898 1279 961 πάθος
1296 913 1310 927 ·
1337 896 1565 968 αἰσχύνη
1591 897 1672 965 δὲ,

105 990 271 1061 φόόος
301 992 390 1044 ἐπ’
413 989 624 1062 αἰσχρῷ
657 987 1063 1063 πεπραγμένῳ.
1089 994 1224 1047 Οὐδὲ
1251 993 1410 1048 τοῦτο
1435 994 1492 1048 δὲ
1522 993 1676 1048 ἀνέλ-

105 1098 294 1137 πιστον
328 1083 409 1146 εἰς
439 1081 722 1153 σωτηρίαν
757 1081 874 1154 (75)
893 1100 909 1117 ·
939 1084 1110 1157 ταύτῃ
1140 1085 1199 1139 δὲ
1230 1085 1475 1158 διαφέρει
1512 1085 1676 1151 αἰδὼς

97 1174 392 1245 αἰσχύνης,
424 1175 508 1228 ὅτι
533 1176 564 1229 ό
606 1175 710 1247 μὲν
743 1176 1170 1250 αἰσχυνόμενος,
1204 1178 1292 1246 ἐφ’
1332 1172 1415 1242 οἷς
1450 1176 1673 1248 ἔπραξε,

91 1261 420 1318 καταδύεται
444 1263 560 1334 (76)
583 1280 598 1295 ·
619 1265 650 1318 ό
668 1263 727 1317 δὲ
746 1264 1066 1337 αἰδούμενος
1089 1266 1336 1335 φοὸεῐται
1361 1268 1677 1339 περιπεσεῖν

86 1352 282 1425 ἀδοξίᾳ
306 1353 438 1409 τινί.
470 1354 717 1410 Καλοῦσι
746 1356 805 1410 δὲ
838 1357 891 1409 οἱ
921 1356 1146 1415 παλαιοὶ
1174 1355 1436 1420 πολλάκις
1467 1356 1559 1411 καὶ
1581 1353 1678 1427 τὴν

90 1440 232 1496 αἰδῶ
271 1442 387 1513 (77)
421 1442 710 1515 αἰσχύνην,
744 1444 840 1499 καὶ
876 1445 976 1517 τὴν
1005 1444 1270 1517 αἰσχύνην
1307 1445 1461 1511 αἰδῶ,
1503 1460 1677 1499 κατα·

94 1536 381 1608 χρώμενοι
405 1539 522 1601 τοῖς
551 1537 798 1609 ὀνόμασι.
824 1538 1040 1594 Γίνεται
1075 1538 1133 1592 δὲ
1163 1539 1192 1592 ὁ
1218 1538 1382 1609 φόόος
1411 1538 1552 1592 κατά
1579 1554 1678 1590 πε-

103 1626 360 1699 ρίψυξιν,
389 1627 487 1681 τοῦ
532 1627 737 1700 θερμοῦ
786 1630 990 1695 παντὸς
1030 1630 1422 1703 συντρέχοντος
1465 1632 1545 1693 εἰς
1582 1628 1680 1700 τὴν

1779 451 1894 513 nis:
1932 461 2141 522 stupor,
2179 461 2353 508 metus
2377 468 2409 508 e
2440 467 2629 525 magna
2656 450 2967 522 phantasia3
3000 459 3195 513 terror,
3233 460 3347 502 me·

1782 553 1866 598 tus
1899 557 1965 597 ex
1993 544 2204 599 insolita
2235 546 2552 614 phantasia;
2583 543 2907 605 sollicitudo,
2954 548 3151 604 metus,
3186 552 3256 593 ne
3276 536 3349 592 la·

1778 633 1990 698 bantur,
2036 634 2087 687 id
2115 642 2221 696 est,
2258 649 2327 690 ne
2362 634 2414 688 id
2447 634 2588 704 quod
2616 630 3055 703 proposuerimus
3081 643 3187 684 non
3213 643 3345 683 con-

1778 739 2273 795 sequamur-:nam
2327 726 2455 780 dnm
2508 725 2834 789 metuimus,
2886 730 2946 778 ut
2996 733 3349 790 assequamur

1778 816 1923 885 quod
1965 817 2421 887 proposuerimus,
2455 815 2667 871 soliiciti
2694 829 2915 880 sumns;
2951 813 3144 884 pudor,
3175 818 3374 865 metus-

1777 905 1849 959 οἰ)
1896 906 2354 974 exspectationem
2404 904 2888 975 reprehensionis:
2922 910 3086 973 atque
3143 899 3349 969 optima

1780 995 1896 1050 iiaee
1929 994 2145 1051 affectio
2192 1007 2319 1063 est;
2356 996 2702 1062 verecundia,
2735 1003 2909 1050 metus
2953 994 3023 1048 ob
3067 988 3351 1062 turpitudi-

1782 1101 1906 1142 nem
1943 1096 2284 1157 susceptam3
2330 1097 2492 1158 atque
2537 1088 2652 1142 baec
2693 1098 2907 1156 qnoque
2945 1082 3160 1138 affectio
3198 1093 3350 1150 spem

1780 1178 2018 1247 aliquam
2048 1178 2241 1236 salutis
2267 1178 2524 1234 ostendit.
2555 1176 2667 1232 Hoc
2712 1186 2891 1231 autem
2921 1173 3099 1229 differt
3127 1172 3297 1242 pudor
3320 1186 3349 1224 a

1784 1269 2146 1337 verecundia,
2204 1270 2346 1340 qnod
2402 1270 2494 1339 qui
2545 1267 2961 1330 verecundatur,
3005 1264 3077 1319 ob
3123 1276 3184 1317 ea
3233 1276 3354 1331 qna:

1782 1361 2136 1431 perpetravit,
2166 1375 2227 1417 se
2245 1351 2485 1417 occultat
2510 1378 2526 1416 ι
2553 1374 2716 1430 quem
2748 1367 2927 1413 autem
2949 1355 3134 1426 pudet,
3169 1368 3235 1407 ne
3264 1354 3354 1406 de-

1785 1454 1955 1511 decus
1993 1453 2220 1524 aliquod-
2248 1453 2534 1518 admittat,
2570 1451 2782 1506 metuit.
2819 1449 2971 1518 Saepe
3000 1455 3177 1501 tamen
3219 1454 3356 1500 vete-

1787 1557 1875 1598 res
1903 1543 2209 1599 nominibus
2242 1545 2561 1607 abutentes,
2585 1543 2843 1613 pudorem
2874 1537 3273 1596 verecundiam,
3305 1543 3359 1588 ct

1791 1633 2170 1689 verecundiam
2203 1633 2463 1704 pudorem
2497 1638 2713 1688 vocant.
2750 1630 3003 1686 Nascitur
3039 1640 3217 1683 autem
3248 1640 3357 1681 me-

105 1718 361 1790 καρδίαν,
393 1718 486 1772 ἰπὶ
513 1719 575 1773 τὸ
603 1720 829 1792 ἀρχικὸν
856 1721 994 1792 (78).
1028 1722 1288 1793 καθάπερ
1323 1720 1420 1775 καὶ
1441 1722 1469 1772 6
1492 1720 1683 1790 δῆμος,
1716 1716 1759 1770 Β
1791 1736 1879 1780 tus
1905 1739 2003 1794 per
2039 1724 2502 1796 refrigerationem
2524 1761 2540 1787 ,
2571 1722 2718 1777 omni
2747 1721 2930 1777 eaiure
2959 1720 3028 1775 ad
3064 1733 3178 1782 cor,
3208 1718 3357 1786 prin-

106 1810 242 1863 ὅταν
265 1809 514 1880 φοδῆται,
537 1811 865 1882 καταφεύγει
890 1813 1028 1885 πρὸς
1048 1814 1174 1877 τοὺς
1204 1813 1367 1882 108
1396 1813 1683 1883 ἄρχοντας.
1710 1829 1727 1840 ·

112 1900 232 1971 Τῆς
255 1900 311 1953 δὲ
341 1900 515 1971 λύπης
559 1901 671 1972 (79)
698 1902 944 1975 δργανον,
986 1904 1048 1959 τὸ
1098 1904 1278 1975 στόμα
1314 1903 1414 1973 τῆς
1456 1901 1685 1966 κοιλίας.

113 1991 291 2046 Τοῦτο
318 1991 423 2064 γάρ
460 1993 577 2050 ἐστι
607 1994 671 2047 τὸ
694 1993 796 2064 τῆς
820 1994 1026 2065 δήξεως
1058 1995 1450 2065 αἰσθανόμενον
1480 1995 1538 2047 ὲν
1569 1996 1689 2058 ταῖς

111 2079 346 2146 λύπαις,
373 2081 448 2145 ὡς
475 2084 505 2136 ό
535 2082 770 2155 Γαληνὸς
806 2084 919 2157 (80)
952 2085 1012 2140 ὲν
1040 2084 1121 2157 τῷ
1162 2086 1331 2159 τρίτῳ
1365 2088 1464 2157 τῆς
1517 2086 1689 2140 Ἀπο-

111 2173 417 2244 &saraae
443 2193 607 2247 φησιν
637 2176 782 2234 οὕτω
810 2194 958 2244 παυς·
983 2198 1004 2233 ι
1039 2181 1165 2245 Τοῖς
1195 2182 1560 2253 λυπουμένοις
1591 2182 1690 2236 ούκ

114 2266 300 2336 ὀλίγον
333 2268 412 2332 είς
443 2268 542 2339 τὴν
585 2269 828 2342 γαστέρα
866 2273 1133 2343 καταρρεῖ
1183 2272 1380 2345 ξανθῆς
1418 2273 1584 2344 χολῆς
1604 2313 1618 2337 ,
1660 2274 1690 2328 ὃ

114 2358 217 2430 τὴν
247 2357 398 2430 δῆξιν
425 2360 610 2425 αὐτοῖς
641 2362 895 2435 παρέχει,
924 2361 1020 2418 καὶ
1043 2362 1105 2417 οὐ
1138 2363 1396 2437 πρότερον
1427 2364 1691 2419 παύονται

111 2450 446 2521 λυπούμενοι
480 2452 579 2508 καὶ
610 2452 968 2524 δακνόμενοι,
1002 2454 1132 2527 πρὶν
1173 2456 1428 2528 ἐξεμέσαι
1460 2457 1558 2529 τὴν
1595 2476 1692 2530 χο-

105 2540 227 2611 λήν.
261 2560 280 2592 2
316 2538 531 2595 Γίνεται
555 2540 722 2615 γάρή
751 2543 906 2615 δῆξις
935 2545 1121 2611 αὐτοῖς
1150 2547 1408 2601 ὑποκάτω
1429 2548 1524 2602 τοῦ
1549 2549 1692 2605 κατὰ

105 2632 180 2686 τὰ
210 2633 352 2703 μέσα
381 2635 584 2707 στέρνα
611 2634 726 2708 (81)
758 2636 1007 2709 χόνδρου,
1032 2636 1129 2691 τοῦ
1157 2636 1459 2709 ξιφοειδοῦς
1489 2640 1692 2713 ὀνομα-

113 2724 365 2794 ζομένου.
395 2726 538 2782 Πολὺ
565 2726 625 2780 δὲ
653 2727 916 2799 ἀνωτέρω
939 2729 1116 2784 κεῖται
1143 2732 1175 2801 ἡ
1208 2730 1435 2803 καρδία·
1461 2731 1557 2786 τοῦ
1582 2734 1692 2805 γὰρ

116 2816 536 2888 διαφράγματος
556 2820 591 2890 ἠ
625 2820 722 2890 μὲν
745 2820 959 2893 γαστὴρ
985 2821 1283 2894 κατωτέρω
1307 2822 1419 2895 (82)
1450 2823 1620 2885 ἐστὶν,
1654 2828 1689 2897 η

122 2907 182 2960 δὲ
214 2907 413 2977 καρδία
441 2908 714 2982 ἀνωτέρω.
745 2909 998 2982 Συνήθως
1034 2911 1094 2966 δὲ
1131 2912 1183 2966 οί
1211 2910 1433 2969 παλαιοὶ
1464 2914 1693 2987 καρδίαν

123 2998 307 3057 καὶτὸ
337 2998 505 3070 στόμα
536 3000 633 3072 τῆς
659 2999 895 3075 γαστρὸς
935 3000 1048 3073 (85)
1077 3001 1358 3069 καλοῦσιν,
1389 3004 1465 3069 ὡς
1505 3005 1690 3059 Ἱππο-

1787 1816 1961 1886 cipem
1988 1826 2219 1885 partem,
2240 1821 2629 1880 concurrente;
2653 1812 2922 1885 quomodo
2944 1810 3201 1882 populus,
3230 1823 3355 1863 cum

1786 1909 1841 1964 in
1866 1917 2010 1966 metu
2048 1917 2165 1977 εει,
2192 1909 2245 1963 in
2276 1908 2480 1965 curiam
2510 1907 2772 1975 confugit.
2798 1903 3159 1977 AEgritudinis
3178 1915 3356 1960 autem

1789 1998 2204 2053 instrumentum
2222 2006 2327 2063 est,
2341 2011 2404 2054 os
2419 1995 2719 2053 ventriculi.
2737 1994 2852 2053 Hoc
2865 1996 3008 2051 enim
3028 2003 3131 2061 est,
3145 1994 3287 2066 qnod
3303 1994 3359 2049 in

1787 2085 2111 2156 egritudine
2140 2100 2378 2142 morsum
2415 2086 2617 2152 sentit,
2652 2095 2714 2141 ut
2741 2085 2977 2142 Galenus
3010 2084 3063 2140 in
3093 2085 3250 2139 tertio
3286 2082 3359 2139 De

1786 2176 2229 2232 demonstratione
2255 2176 2354 2241 ait,
2382 2176 2449 2231 ad
2481 2177 2626 2231 hune
2656 2174 2772 2231 fere
2792 2176 3039 2231 modum:
3062 2193 3084 2227 ι
3125 2172 3241 2238 ilis,
3267 2173 3360 2244 qui

1791 2266 1844 2322 in
1894 2264 2216 2337 aegritudine
2249 2263 2429 2336 aliqua
2459 2272 2767 2335 versantur,
2801 2265 3028 2321 muitum
3055 2263 3205 2321 ssavae
3237 2264 3361 2321 bitis

1789 2354 1976 2411 denuit
2007 2357 2062 2411 in
2083 2364 2351 2421 ventrem,
2385 2356 2530 2427 quod
2554 2371 2796 2413 morsum
2836 2357 2966 2427 ipsis
2991 2357 3193 2428 praebet
3219 2371 3235 2422 ;
3269 2369 3350 2411 ne·

1791 2461 1896 2518 que
1921 2449 2071 2520 prius
2100 2451 2226 2519 aegri
2256 2463 2376 2505 esse
2402 2458 2459 2504 et
2496 2450 2730 2505 morderi
2770 2448 3057 2515 desinunt,
3088 2462 3248 2519 qnam
3280 2447 3359 2503 bi·

1792 2540 1899 2597 lem
1931 2540 2287 2596 evomuerint.
2301 2539 2466 2595 »Nam
2486 2555 2698 2597 morsus
2725 2540 2794 2596 iis
2815 2540 3014 2596 accidit
3039 2538 3179 2594 infra
3202 2538 3360 2594 carti-

1792 2634 2048 2707 laginem,
2079 2649 2201 2705 quas
2227 2644 2312 2690 est
2331 2634 2386 2689 in
2423 2633 2600 2690 medio
2627 2642 2868 2705 pectere,
2896 2633 3061 2703 quod,
3085 2630 3212 2701 quia
3235 2644 3360 2699 spe-

1793 2727 1935 2783 ciem
1966 2728 2114 2784 ensis
2147 2726 2374 2800 prebet,
2404 2724 2672 2797 ξιφοειδές
2693 2724 3024 2781 nominatur.
3052 2720 3159 2777 Cor
3185 2729 3363 2776 autem

1794 2817 1965 2873 mutto
1985 2818 2234 2890 superius
2280 2815 2519 2873 iocatum
2545 2824 2647 2873 est.
2688 2812 2825 2871 Nam
2872 2822 3027 2881 septo
3057 2821 3367 2868 transverso

1794 2915 1985 2964 venter
2025 2906 2250 2965 inferior
2292 2915 2406 2973 est,
2453 2921 2550 2963 cor
2602 2905 2870 2977 superius.
2922 2903 3147 2959 Veteres
3189 2910 3367 2956 tamen

1796 2997 1959 3054 etiam
1999 3010 2064 3055 os
2108 2996 2334 3060 ventris,
2368 3008 2465 3050 cor
2489 3001 2781 3066 usurpant,
2819 3000 2878 3047 ut
2911 2989 3282 3060 Hippocrates,
3309 2992 3363 3041 et

125 3091 358 3162 κράτης,
396 3093 489 3146 καὶ
518 3091 842 3165 Θουκυδίδης
870 3092 1060 3166 (84)ὲν
1085 3093 1165 3166 τῷ
1201 3095 1374 3167 λοιμῷ
1400 3095 1573 3166 λέγων
1600 3096 1688 3151 οὔ·
1717 3058 1762 3119 G
1797 3088 2176 3161 Thucydides,
2231 3087 2319 3142 ubi
2354 3086 2751 3157 pestilentiam,
2802 3098 2921 3156 quae
2964 3081 3191 3138 Athenis
3221 3088 3364 3147 erat,

122 3198 263 3247 τως·
308 3202 328 3238 ι
363 3186 473 3240 Καὶ
509 3185 668 3240 όπότε
716 3185 798 3251 εἰς
842 3184 943 3260 τὴν
990 3185 1218 3258 καρδίαν
1264 3186 1378 3261 (85)
1420 3187 1692 3261 στηρίξαι,

120 3275 417 3355 ἀνέστρεφέ
463 3294 524 3332 τε
558 3277 729 3350 αὐτὴν
775 3277 871 3342 καὶ
913 3277 1325 3383 ἀποκαθάρσεις
1366 3277 1479 3352 (86)
1533 3278 1697 3355 χολῆς

1800 3179 2169 3248 describit,sie
2199 3178 2423 3235 dicens:
2455 3195 2475 3229 ι
2511 3178 2717 3235 Etcum
2746 3179 2800 3233 in
2830 3158 3166 3234 eordedoior
3185 3170 3375 3229 firma-

1802 3283 1975 3341 retur,
2003 3272 2307 3331 invertebat
2339 3271 2538 3344 ipsum,
2568 3280 2626 3328 et
2670 3270 3016 3345 purgationes
3045 3267 3189 3337 bilis,
3217 3273 3367 3338 quot·

1288 3411 1450 3470 VAR.
1491 3410 1692 3469 LECT.
1733 3410 1824 3467 ΕΤ
1859 3408 2193 3467 ANIMADV.

193 3545 310 3617 (70)
336 3548 445 3615 Εἰς
483 3548 770 3616 ἀγωνίαν.
798 3548 890 3614 εἰς
930 3547 1247 3616 ἔκπληξιν.
1293 3546 1388 3610 Εἰς
1419 3544 1702 3618 ἔκπληξιν,

118 3622 199 3680 εἰς
234 3616 501 3681 ἀγωνίαν,
545 3618 612 3669 D.
646 3616 700 3681 {3
744 3618 809 3671 A.
847 3617 902 3677 1,
943 3618 999 3671 5.
1035 3618 1133 3680 Εἰς
1177 3612 1439 3687 ἔκπληξιν
1489 3617 1585 3671 καὶ
1624 3618 1705 3678 εἰς

125 3687 389 3752 ἀγωνίαν.
416 3687 484 3747 A,
504 3685 562 3746 Ξ,
586 3684 744 3750 Con„
773 3685 911 3740 vali.
932 3685 1166 3743 Demetn
1191 3696 1243 3741 ει
1270 3685 1384 3756 ejus
1412 3687 1703 3758 speciebus,

134 3753 256 3804 vide
291 3752 446 3820 Diog.
478 3750 657 3808 Laert.
699 3755 752 3808 in
784 3752 1010 3822 Zenone,
1039 3771 1093 3826 p.
1116 3755 1241 3811 276.

213 3819 328 3888 (71)
369 3822 543 3876 Ἔστι
561 3821 630 3877 δὲ
649 3821 845 3892 ὄκνος.
902 3824 983 3892 ’0,
1012 3833 1136 3881 ante
1164 3824 1344 3892 ὄκνος,
1372 3825 1522 3882 addit
1546 3826 1612 3882 A.
1640 3827 1696 3882 2.

209 3888 322 3960 (72)
374 3891 556 3956 Φόὸος
590 3893 661 3948 ἐκ
883 3911 958 3964 ης
1000 3897 1338 3967 φαντασίας
1360 3912 1375 3929 ·
1409 3895 1702 3964 ἔκπληξις

136 3957 226 4040 δέ.
256 3959 483 4022 Absunt,
517 3963 646 4046 Vaii.
700 4032 713 4045 ⁶
747 3969 778 4018 d
813 3974 932 4033 post
955 3965 1260 4036 ἀσυνήθους
1283 3967 1582 4035 φαντασίας
1604 3968 1702 4021 ad·-

135 4027 217 4083 dnt
250 4045 264 4083 ε
303 4027 600 4096 Trepidam
629 4033 650 4103 (
670 4049 750 4090 stc
779 4034 1012 4091 reddidit
1040 4034 1341 4107 Εκπληξιν)
1400 4046 1474 4092 est
1533 4045 1699 4092 metm

136 4114 261 4152 voce
285 4107 335 4152 et
372 4111 512 4182 ntem
557 4104 789 4174 corporis
827 4119 1120 4175 expressus.
1159 4103 1266 4164 Seu
1303 4107 1420 4167 haec
1458 4106 1701 4168 definitio

137 4182 246 4221 non
277 4178 359 4224 est
387 4186 438 4223 tn
466 4172 674 4229 Graeco.

207 4238 321 4319 (75)
373 4240 619 4310 'Avario
652 4272 725 4284 —
750 4243 1101 4316 ἀποτυχίας.
1128 4241 1446 4300 Seilicitudo
1469 4253 1551 4300 est
1583 4258 1698 4299 me-

134 4308 528 4431 ιῦιεηαιίῗόεηάί
561 4320 717 4382 atque
756 4315 851 4369 snb
887 4329 1067 4370 casm
1105 4314 1330 4385 aliquem
1371 4314 1693 4383 succidendi,

182 4391 213 4430 a
259 4393 310 4430 a.
371 4388 550 4446 nepte.

206 4446 321 4517 (74)
367 4447 560 4535 Αιρὼς
606 4449 678 4505 δὲ
787 4454 912 4520 σος.
950 4450 1124 4519 Αἰδώς
1165 4467 1233 4509 ex
1281 4463 1514 4515 correct.
1562 4467 1704 4518 rec„

129 4527 291 4572 annea
320 4518 479 4583 αἰδω,
517 4520 579 4577 Ι).
614 4521 670 4576 1.
765 4536 832 4577 ox
879 4522 932 4578 in
967 4522 1154 4578 eudem
1194 4523 1327 4578 αἰδώ
1360 4533 1416 4581 ει
1461 4540 1528 4580 ex
1558 4539 1702 4580 corr.

129 4601 240 4642 rec.
272 4587 428 4643 αἰδῶ.
458 4589 636 4660 ,uque
673 4594 746 4646 ita
772 4592 937 4648 etiam
968 4591 1126 4661 panio
1157 4604 1298 4659 post.

200 4657 314 4728 (75)
366 4658 767 4740 ’.Δνέλπιστον
806 4677 838 4715 ε
939 4661 1261 4731 σωτηρίαν.
1305 4663 1364 4719 ln
1404 4663 1535 4719 edit.
1569 4662 1706 4717 Ant·

129 4740 284 4795 verp.
336 4730 529 4786 vitiose
570 4739 655 4786 est
694 4731 862 4806 ούραν
885 4748 974 4796 αν,
1019 4746 1122 4803 pro
1167 4747 1274 4802 qno
1324 4734 1374 4787 in
1427 4732 1701 4788 nonnuliis

131 4795 974 4931 {initiandi-:⁰3⁰3ae
997 4799 1708 4928 {it-...⁶¹⁰‘.·¹5.‘:,”·.¹J.3⁰.222.‘35

140 4935 222 4997 εἰς
250 4949 394 5005 σωτη
435 4936 541 4995 ίαν.
688 4909 705 4930 ⁹
780 4911 799 4941 ⁹

216 4953 721 5066 (wtssgtaodetm.
742 5008 1118 5081 Καταδύηται,
1146 5008 1217 5068 tt.
1238 5010 1290 5066 1.
1323 5007 1708 5067 «confunditur

148 5084 178 5124 a
242 5087 307 5153 uc
331 5077 716 5141 contabescit.»
740 5078 880 5135 Van.
899 5079 1149 5137 Proxima
1178 5082 1457 5151 etiam'pro
1481 5081 1706 5136 arbitrio

282 5140 394 5206 tdit,
424 5159 491 5202 ac
520 5147 567 5203 si
594 5150 877 5218 repererit,
901 5149 1156 5204 ᾰκπεσεῖν
1182 5148 1360 5220 δόξης.

220 5209 341 5294 (77)·
364 5214 475 5269 Eat
509 5215 628 5288 τὴν·
666 5216 836 5275 αἰδῶ.
879 5217 990 5273 Καί
1030 5219 1204 5282 abest,
1245 5219 1314 5274 ti.
1348 5224 1398 5277 1.
1448 5221 1559 5277 Καὶ
1608 5220 1708 5294 τὴν

142 5280 408 5352 αἰσχυνην
443 5286 599 5352 αἰδῶ,
627 5287 727 5343 καὶ
763 5288 866 5360 τὴν
896 5287 1033 5343 αἰδῶ
1059 5288 1340 5361 αἰσχύνην,
1371 5292 1439 5346 A.
1468 5293 1523 5348 5.
1564 5291 1708 5347 idem

143 5352 309 5417 panto
336 5361 453 5421 post
481 5355 643 5411 habet
678 5372 807 5415 συντ
1010 5374 1070 5422 ος
1098 5357 1221 5430 (stc)
1249 5359 1365 5416 ioco
1392 5359 1711 5436 συντρέχον-

137 5435 254 5483 τος.
284 5418 448 5476 Forte
477 5423 643 5480 voluit
671 5442 801 5481 συντ
946 5442 1090 5492 ντος.
1408 5436 1417 5447 ·

210 5489 332 5561 (78)
383 5490 517 5547 Ἐπί
548 5492 615 5548 τὸ
728 5496 923 5566 χαόν.
973 5497 989 5519 ’
1036 5496 1098 5550 πὶ
1121 5496 1213 5552 τὸν
1255 5499 1502 5571 ἀρχικόν,
1540 5499 1606 5555 A.
1648 5499 1708 5556 2.

139 5557 307 5616 Panis
345 5570 476 5618 ante
503 5576 531 5644 ι.
553 5562 637 5645 εἰς
783 5564 1036 5639 καρδίαν,
1061 5563 1134 5622 ΙΙ.
1170 5566 1221 5623 1.
1250 5568 1400 5625 Cone
1425 5571 1573 5626 addit
1608 5569 1706 5634 ὡς.

138 5629 293 5703 quasi
330 5631 404 5687 ad
443 5633 761 5703 pnncnpate.
800 5630 921 5695 No·
954 5636 1112 5694 male.
1147 5633 1307 5696 Forte
1347 5636 1487 5695 vatia
1540 5640 1707 5698 etiarn

1735 4386 1780 4442 Ι)
1809 4382 2032 4437 Κατωτέ

1812 3546 2021 3602 invenit
2060 3545 2156 3609 ὡς.
2191 3545 2372 3614 Certe,
2401 3553 2455 3599 nt
2493 3554 2593 3609 ote,
2638 3542 2979 3611 interposuit.
3026 3541 3167 3606 Mox,
3199 3542 3358 3597 καθά·

1811 3633 1939 3744 ἰτίερ1
1962 3617 1991 3670 ό
2016 3614 2079 3686 δῆ
2110 3686 2160 3738 εἴ
2190 3654 2206 3680 ,
2233 3614 2342 3739 tne⁰ti
2360 3623 2434 3739 ἰὼ
2461 3615 2673 3739 Ᾰείιέᾱε,
2709 3611 2953 3683 φοόεἴται
2983 3612 3365 3683 καταφεύγειν,

1872 3726 1886 3740 .
1951 3727 1963 3741 .
2161 3702 2227 3739 τα
2348 3702 2375 3737 a
2509 3723 2525 3740 .
2594 3724 2610 3739 .

1880 3755 1994 3828 (79)
2037 3752 2148 3822 Τῆς
2175 3753 2245 3808 δὲ
2289 3757 2509 3823 λύπης.
2547 3753 2662 3826 Τῆς
2704 3751 2882 3822 λύπης
2923 3751 3002 3819 δέ,
3046 3752 3117 3807 A.
3150 3754 3203 3808 5.
3251 3753 3366 3811 nox

1809 3825 1973 3892 idem,
1998 3824 2236 3893 δείξεως.
2272 3822 2496 3881 vitiose.
2523 3823 2613 3880 sic
2651 3831 2706 3878 et
2733 3836 2858 3877 mox
2884 3830 2970 3878 est
2995 3839 3067 3887 ει,
3102 3825 3220 3879 ioco
3249 3841 3288 3896 η
3316 3827 3368 3880 in

1807 3895 1998 3952 eodem
2025 3893 2308 3952 vocatiuio.

1878 3963 1988 4034 (80)
2034 3964 2131 4032 Ὧς
2152 3967 2187 4018 ὀ
2217 3965 2515 4031 Γαληνός.
2557 3963 2618 4020 '0
2643 3963 2814 4029 abest,
2844 3962 2908 4019 A.
2940 3961 2996 4018 2.
3044 3960 3185 4028 Mox,
3227 3962 3369 4020 οὕτω

1805 4034 1945 4098 πῶς,
1983 4034 2044 4089 Ι).
2082 4034 2135 4087 1.
2163 4032 2319 4087 Οὕτω
2342 4037 2455 4088 sine
2480 4050 2619 4100 πως,
2653 4034 2719 4089 A.
2745 4032 2800 4089 5.

1876 4103 1988 4176 (81)
2026 4103 2188 4165 Κατὰ
2214 4103 2377 4174 μέσα
2408 4102 2651 4173 στέρνα.
2690 4100 2849 4163 Kar&
2884 4101 2954 4159 τὰ
2981 4102 3121 4176 μέσα
3151 4103 3371 4177 στέρνα,

1801 4173 1878 4301 lAb
1903 4174 1955 4230 1.
1978 4173 2060 4234 Τά
2079 4173 2367 4298 intra-tum,
2392 4174 2458 4229 A.
2485 4173 2541 4229 2.
2571 4174 2645 4232 De
2670 4171 2931 4244 ξιφοειδές
2955 4174 3074 4230 vide
3105 4173 3370 4230 Pollucem

1826 4262 1837 4298 ι
1882 4285 1898 4301 .
1931 4258 1993 4308 ιι,
2067 4284 2081 4299 .
2187 4298 2198 4309 ,
2224 4282 2240 4298 .

1873 4312 1986 4383 (82)
2027 4259 2109 4367 PH
2127 4311 2498 4441 μὲῖυγὲσὸἠξ
2518 4312 2990 4438 κιΑιῒοέτέρω.Μέν,
3013 4313 3271 4371 omittitA
3314 4313 3371 4370 2.

2131 4398 2253 4437 exn
2330 4392 2348 4435 t
2421 4421 2437 4436 .
2501 4421 2519 4446 ,
2605 4421 2618 4436 .
2687 4424 2701 4438 .

1878 4452 1993 4524 (85)
2072 4435 2286 4523 ᾰρειαν
2322 4451 2421 4506 και
2452 4450 2518 4505 τὸ
2555 4455 2671 4507 στα
2788 4453 2900 4522 τῆς
2940 4454 3223 4524 γαστρός.
3263 4453 3376 4511 και

1803 4522 1864 4576 τὸ
1908 4523 2083 4591 στόμα
2120 4521 2221 4591 τῆς
2260 4521 2497 4592 γαστρὸς
2526 4521 2664 4594 καρδ
2688 4539 2774 4587 αν,
2817 4523 2883 4578 A.
2916 4523 2971 4578 5.
3012 4522 3135 4577 Mox
3181 4526 3322 4580 idem
3358 4542 3374 4580 z

1803 4591 1952 4661 λέγει
1980 4591 2152 4656 οὕτως
2183 4591 2366 4645 ὁπότε.
2512 4661 2523 4674 ·

1803 4661 1997 4786 ..aa
2028 4660 2322 4803 aa&
2363 4659 2629 4801 τινες
2660 4660 3224 4812 nne-..tant-

1804 4804 1997 4872 goediae
2042 4811 2139 4863 aut
2177 4801 2478 4858 cotnoediae.
2528 4799 2743 4866 Redde,
2789 4817 2811 4852 ι
2846 4814 2900 4856 tn
2937 4801 3246 4856 narratione
3308 4802 3376 4856 de

1874 4882 1975 4930 Sie-
2013 4890 2033 4927 t

1804 4886 1993 5014 pe(85)
2017 4939 2127 4996 Καὶ
2151 4942 2334 4997 ὁπότε
2354 4943 2444 5010 εἰς
2463 4940 2579 5009 τὴν
2601 4939 2871 5010 καρδίαν.
2895 4937 3040 4996 Loco
3067 4938 3161 4993 atat
3185 4937 3372 5004 ὁπότε,

1807 5012 1972 5067 habet
1994 5011 2214 5083 ῆνποτε,
2236 5016 2329 5066 sed
2348 5028 2415 5067 ex
2446 5021 2679 5066 correct.
2706 5025 2842 5077 rec.,
2865 5018 3021 5064 antea
3052 5009 3276 5081 ῆνποτε,
3308 5011 3369 5065 0.

1808 5081 1833 5137 1
1858 5099 1875 5142 ς
1936 5098 1964 5135 ν
1986 5081 2117 5136 ποτέ
2143 5080 2306 5136 habet
2331 5081 2396 5135 A.
2424 5080 2474 5133 1.
2505 5080 2615 5134 Καί
2636 5081 2807 5136 solnm
2834 5079 3035 5134 emittit
3060 5088 3125 5137 A.
3145 5080 3201 5134 2.
3232 5078 3374 5136 Loco

1805 5151 1902 5205 καὶ
1947 5149 2075 5206 πότε
2094 5180 2167 5192 -
2196 5167 2293 5219 στη
2337 5150 2446 5216 ίξαι
2472 5150 2636 5205 hahet
2664 5168 2680 5206 ι
2708 5151 2773 5222 ἦν
2795 5166 2925 5204 ποτε
2947 5179 3017 5190 -
3037 5148 3370 5222 στηρίζεται,

1804 5219 1877 5277 Μ.
1902 5221 1954 5278 1.
1978 5219 2122 5284 Mox,
2155 5235 2292 5292 στηρ
2318 5219 2406 5285 ξαι
2434 5219 2627 5292 χυμόν.
2671 5219 2993 5293 Ἀνέστρεφέ
3018 5236 3098 5286 τε,
3127 5220 3373 5275 ultimum

1807 5307 1855 5345 ε.
1887 5291 1939 5345 in
1963 5290 2179 5362 ἀνέστρ.
2205 5303 2272 5344 ex
2302 5304 2444 5344 corr.
2475 5304 2607 5353 rec„
2638 5289 2697 5344 D.
2725 5289 2779 5346 1.

1879 5359 1989 5429 (86)
2040 5356 2522 5428 ’Δποκαθάρσειᾳ
2570 5359 2991 5432 ’Δποκάθσρσις,
3022 5359 3087 5413 A.
3119 5358 3177 5424 2.
3213 5356 3282 5413 tt.
3321 5359 3372 5416 1.

1810 5429 1904 5485 Sic
1935 5436 2115 5491 antea.
2160 5443 2304 5484 nunc
2324 5443 2392 5482 ex
2427 5438 2661 5484 correct.
2704 5430 2998 5498 vulgatum,
3040 5427 3106 5485 D.
3139 5429 3193 5485 1.
3229 5427 3372 5493 Mox,

1807 5499 1999 5554 ὁπόσαι
2041 5498 2137 5554 ἀπ’
2184 5496 2409 5571 ἰατρῶν,
2442 5499 2505 5554 Ι).
2551 5497 2601 5553 1.
2662 5497 2828 5563 Ὑπό,
2872 5497 2991 5555 loeo
3032 5499 3161 5564 ἀπό,
3205 5498 3271 5553 Α.
3312 5500 3369 5554 5.

1812 5569 2031 5638 Deinde,
2062 5567 2200 5622 εἰσὶν
2223 5567 2630 5638 ὠνομασμέναι,
2662 5567 2727 5622 A.
2762 5567 2812 5623 1.
