3725 6125
210 216 317 279 ⁸7⁷

1135 212 1421 271 ttottth
1462 216 1599 274 XIV.
1637 216 1699 273 m
1733 218 2133 280 PRINCIPIUM
2169 221 2612 282 tEtumotttttt.

277 332 507 390 θέλωδᾶ
536 331 673 404 ὑμῖν
698 330 795 388 καὶ
818 330 949 388 ἄλλο
990 333 1331 405 παραθέσθαι
1371 336 1635 409 διήγημα,
1671 338 1792 393 Geti-
1819 343 1871 401 A
1968 339 2123 398 Libet
2150 358 2279 413 vero
2314 351 2370 400 et
2394 342 2540 399 alind
2563 342 2823 414 quiddam
2862 357 3307 408 commemorare,
3334 352 3472 398 tem-

206 442 366 499 Ιτερον
415 423 517 495 μὶν
558 422 659 478 τοῦ
699 422 1086 496 προλεχθέντος
1126 428 1240 490 τοῖς
1289 428 1522 498 χρόνοις,
1560 430 1798 484 ἰσοδυνα-

216 514 357 591 μοῦν
386 514 451 574 u
470 512 613 570 κατὰ
634 512 733 584 τὴν
763 515 982 587 πρᾶξιν.
1023 516 1080 569 Ὀ
1113 517 1284 572 Σαοὺλ
1315 521 1344 572 ὁ
1373 519 1624 589 βασιλεὺς
1653 539 1794 593 παρ-

219 606 506 671 ιτα-πετο,
544 604 631 662 καὶ
664 604 756 660 διὰ
783 605 988 675 πολλῆς
1008 609 1283 679 φροντίδος
1303 605 1406 680 ἦγε
1429 612 1519 665 τὸν
1541 612 1793 683 πόλεμον·

225 697 572 768 ἀπηγόρευσε
597 694 655 749 tt
680 694 761 765 τῷ
804 695 920 768 λαῷ
945 699 1154 769 τροφῆς
1183 701 1241 754 ὲν
1283 702 1466 773 ἐκείνῃ
1511 705 1576 773 τῇ
1614 704 1796 775 ἡμέρᾳ

236 786 569 859 μεταλαύιῖν,
634 786 786 858 ὅρκῳ
835 788 935 859 τὴν
981 788 1161 859 κρίσιν
1211 792 1647 862 ὲπισφραγίσας,
1702 795 1795 849 καὶ

238 877 454 943 θάνατος
490 872 557 950 ἤν
598 878 634 949 ἡ
685 877 859 950 ζημία
902 878 982 950 τῷ
1030 880 1459 952 παρακούσαντι.
1507 885 1694 956 Πάσης
1737 886 1794 940 δὲ

229 972 327 1043 τῆς
374 971 626 1043 στρατιᾶς
675 970 949 1035 εὐπειθῶς
992 969 1294 1041 δεξαμένης
1336 972 1396 1025 τὸ
1442 971 1790 1045 πρόσταγμα,

223 1064 377 1136 μόνος
398 1065 429 1121 δ
458 1062 555 1116 τοῦ
584 1061 857 1133 βασιλέως
886 1064 1012 1125 παῖς
1054 1062 1309 1117 Ἰωνάθαν
1341 1065 1535 1134 σμήνει
1574 1081 1792 1135 περιτυ-

211 1152 339 1228 χὼν,
367 1152 463 1208 καὶ
482 1153 583 1208 τοῦ
609 1152 828 1226 μέλιτος
852 1152 1122 1225 ἡττηθεὶς,
1155 1154 1406 1225 ἐμπήξας
1434 1159 1549 1220 τοῖς
1581 1156 1793 1228 κηρίοις

205 1245 267 1298 τὸ
294 1243 607 1317 σκῆπτρον,
634 1243 733 1306 τοῦ
779 1242 1162 1314 γλυκάσματος
1206 1244 1568 1313 ἀπεγεύσατο.
1616 1245 1789 1304 *Ηλθε

199 1334 262 1389 δὲ
296 1335 478 1404 ἐγγὺς
504 1334 603 1389 τοῦ
636 1333 908 1399 κινδύνου,
938 1336 989 1387 εί
1024 1334 1100 1406 μὴ
1133 1336 1194 1388 τὸ
1226 1336 1428 1407 πλῆθος
1459 1337 1607 1392 ἀπαν
1633 1342 1787 1412 κοινῇ

198 1424 346 1497 πρὸς
369 1424 476 1498 τὴν
501 1424 679 1505 ὁρμὴν
702 1424 799 1487 τοῦ
831 1426 1033 1497 πατρὸς
1076 1426 1170 1479 καὶ
1211 1425 1475 1495 βασιλέως
1506 1428 1790 1500 ἀντέσχεν,

200 1517 524 1587 ἀπαγαγεῖν
553 1516 652 1588 τὴν
683 1517 915 1590 ἀπειλὴν
940 1519 1020 1581 είς
1043 1517 1205 1590 ἔργον
1232 1519 1539 1590 ὁρίσαντος.

276 1605 428 1677 Πρὸς
450 1604 515 1686 ’δὲ
538 1608 652 1670 τοῖς
671 1604 983 1678 εἰρημένοις
1008 1605 1176 1677 μυρία
1198 1607 1420 1660 τοιαῦτα
1445 1608 1653 1673 ἔξεστιν
1677 1610 1786 1666 ἀπὸ

1900 446 2029 501 pore
2074 434 2290 503 quidem
2342 434 2612 501 posterius
2650 434 2743 489 sed
2790 434 2932 501 quod
2988 434 3056 489 ad
3101 448 3211 488 rem
3259 435 3470 498 attinet,

1897 522 2056 592 plane
2078 523 2427 603 aequivalens.
2454 522 2581 579 Saul
2622 538 2714 577 rex
2765 524 2816 578 in
2846 532 2957 579 cast
2971 524 3043 578 ris
3066 534 3204 588 erat,
3228 525 3285 579 'et
3306 523 3469 578 multa

1898 612 2264 692 sollicitudine
2311 614 2511 669 bellum
2555 614 2996 678 administrabat.
3048 615 3328 669 interdixit
3370 628 3470 667 au-

1899 709 2005 756 tem
2028 702 2256 772 populo,
2286 716 2353 758 ne
2374 702 2497 771 quis
2541 702 2632 757 illo
2664 702 2753 757 die
2779 703 2958 759 cibum
2986 715 3220 759 sumeret
3240 702 3315 767 ”;
3341 718 3467 758 sen·

1897 792 2122 846 tentiam
2156 806 2312 847 susm
2350 790 2702 863 jurejurando
2730 792 3041 864 obsignans,
3071 794 3292 849 decreto
3324 807 3468 848 mor-

1897 881 1965 936 tis
1993 881 2262 952 supplicio
2318 883 2364 937 si
2422 883 2544 953 quis
2595 897 2700 938 non
2735 884 3175 953 obtemperasset.
3209 884 3341 941 Cum
3372 899 3470 938 an-

1894 978 2000 1027 tem
2034 980 2177 1028 totus
2208 973 2481 1029 exercitus
2530 974 2840 1030 mandatum
2883 974 3062 1031 debito
3082 976 3342 1045 obsequio
3369 991 3464 1030 ac·

1892 1062 2124 1132 cepisset
2149 1106 2163 1126 ,
2228 1064 2376 1120 solus
2431 1063 2695 1121 Jonatltas
2716 1104 2733 1132 ,
2781 1065 2924 1122 tilius
2953 1066 3094 1137 regis
3116 1109 3130 1129 ,
3162 1066 3215 1121 ἰιι
3249 1066 3465 1122 alveare

1894 1152 2153 1219 incidens.
2182 1154 2464 1226 mellisque
2494 1154 2777 1211 dulcedine
2824 1158 3020 1224 victus,
3040 1158 3163 1213 savo
3190 1168 3459 1227 sceptrum

1891 1239 2148 1312 intigens,
2188 1243 2524 1302 dulcedinem
2559 1245 2705 1309 illam
2755 1248 3015 1316 gustavit.
3051 1246 3332 1304 Proximus
3365 1264 3463 1302 an-

1892 1340 1999 1390 tem
2034 1336 2279 1406 periculo
2302 1338 2425 1405 snit,
2469 1342 2572 1397 nisi
2606 1350 2751 1399 totus
2776 1342 3004 1414 populns
3040 1343 3307 1398 communi
3336 1357 3464 1399 eon·

1889 1436 2049 1479 sensu
2098 1426 2429 1483 retardasset
2482 1429 2742 1497 impetum
2796 1430 3002 1500 patris,
3050 1430 3140 1501 qni
3180 1430 3464 1485 intentatas

1888 1513 2065 1569 minas
2088 1516 2156 1570 ad
2195 1532 2309 1572 rem
2344 1516 2593 1575 conterre
2633 1519 2866 1575 volebat.

1957 1604 2161 1662 Praeter
2199 1609 2338 1674 lutee,
2371 1621 2625 1666 sexcenta
2654 1609 2759 1665 alia
2794 1626 2864 1666 ex
2890 1610 3188 1679 Scripturis
3212 1615 3463 1678 colligere

199 1696 319 1752 τῶν
347 1696 587 1769 Γραφῶν
615 1696 1028 1768 συλλεξάμενον,
1063 1698 1249 1768 σαφῶς
1278 1699 1532 1767 κατιδεῖν,
1561 1701 1636 1766 ὡς
1656 1703 1783 1773 ἀγα·
1814 1668 1859 1725 Β
1886 1694 2042 1761 licet,
2081 1693 2227 1755 unde
2270 1697 2502 1756 dilucide
2526 1701 2831 1767 elucescat,
2873 1702 3059 1772 quanti
3108 1701 3350 1758 facienda
3392 1702 3462 1757 sit

204 1785 303 1843 θδν
322 1789 361 1858 ἡ
387 1788 705 1860 ἐγκράτεια,
731 1789 825 1846 καὶ
848 1787 1172 1852 τούναντίον,
1198 1789 1429 1861 χαλεπὸν
1455 1791 1488 1860 ἡ
1509 1789 1784 1855 ἀκώλυτος

203 1878 320 1934 τῶν
350 1880 529 1934 πότων
567 1880 662 1933 καὶ
709 1880 818 1934 τῶν
861 1879 1006 1950 ὄψων
1038 1879 1358 1943 ἀπόλαυσις.
1402 1880 1644 1951 Νηστεία
1675 1881 1784 1936 τῶν

206 1970 387 2044 ἁγίων
414 1967 748 2042 σύντροφος·
800 1970 1019 2040 νηστεία
1063 1970 1244 2042 πάσης
1286 1970 1498 2040 ἀγαθῆς
1535 1970 1785 2044 πράξεως

205 2058 475 2132 ἀρχηγός.
510 2060 622 2115 tm
643 2059 834 2130 ὥσπερ
865 2060 913 2113 οἰ
941 2062 1177 2131 τεχνῖται
1207 2060 1374 2130 χωρὶς
1407 2060 1652 2132 ὀργάνων
1684 2062 1786 2115 οὐκ

213 2149 495 2222 ὶνιργοῦσι
521 2150 622 2215 τὰς
647 2151 844 2223 τέχνας
867 2169 880 2181 ·
917 2150 1059 2204 οὕτω
1088 2152 1182 2204 καὶ
1219 2152 1267 2204 οἱ
1301 2152 1575 2205 σπουδαῖοι
1603 2152 1697 2205 καὶ
1725 2153 1783 2206 ὲν

222 2246 607 2314 πνευματικαῖς
667 2245 850 2315 χάρισι
904 2242 1220 2313 βοηθέντες,
1275 2243 1403 2297 ἄνευ
1460 2245 1784 2317 ἐγκρατείας

217 2330 419 2387 οὔποτέ
444 2349 499 2386 τι
521 2333 623 2388 τῶν
652 2333 944 2404 θαυμάτων
979 2334 1067 2387 καὶ
1108 2334 1409 2405 τεραστίων
1437 2337 1779 2407 εἰργάσαντο.

215 2423 511 2496 Nuce-stim
562 2425 829 2488 Ἐλισαῖος
884 2425 1071 2496 ἧγειρε
1115 2425 1306 2496 νεκρὸν
1352 2427 1446 2482 καὶ
1488 2425 1739 2497 ὲψύχωσε
1764 2444 1778 2459 ·

214 2508 493 2582 νηστεύων
528 2510 734 2583 Μωσῆς
769 2505 874 2566 εἶδε
903 2511 1064 2565 Θεόν·
1102 2511 1376 2582 νηστεύων
1407 2514 1604 2584 Δανιὴλ
1625 2553 1640 2578 ,
1681 2518 1784 2588 τῆς

208 2601 463 2681 γοητείας
494 2602 588 2656 καὶ
628 2601 834 2672 πλάνης
859 2600 967 2654 τῶν
1012 2602 1309 2676 Ἀσσυρίων
1341 2604 1611 2674 ἐκράτησε
1636 2622 1650 2636 ·
1687 2624 1782 2677 νη-

211 2692 419 2754 στεύων
457 2690 555 2748 καὶ
595 2692 624 2745 ὁ
654 2689 859 2763 Κύριος
903 2691 996 2745 τοῦ
1036 2692 1280 2748 διαὸόλου
1313 2693 1421 2746 τῶν
1461 2696 1783 2767 πειρασμῶν

207 2783 496 2861 ἠνέσχετο·
539 2781 890 2856 νηστεύοντες
935 2781 1030 2835 καὶ
1075 2782 1123 2835 οἱ
1156 2783 1462 2849 ἀπόστολοι,
1493 2787 1592 2849 τὰς
1639 2787 1780 2860 ὑπὲρ

206 2874 316 2929 τῶν
342 2872 647 2929 σπουδαίων
674 2871 1010 2945 πραγμάτων
1038 2872 1248 2944 δεήσεις
1273 2875 1491 2932 ἐτέλουν
1511 2892 1524 2905 ·
1560 2876 1783 2949 νηστείᾳ

1885 1790 2261 1856 temperantia.
2298 1799 2352 1847 et
2385 1805 2417 1844 e
2454 1791 2752 1858 contrario,
2773 1806 2936 1861 qttam
2966 1807 3131 1861 grave
3158 1792 3357 1847 malum
3389 1792 3462 1845 sit

1883 1873 2310 1946 intemperanter
2349 1894 2411 1935 se
2455 1879 2579 1935 cibo
2629 1891 2865 1951 potuque
2918 1880 3273 1952 ingurgitare.
3310 1878 3454 1947 Jeju-

1884 1965 2031 2020 nium
2085 1977 2399 2024 sanctorum
2446 1969 2779 2028 collactanea
2838 1980 2951 2038 est;
2994 1969 3253 2041 jejunium
3284 1970 3463 2025 omnis

1884 2053 2007 2110 boni
2031 2058 2211 2128 operis
2235 2058 2472 2114 initium.
2517 2060 2584 2117 Et
2615 2062 3069 2131 quemadmodum
3099 2062 3321 2134 opifices
3342 2062 3461 2117 siue

1885 2145 2259 2203 instrumentis
2310 2164 2415 2204 non
2464 2160 2667 2221 agunt,
2700 2167 2819 2222 quae
2866 2152 3003 2208 artis
3035 2168 3144 2208 suae
3173 2162 3335 2216 suut;
3386 2152 3457 2206 ita

1884 2238 2057 2294 seduli
2081 2248 2137 2294 et
2171 2239 2226 2295 in
2259 2241 2635 2310 spiritualibus
2674 2244 2869 2315 gratiis
2897 2245 3176 2310 celebrati,
3198 2246 3329 2301 niltil
3357 2246 3457 2300 tni·

1890 2327 2199 2385 raculorum
2232 2346 2469 2400 unquam
2506 2333 2627 2389 sine
2675 2336 3032 2404 temperantia
3057 2344 3454 2406 perpetrarunt.

1882 2418 2140 2491 teintnans
2185 2424 2395 2480 Elisens
2440 2434 2712 2483 mortuum
2740 2429 3001 2485 excitavit
3036 2438 3092 2485 et
3122 2431 3349 2495 revixit3
3374 2429 3459 2500 je-

1878 2512 2079 2583 junans
2107 2512 2318 2585 Moyses
2348 2514 2511 2570 Deum
2544 2514 2700 2572 vidit.
2739 2515 2996 2588 Jejunaus
3031 2517 3238 2582 Daniel.
3265 2520 3457 2572 incan-

1888 2604 2122 2660 tationes
2166 2614 2222 2660 et
2266 2619 2483 2661 errores
2530 2605 2873 2678 Assyriorum
2929 2607 3154 2663 domuit.
3198 2606 3459 2675 «ieiunans

1884 2696 2046 2752 etiam
2096 2696 2353 2752 Dominus
2400 2695 2597 2752 diaboli
2645 2697 3054 2769 impressionem
3103 2697 3456 2767 compescuit.

1885 2788 2132 2857 Apostoli
2163 2800 2379 2860 quoque
2408 2803 2495 2844 res
2528 2788 2699 2845 serias
2731 2802 3029 2860 precesque
3052 2802 3156 2843 non
3184 2788 3302 2845 sine
3326 2787 3460 2860 ieju-

1885 2873 1977 2928 nio
2023 2874 2394 2944 perficiebant.
2436 2874 2688 2931 Ninivitae
2732 2876 3205 2931 comminationem
3268 2875 3457 2934 mortis

208 2963 489 3020 Νινευῖται
508 2965 609 3036 τὴν
636 2963 861 3034 ἀπειλὴν
883 2963 1138 3033 ἐνίκησαν
1168 2964 1261 3018 τοῦ
1290 2963 1518 3023 θανάτου
1539 2980 1554 2996 ·
1586 2967 1680 3022 καὶ
1702 2967 1779 3033 ὡς
1807 3006 1849 3064 c
1879 2963 2084 3031 jejunio
2104 2964 2441 3034 efl'ttgerunt;
2469 2979 2525 3022 et
2546 2975 2606 3022 ιιι
2627 2966 2868 3022 breviter
2901 2967 3081 3021 omnia
3110 2965 3456 3036 complectar,

208 3059 411 3113 ἐπίπαν
440 3059 638 3121 εἰπεῖν,
674 3054 811 3128 αὕτη
841 3055 975 3128 πρὸς
1012 3055 1143 3109 Θεὸν
1185 3057 1531 3129 παράκλητος
1554 3076 1567 3089 ·
1602 3057 1782 3125 αἰδοῦς
1880 3055 2148 3126 jejunium
2185 3071 2268 3115 est.
2303 3059 2526 3131 dignum
2557 3058 2715 3128 cujus
2737 3068 2994 3130 tanquam
3021 3057 3178 3128 legati
3205 3056 3341 3112 ratio
3362 3058 3459 3112 lta·

204 3151 359 3216 ᾀξία,
394 3150 492 3205 καὶ
536 3147 778 3220 πρέσὸυς
811 3148 1154 3212 ἀξιόπιστος,
1207 3148 1417 3219 ταχέως
1457 3148 1782 3205 δυσωποῦσα

208 3241 348 3314 ὅπερ
374 3234 453 3296 ὧν
493 3239 816 3311 προσαγάγῃ
845 3239 922 3310 τῷ
949 3239 1066 3309 Θεῷ
1091 3239 1189 3310 τὴν
1225 3240 1523 3311 ἱκετηρίαν.
1557 3243 1646 3296 Διὸ
1675 3244 1783 3309 πᾶς

202 3333 343 3404 ἀνὴρ
378 3331 632 3403 εύσεδὴς,
677 3333 769 3385 καὶ
811 3332 957 3393 ὅστις
987 3329 1228 3400 φιλόθεος
1264 3331 1463 3400 μᾶλλον
1495 3331 1530 3402 ἢ
1561 3334 1656 3388 καὶ
1695 3349 1787 3403 φι-

203 3422 454 3495 λήδονος,
500 3421 711 3495 χαίρων
771 3440 859 3494 μοι
930 3423 1024 3476 καὶ
1065 3420 1466 3493 εὐθυμούμενος
1521 3424 1781 3494 πρόσελθε

202 3516 327 3580 ταῖς
353 3513 592 3586 ἡμέραις
616 3513 719 3587 τῆς
747 3514 1090 3585 ἐγκρατείας.
1117 3515 1306 3579 Οὐδεὶς
1328 3515 1438 3586 γὰρ
1465 3516 1783 3587 σκυθρωπά·

212 3604 318 3670 ζων
348 3606 411 3659 ἓν
438 3604 585 3677 ἀρχῇ
622 3603 732 3663 τῶν
762 3602 1008 3672 ἀγώνων,
1044 3607 1287 3673 γενναῖος
1320 3606 1646 3675 ἀγωνιστής.
1690 3607 1782 3678 Μὴ

215 3694 369 3763 γίνου
398 3693 644 3761 στυγνὸς,
670 3693 747 3757 ὡς
784 3693 998 3766 βρέφος,
1033 3695 1123 3746 ἐπὶ
1157 3692 1218 3747 τὸ
1241 3691 1601 3748 διδασκαλεῖον
1631 3694 1784 3749 ἑλκο-

229 3784 434 3854 μένου·
468 3781 543 3852 μὴ
567 3783 935 3853 καταγόγγυζε
976 3786 1074 3854 τῆς
1117 3782 1225 3836 τῶν
1274 3783 1498 3860 ἡμερῶν
1547 3784 1784 3856 καθαρό-

232 3887 417 3943 τητος·
451 3870 526 3945 μὴ
566 3872 711 3945 ζήτει
743 3876 842 3947 τῆς
887 3873 1176 3947 ἑόδομάδος
1217 3875 1278 3928 τὸ
1322 3875 1504 3940 τέλος,
1542 3875 1617 3939 ὡς
1648 3876 1786 3946 μετὰ

233 3960 468 4046 χειμῶνα
497 3965 706 4035 πικρὸν,
740 3964 1041 4033 παρουσίαν
1071 3963 1229 4041 ἔαρος
1249 3981 1262 3995 ·
1302 3966 1376 4036 μὴ
1406 3965 1660 4036 ὲπιθύμει
1690 3965 1785 4021 τοῦ

227 4053 499 4118 ,Σαδόάτου
524 4053 614 4108 διὰ
643 4053 833 4126 μέθην,
872 4055 948 4118 ὡς
1003 4055 1286 4120 Ἰουδαῖος·
1321 4055 1395 4127 μὴ
1441 4056 1662 4129 ἀρίθμει
1688 4058 1787 4123 τὰς

220 4146 427 4218 ἡμέρας
476 4146 575 4225 τῆς
628 4147 1111 4224 Τεσσαρακοστῆς,
1159 4145 1234 4211 ὡς
1290 4147 1461 4219 ἀργὸς
1517 4148 1786 4219 μισθωτὸς

220 4236 501 4307 ἀναμένων
533 4235 635 4306 τῆς
677 4236 941 4308 ὲμμίσθου
985 4237 1318 4309 προθεσμίας
1362 4237 1424 4291 τὸ
1475 4237 1660 4306 τέλος·
1711 4239 1786 4312 μὴ

1884 3150 2097 3215 beatur,
2126 3160 2181 3204 et
2212 3165 2444 3219 quorum
2487 3151 2700 3207 ratione
2724 3153 2790 3207 ad
2824 3153 2988 3208 Deum
3037 3151 3302 3222 legatione
3344 3149 3459 3204 I'nu·

1884 3239 2047 3310 gitur,
2083 3241 2427 3297 exaudiatur.
2453 3240 2717 3308 Quocirca
2738 3242 2992 3313 quisquis
3011 3250 3102 3298 est
3125 3242 3246 3312 pins
3271 3240 3456 3294 Deum·

1882 3342 1988 3401 que
2025 3331 2212 3389 colens
2254 3341 2309 3386 et
2339 3314 2537 3402 ¹tnagis
2579 3346 2742 3401 quatu
2783 3332 3085 3401 voluptates
3123 3344 3333 3393 amane,
3370 3328 3458 3385 ille

1884 3422 2135 3477 alacriter
2195 3423 2279 3478 liis
2331 3422 2521 3478 diebus
2576 3424 2919 3478 abstinentiae
2961 3421 3027 3476 ad
3081 3436 3165 3474 me
3212 3419 3453 3480 accedat.

1889 3512 2065 3566 nullus
2122 3514 2301 3577 euim,
2349 3514 2439 3584 qui
2494 3514 2647 3570 initio
2688 3515 3046 3569 certaminum
3087 3510 3363 3564 vultuosus
3400 3520 3456 3564 et

1886 3595 2054 3657 tristis
2116 3614 2240 3668 est,
2299 3620 2592 3674 generosus
2651 3604 2851 3660 athleta
2910 3613 3015 3659 est.
3072 3601 3149 3657 Ne
3204 3600 3456 3655 efficiaris

1886 3703 2110 3751 moestus
2131 3736 2148 3761 ,
2183 3702 2438 3765 tanquam
2466 3695 2744 3765 puerulus,
2772 3694 2862 3765 qui
2897 3693 3156 3748 violenter
3183 3690 3452 3747 adludunt

1887 3787 2203 3842 litterarium
2241 3786 2516 3851 trahitur;
2571 3800 2640 3842 ne
2695 3799 3000 3841 murmures
3042 3785 3305 3839 adversus
3356 3784 3453 3837 lto·

1889 3892 2003 3930 rntn
2027 3877 2237 3931 dierum
2279 3876 2609 3945 puritatem
2657 3887 2723 3930 ne
2745 3888 2956 3943 quaeras
2986 3873 3144 3929 linem
3171 3870 3273 3926 lteb
3295 3873 3458 3925 loma·

1887 3967 2146 4031 dae‚sicut
2167 3977 2285 4036 post
2320 3967 2698 4022 inclementem
2744 3966 2975 4021 hiemem
3026 3964 3287 4020 adventus
3312 3963 3454 4018 veris

1886 4060 2185 4131 expetitur;
2234 4075 2303 4114 ne
2344 4060 2619 4115 desideres
2661 4058 2954 4115 Sabbatum
3000 4059 3069 4113 ol»
3110 4055 3449 4115 ebrietatem.

1890 4159 2141 4219 tanquam
2181 4147 2429 4216 tudaeus3
2477 4164 2546 4204 ne
2598 4163 2851 4203 numeres
2885 4145 3311 4214 Quadragesintae
3340 4142 3456 4197 ‹⁸ies

1888 4238 2031 4293 velut
2052 4238 2275 4310 ignavus
2303 4239 2691 4305 tnercenarins,
2716 4246 3037 4308 exspectans
3075 4235 3247 4291 donec
3274 4232 3456 4288 elaba-

222 4326 387 4391 λυποῦ
407 4368 424 4391 ,
459 4328 543 4382 ὅτι
572 4344 667 4382 σου
699 4328 806 4381 ἀπὸ
833 4327 1053 4400 πρώτης
1089 4328 1238 4401 ὧρας
1263 4329 1296 4399 ἡ
1328 4328 1473 4382 οἰκία
1500 4329 1561 4381 ού
1588 4328 1784 4383 καπνί-
1818 4344 1859 4399 1)
1890 4328 2126 4399 turcius,
2151 4327 2340 4397 dequo
2367 4334 2692 4383 conventum
2722 4334 2827 4393 est,
2856 4334 3095 4394 tempusq
3123 4339 3187 4378 ne
3218 4320 3449 4393 angaris,

223 4419 391 4485 ζεται,
421 4419 546 4486 οὐδὲ
570 4421 600 4473 ὁ
637 4419 896 4492 μάγειρος
919 4421 1115 4492 ἕστηκε
1155 4421 1290 4493 πρὸς
1317 4419 1379 4474 τὸ
1410 4420 1540 4494 πῦρ.

287 4598 527 4669 Χάρισαί
566 4614 619 4651 τι
650 4598 745 4652 καὶ
773 4601 838 4669 τῇ
867 4597 1010 4668 ψυχῇ
1037 4637 1052 4661 ,
1098 4597 1172 4668 μὴ
1221 4597 1396 4651 πάντα
1440 4595 1519 4667 τῷ
1550 4595 1782 4668 σώματι.

218 4687 326 4761 Τὴν
366 4689 468 4760 μὲν
493 4689 528 4758 ἡ
557 4687 735 4759 ἀποχὴ
762 4688 870 4742 τῶν
904 4686 1086 4741 σιτίων
1112 4687 1332 4758 τρέφει·
1364 4685 1424 4738 τὸ
1454 4685 1512 4738 δὲ
1545 4685 1578 4756 ὴ
1611 4685 1783 4756 ἱμερό-

222 4797 397 4852 ρησις.
464 4778 606 4832 Ἀλλ’
644 4765 830 4850 ἐπειδὴ
871 4777 940 4832 τὰ
981 4777 1076 4831 δύο
1112 4776 1359 4848 ἀλλήλοις
1401 4773 1779 4841 συνέζευκται,

223 4869 315 4923 καὶ
343 4867 418 4922 τὰ
448 4865 586 4921 πολὺ
618 4867 996 4938 κεχωρισμένα
1040 4866 1181 4920 κατὰ
1209 4864 1309 4935 τὴν
1351 4865 1532 4933 φύσιν,
1571 4868 1638 4938 τῇ
1689 4864 1782 4920 τοῦ

220 4957 563 5032 Λημιουργοῦ
599 4958 850 5029 συνεδέθη
890 4958 1113 5030 προνοίᾳ
1144 4956 1238 5012 καὶ
1263 4956 1460 5028 τέχνῃ,
1491 4954 1786 5026 βουλευσώ-

223 5047 359 5116 μεθα
384 5048 539 5112 ὅπως
558 5047 626 5101 ἂν
652 5047 935 5120 ἀμφότερα
962 5048 1278 5116 διαγένοιτο,
1301 5046 1409 5100 τῶν
1436 5046 1784 5117 καταλλήλων

221 5137 450 5194 ἕκαστον
477 5139 678 5210 χρειῶν
718 5140 791 5211 μὴ
834 5138 1204 5210 στερούμενον.
1254 5140 1348 5192 Ἐκ
1390 5138 1497 5192 τῶν
1538 5137 1630 5192 δύο
1661 5155 1784 5191 συν-

220 5225 476 5299 όστηκας,
502 5226 776 5295 ἄνθρωπε,
806 5226 899 5281 καῖ
926 5227 1112 5281 σιωπῶ
1153 5227 1320 5290 τέως,
1354 5227 1434 5280 ὄτι
1474 5226 1606 5281 πολὺ
1651 5244 1783 5298 προ-

217 5318 507 5389 τιμότερον
529 5318 562 5386 ἠ
590 5316 767 5387 ψυχὴ,
798 5318 892 5370 καὶ
937 5319 1207 5388 προσῆκεν
1239 5317 1424 5390 ἐκείνῃ
1463 5317 1648 5387 νέμειν
1683 5317 1784 5387 τῆς

216 5405 431 5470 εὐνοίας
455 5405 518 5460 τὸ
545 5404 724 5459 πλέον.
755 5407 980 5461 Δίκασον
1003 5408 1060 5460 δὲ
1088 5406 1433 5478 ἀμφοτέροις,
1466 5404 1540 5471 ὡς
1572 5406 1785 5475 λογικὸς

286 5605 336 5643 ⁸²
370 5604 389 5660 I
416 5603 548 5674 Reg.
591 5620 696 5670 xiv,
726 5605 795 5661 et
822 5623 939 5676 sqq.

1884 4419 1930 4476 si
1960 4435 1989 4474 a
2025 4421 2194 4489 prima
2229 4419 2361 4474 hora
2388 4419 2579 4475 domus
2622 4432 2727 4473 nou
2763 4415 3117 4486 perfundatur
3146 4412 3291 4468 intuo
3314 4453 3329 4477 ‚
3362 4428 3448 4465 ne·

1883 4525 1990 4581 que
2014 4524 2220 4580 coquus
2245 4520 2350 4566 stet
2384 4509 2450 4564 nd
2485 4510 2684 4581 ignem.

1957 4602 2028 4656 na
2056 4600 2217 4655 etiam
2247 4599 2447 4671 aliquid
2492 4600 2721 4666 animae,
2763 4612 2867 4654 non
2904 4595 3086 4652 omnia
3127 4593 3363 4663 corpori.
3390 4592 3454 4648 lt·

1887 4691 1992 4745 lam
2042 4693 2208 4745 inurit
2252 4688 2577 4745 abstinentia
2601 4687 2668 4742 ab
2693 4685 2967 4742 alimentis
2994 4724 3010 4749 ,
3043 4697 3240 4752 corpus
3272 4689 3448 4736 autem

1893 4781 2119 4853 repletio
2149 4795 2242 4836 seu
2271 4779 2519 4850 ingestio.
2553 4778 2658 4835 Sed
2700 4793 2824 4835 cum
2854 4779 2960 4833 duo
2991 4777 3105 4833 ltaec
3140 4776 3248 4844 Jam
3272 4780 3453 4827 mutuo

1889 4870 2000 4928 sint
2024 4871 2301 4940 copulata,
2341 4871 2589 4942 quamvis
2618 4877 2808 4924 natura
2851 4867 3078 4923 multum
3116 4863 3450 4927 dissidentia.

1883 4961 2193 5018 Conditoris
2247 4970 2424 5017 tamen
2486 4961 2825 5031 providentia
2882 4970 2937 5016 et
2994 4969 3112 5015 arte
3173 4969 3449 5018 connexa.

1883 5052 2152 5121 dispicere
2173 5062 2411 5123 oportet,
2436 5054 2709 5122 quomodo
2734 5051 2949 5123 utrique
2974 5051 3170 5106 ltorum
3200 5047 3448 5111 satisllat.

1884 5145 1956 5198 ita
1982 5151 2039 5195 nt
2071 5151 2316 5196 nentrum
2348 5142 2527 5198 debito
2570 5143 2810 5198 snbsidio
2848 5141 3101 5213 privetur.
3133 5140 3209 5196 Ex
3245 5138 3450 5194 duabus

1889 5233 2051 5288 rebus
2083 5242 2491 5302 coagmentatus
2527 5249 2589 5289 es
2608 5274 2624 5300 ,
2654 5248 2687 5290 ο
2716 5233 2896 5290 Ιιοιιιο.
2927 5232 3080 5288 uiuo
3108 5232 3309 5295 dicere,
3339 5230 3453 5284 ani·

1889 5338 2030 5377 mam
2094 5323 2263 5378 multo
2316 5325 2741 5393 praestantiorem
2775 5339 2929 5392 esse,
2974 5338 3037 5379 ac
3067 5321 3288 5393 proinde
3332 5320 3448 5391 plns

1890 5413 2276 5469 benevolentia».
2306 5413 2357 5469 ei
2394 5413 2600 5471 deberi.
2634 5412 2732 5471 «Ius
2763 5416 2852 5472 dic
2882 5413 3152 5485 utrisque,
3195 5423 3447 5483 tanquam
