3725 6125
315 246 373 301 fl
1417 239 1620 297 PntLo
1660 238 2057 297 CARPASlUS
2097 239 2496 300 El’lSCOPUS.
3509 245 3579 299 {2

313 367 595 422 denotare.
631 363 818 436 ltaque
845 378 1062 421 sensum
1106 360 1311 431 Polybii
1343 360 1482 417 bene
1516 369 1644 417 sunt
1672 375 1895 419 assecu·
1925 370 1971 423 Α
2003 372 2168 434 atque
2227 365 2297 419 ita
2341 379 2526 419 vocem
2580 361 2718 418 illam
2749 359 2938 414 Latine
2971 356 3150 413 reddit
3197 356 3467 412 Fabrotus
3508 362 3577 414 ad

312 459 350 513 ti
383 469 494 513 tum
526 458 619 530 qui
649 473 767 513 eam
799 454 1086 527 Epipltanii
1123 453 1293 508 Vitam
1327 452 1516 509 Latine
1559 453 1743 517 vertit,
1776 459 1891 507 tutn

316 550 587 606 Menus‘us
640 549 740 619 (a),
801 546 1104 616 Ducangius
1156 544 1254 615 (b),
1302 543 1512 599 Caveus
1568 542 1639 615 (c)
1672 543 1891 610 etaliig

314 639 407 709 qui
446 640 552 695 illis
583 638 783 702 verbis,
836 635 1098 709 κληρικὸς
1132 632 1243 687 ἀπὸ
1298 632 1564 707 ρητόρων,
1597 634 1893 705 significari

312 731 646 793 existimant,
695 726 976 781 Philonem
1023 723 1276 778 clericum
1333 724 1503 779 luisse
1555 724 1622 778 de
1668 739 1896 778 numero

318 823 616 882 rhetorum,
666 832 854 873 corum
897 816 1103 874 scilicet
1130 815 1224 887 qui
1254 830 1332 879 ‚ex
1358 816 1505 872 clero
1536 816 1784 872 rhetores
1814 816 1896 871 di-

313 914 591 967 cebantur.

386 1002 457 1054 De
494 1000 575 1054 his
614 998 925 1054 rhetoribus
950 1013 1013 1053 ex
1045 999 1191 1053 clero
1228 999 1382 1053 testis
1410 1010 1492 1055 est
1515 999 1750 1055 Codiuus
1777 999 1889 1054 Cu-

313 1094 548 1161 ropal·-ta
577 1091 681 1164 (d),
734 1092 879 1161 apud
920 1107 1078 1162 quem
1116 1101 1234 1160 post
1264 1101 1372 1147 tres
1401 1091 1692 1163 Evangelii,
1743 1094 1889 1163 Apo·

1996 450 2242 509 Nicetam
2267 455 2335 525 (Ι)
2368 473 2381 510 :
2418 457 2624 527 ῥήτωρ,
2654 456 2742 525 qui
2777 453 3083 522 Scripturas
3132 450 3307 503 instar
3350 452 3579 505 oratoris

1994 546 2329 603 ecclesiastici
2388 546 2874 615 interpretabatur:
2927 556 3047 613 quite
3097 550 3225 595 suut
3258 542 3374 610 ipsa
3414 541 3576 595 verba

1998 638 2215 695 Meursii
2267 640 2318 692 iu
2358 637 2650 692 Glossario.
2687 637 2972 691 Gretserus
3000 633 3095 705 (m)
3133 648 3348 702 (pioque
3371 632 3439 688 ad
3470 632 3578 687 Co-

1997 730 2180 783 dinum
2215 746 2228 782 :
2268 727 2505 784 [lactoris
2559 729 2784 797 officiam
2828 736 2902 781 est
2953 723 3237 794 generatim
3271 722 3579 791 Scripturas

1993 836 2174 875 sacras
2199 821 2531 889 interpretari
2550 836 2567 884 ,-
2597 830 2643 873 et
2675 817 2876 872 videtur
2900 817 3010 879 ille,
3058 830 3209 883 quem
3252 830 3345 867 nos
3364 813 3578 869 concio-

1993 919 2239 965 natorem
2263 911 2617 964 nominamus.
2671 908 2776 961 Sed
2810 906 3040 962 Allatins
3079 904 3161 974 (n)
3199 904 3577 958 animadvertit

1993 1000 2253 1056 rhetorem
2285 1002 2524 1070 patuisse
2555 999 2717 1053 latius
2741 1012 2904 1069 quam
2937 999 3215 1052 doctorem
3260 993 3572 1063 Evangelii;

1992 1102 2049 1147 et
2107 1092 2351 1148 rhetores
2374 1091 2465 1160 qui
2518 1101 2783 1161 praecepta
2833 1085 3278 1152 aliis'traderent,
3314 1096 3568 1155 tanatiam

309 1182 431 1237 stoli
464 1193 521 1237 et
542 1181 791 1237 Psalterii
822 1183 1092 1245 doctores,
1142 1196 1373 1249 qnorum
1402 1182 1611 1250 pri-nus
1657 1193 1893 1252 quatuor
1989 1181 2312 1253 eloquentia!
2339 1181 2674 1252 professores
2726 1182 2792 1235 ad
2845 1181 2894 1234 id
2947 1179 3118 1235 l'erme
3162 1193 3356 1233 numus
3385 1175 3565 1231 vocari

309 1273 696 1344 evangelistae,
740 1275 1008 1329 secundus
1061 1271 1329 1342 Epistulas
1364 1271 1425 1325 D.
1486 1270 1658 1337 Pauli,
1700 1274 1893 1331 tertius

313 1359 557 1416 l‘sahnos
588 1360 1071 1431 interpretabatur,
1102 1360 1318 1427 ponitur
1347 1377 1401 1416 u.
1441 1361 1553 1416 23:
1601 1363 1662 1416 Ὀ
1705 1364 1891 1436 ῥήτωρ

310 1452 391 1514 εἰς
417 1451 478 1503 τὸ
511 1450 838 1523 ἑρμηνεύειν
861 1450 960 1514 τὰς
984 1449 1230 1522 Γραφάς,
1259 1448 1454 1504 Rteetor
1483 1452 1550 1505 ad
1582 1452 1889 1521 Scripturas

308 1543 754 1609 interpretandas.
823 1541 1056 1598 Goarius
1094 1543 1281 1596 eadem
1317 1541 1491 1598 officia
1546 1545 1762 1615 subjicit
1822 1561 1891 1601 ex

310 1631 492 1703 Regiis
535 1648 664 1689 tuss-
699 1635 793 1703 (e),
834 1636 888 1688 in
922 1632 1117 1701 quibus
1145 1634 1395 1700 habetur,
1442 1638 1471 1689 ὁ
1501 1637 1689 1709 ῥήτωρ
1722 1638 1802 1702 εἰς
1831 1635 1893 1690 τὸ

1992 1272 2358 1329 consuevisse.
2386 1271 2500 1326 Non
2531 1289 2719 1338 unum,
2741 1273 2833 1327 sed
2859 1270 3039 1340 plures
3060 1270 3111 1322 iu
3136 1269 3371 1324 Ecclesia
3402 1266 3573 1321 luisse

1994 1366 2243 1421 rhetores
2274 1362 2355 1417 vel
2380 1362 2469 1418 illa
2492 1365 2656 1419 verba
2692 1363 2932 1417 iudicant
2961 1358 3149 1427 plurali
3184 1373 3410 1413 :innuero
3443 1371 3573 1410 con-

1992 1466 2146 1525 cepta
2178 1454 2243 1509 de
2281 1453 2507 1510 Philone
2542 1463 2729 1509 nostro
2760 1454 2812 1509 iu
2837 1451 3120 1521 Epiplianii
3162 1448 3315 1512 Vata,·
3340 1459 3391 1503 et
3420 1462 3485 1503 ex
3511 1461 3577 1502 eo

1993 1546 2233 1599 maxime
2256 1552 2490 1607 constat,
2524 1544 2663 1613 quod
2698 1557 2838 1597 unas
2886 1542 3124 1611 ipsorum
3170 1536 3372 1606 primas
3422 1545 3574 1588 tenc·

1993 1645 2100 1700 ret,
2157 1645 2320 1705 atquo
2373 1634 2621 1707 μαῖστωρ
2674 1633 2783 1688 τῶν
2833 1632 3106 1705 ῥητόρων,
3157 1629 3330 1701 μέγας
3386 1627 3569 1698 ῥήτωρ

309 1725 646 1797 ῥητορεύειν,
670 1728 846 1781 rhetor
868 1726 936 1779 ad
971 1728 1250 1780 orandum.
1313 1727 1377 1781 Et
1408 1726 1741 1796 splendidam
1767 1744 1888 1783 eam
1923 1712 1965 1768 Β
1995 1737 2412 1798 nuncuparetur,
2447 1728 2512 1783 de
2560 1741 2665 1798 qno
2722 1725 2987 1782 Mem-sius
3018 1722 3117 1795 (ο),
3155 1733 3212 1778 et
3237 1721 3445 1777 caveus
3473 1720 3573 1789 (p).

308 1818 476 1875 luisse
510 1818 822 1888 dignitatem
851 1817 1135 1875 Matthaeus
1159 1820 1456 1874 monachus
1497 1820 1717 1884 imlicat,
1737 1820 1893 1890 cujus

310 1912 362 1966 in
397 1909 657 1979 opusculo
692 1910 764 1964 De
794 1911 971 1981 officiis
993 1909 1175 1978 palatii
1202 1920 1250 1965 et
1285 1909 1534 1965 Ecclesia.²
1583 1909 1889 1966 Constanti-

310 2002 551 2069 nopoleos
599 2001 793 2072 legitur
823 2000 928 2071 (s),
962 2001 1107 2071 Ὅρα
1134 2000 1225 2055 τὸν
1261 1999 1512 2071 λαμπρὸν
1539 2002 1761 2073 ῥήτορα,
1795 1998 1893 2055 tte-

308 2093 450 2160 spice
483 2092 740 2147 illustrem
772 2092 1045 2147 rhetorem.
1100 2092 1163 2145 lit
1187 2093 1326 2161 apud
1364 2090 1606 2146 Nicetam
1654 2090 1891 2145 Chouia·

312 2198 418 2238 tam
444 2184 520 2256 (9)
549 2183 772 2239 Michael
805 2184 1026 2254 quidam
1056 2192 1278 2237 vocatur
1321 2182 1413 2236 τὸν
1446 2181 1736 2254 ῥητορικὸν
1764 2180 1891 2253 θρό-

310 2292 400 2329 νον
452 2274 676 2347 κοσμῶν
698 2289 711 2301 ·
767 2290 887 2343 qnae
944 2273 1106 2327 verba
1149 2287 1272 2327 cum
1325 2272 1510 2341 jejune
1566 2272 1891 2328 reddidisset

307 2366 665 2439 Hieronymus
688 2365 915 2421 Wolllus
940 2380 1034 2435 per
1065 2368 1278 2419 unicam
1309 2378 1494 2417 vocem
1525 2363 1889 2425 concionator,

284 2462 377 2526 ,ab
415 2460 614 2515 Allatio
648 2459 727 2525 (ta)
794 2457 1163 2528 reprehensus
1200 2464 1302 2509 est.
1355 2453 1717 2519 Quamobrem
1759 2467 1891 2506 ano-

306 2564 503 2620 nymus
547 2564 579 2602 a
610 2547 813 2604 Goario
846 2546 1030 2601 editus
1075 2544 1138 2614 (i)
1175 2544 1274 2605 ait,
1304 2541 1611 2613 φιλοσόφων
1658 2541 1887 2608 ὕπατος,

308 2640 556 2715 ρητόρων
607 2637 851 2710 πρῶτος·
905 2636 972 2691 ad
1003 2650 1124 2705 quae
1174 2636 1333 2691 verba
1382 2633 1614 2691 Goarius
1664 2636 1733 2708 (j)
1775 2637 1891 2691 bac

308 2729 590 2786 adnotavit
627 2746 642 2784 ε
678 2728 900 2785 Summa
922 2728 1257 2797 imperatoris
1288 2727 1451 2782 virtus
1489 2739 1586 2792 est,
1618 2740 1673 2781 ut
1703 2727 1887 2783 erudi-

308 2823 472 2877 tionis
525 2823 729 2891 copiam
762 2820 899 2875 inter
945 2820 1261 2891 loquendum
1311 2822 1507 2876 discite
1560 2822 1727 2891 possit
1759 2838 1880 2887 pro-

309 2914 527 2986 fundere
555 2930 575 2970 .·
601 2923 653 2969 et
668 2916 760 2984 jus
789 2912 1070 2983 unicuique
1091 2914 1342 2979 debitum,
1372 2924 1426 2967 ut
1454 2912 1608 2982 facile
1633 2929 1888 2983 aqnosce-

307 3022 386 3074 re,
416 3008 487 3061 ita
513 3015 811 3061 constanter
841 3005 1054 3059 reddere
1084 3012 1150 3059 sit
1177 3017 1418 3076 paratus.
1449 3003 1506 3060 Si
1534 3007 1661 3075 quid
1693 3006 1884 3061 tiorum

308 3109 499 3155 natura
545 3098 620 3154 rel
672 3099 975 3153 exercitium
1027 3099 1340 3170 deiieqaliat,
1382 3099 1448 3153 ab
1496 3098 1618 3153 aliis
1662 3115 1884 3170 quorum

305 3189 598 3247 eruditione
622 3229 637 3253 ,
682 3188 1013 3260 eloquentia,
1082 3189 1253 3260 lequm
1312 3191 1499 3257 petitia
1549 3206 1611 3243 ac
1657 3191 1888 3260 justitioe

305 3297 487 3338 amore
509 3280 792 3336 duceretur
833 3289 880 3336 et
915 3279 1290 3345 sublevaretur,
1324 3298 1467 3351 opem
1499 3284 1736 3335 mutuari
1783 3297 1887 3336 non

305 3372 638 3429 erubescebat
672 3374 935 3443 quondam
971 3373 1027 3425 in
1051 3370 1268 3427 Oriente
1307 3375 1590 3440 imperator
1611 3387 1630 3425 .·
1654 3372 1764 3427 τῶν
1797 3391 1888 3444 φι-

306 3463 584 3536 λοσόφων,
624 3464 925 3518 divinarum
970 3460 1426 3534 humanarumque
1469 3479 1640 3519 rerum
1704 3467 1886 3536 coqui-

306 3558 446 3612 tione
479 3557 769 3610 instructus
816 3555 1211 3620 eruditionem,·
1251 3555 1503 3628 ρητόρων
1545 3554 1762 3629 πρῶτος
1799 3557 1888 3611 ‹ti-

304 3649 456 3703 cendi
481 3647 818 3717 facilitatem.
853 3684 868 3698 .
913 3684 928 3700 .
966 3685 982 3701 .
1029 3646 1357 3716 suqqereliat.
1391 3645 1649 3704 Veniebat
1677 3646 1890 3704 scilicet

310 3741 547 3797 rhetoris
585 3741 798 3795 nomine
854 3737 1089 3810 palatina
1147 3738 1312 3792 etiam
1345 3736 1580 3808 dignitas
1620 3756 1639 3795 s
1688 3739 1775 3795 cui
1814 3739 1890 3795 si-

307 3834 449 3891 milis
480 3833 569 3889 ills
600 3833 964 3888 ecclesiastica
989 3850 1004 3895 ;
1030 3831 1172 3901 qnod
1210 3831 1448 3886 indicant
1469 3846 1535 3886 ea
1557 3830 1718 3886 verba
1743 3848 1885 3903 quae,

305 3935 539 3994 utsupra
561 3923 764 3980 dictum
797 3932 902 3986 est,
925 3921 1102 3976 attulit
1130 3920 1358 3978 Goarius
1375 3921 1495 3992 (loe
1519 3937 1651 3978 mss.
1684 3922 1887 3996 Regiis,

305 4017 337 4070 ὁ
370 4019 555 4089 ῥήτωρ
576 4016 658 4079 εἰς
685 4014 744 4068 τὸ
773 4012 1111 4087 ῥητορεύειν.
1145 4011 1278 4068 Nam
1313 4013 1607 4084 Evangelii,
1644 4016 1725 4072 vel
1745 4017 1891 4089 Apo-

302 4108 429 4163 stoli
476 4108 599 4178 (hoc
647 4115 730 4162 est
777 4105 1141 4176 Epistolarum
1191 4103 1254 4161 D.
1288 4103 1484 4176 Pauli),
1525 4108 1608 4163 vel
1637 4107 1886 4166 Psalterii

303 4201 556 4256 doctores
611 4214 796 4254 sacras
851 4198 1173 4268 Scripturas
1225 4197 1457 4253 strictim
1492 4200 1881 4268 exponebant:

305 4294 493 4349 rhetor
520 4307 648 4347 vero
685 4291 738 4345 iu
778 4291 968 4344 iisdem
998 4287 1220 4344 uberius
1268 4291 1688 4359 pertractandis,
1725 4299 1781 4346 et
1816 4294 1885 4348 ad

1994 1822 2085 1891 qui
2114 1816 2243 1876 'l'use
2270 1821 2336 1875 de
2382 1820 2606 1877 Philone
2640 1828 2828 1874 nostro
2862 1818 3152 1888 disputat;
3201 1830 3265 1868 ac
3301 1814 3352 1868 in
3383 1814 3578 1882 quavis

1992 1912 2109 1967 sere
2145 1912 2336 1982 riiajori
2360 1912 2591 1969 ecclesia
2624 1910 2796 1966 luisse
2844 1910 3002 1965 docet
3034 1907 3291 1978 aliquem,
3330 1906 3419 1976 qui
3446 1905 3572 1961 rbe-

1993 2005 2126 2059 toris
2179 2021 2403 2063 munere
2446 2004 2787 2077 intingeretur,
2846 2012 3007 2073 atque
3055 2018 3120 2057 ex
3182 2000 3299 2070 ejus
3332 1998 3575 2054 ecclesiae

1995 2097 2253 2153 reditibus
2285 2097 2554 2169 aleretur;
2605 2113 2637 2151 a
2672 2110 2780 2165 quo
2822 2095 2984 2151 etiam
3006 2092 3252 2162 juniores
3284 2090 3464 2146 clerici
3506 2090 3574 2144 ad

1994 2189 2201 2244 futuras
2230 2189 2368 2243 sacri
2396 2187 2605 2242 ordinis
2645 2184 2947 2241 functiones
2978 2183 3349 2255 promovendi,
3401 2182 3575 2238 sacris

1996 2280 2195 2335 litteris
2225 2287 2279 2334 et
2308 2279 2614 2349 disciplinis
2652 2277 3036 2333 ecclesiasticis
3063 2274 3426 2331 erudirentur.

2064 2368 2169 2423 Sed
2199 2381 2253 2420 ut
2279 2369 2345 2421 ad
2376 2367 2659 2423 Philonem
2697 2368 3003 2431 redeamus,
3036 2376 3183 2421 tanta
3232 2369 3303 2420 de
3355 2380 3421 2421 eo
3473 2364 3574 2422 luit

1993 2458 2055 2515 S.
2090 2459 2373 2529 Epiphauii
2403 2459 2608 2529 opinio,
2646 2468 2704 2514 ut
2734 2458 2961 2513 Romam
2989 2455 3329 2528 prolecturus
3362 2457 3435 2510 illi
3480 2471 3572 2512 ac·

1991 2552 2190 2606 cersito
2222 2551 2295 2623 (ql
2315 2560 2636 2621 potestatem
2670 2550 2876 2605 dederit
2910 2548 3355 2604 administranda:
3386 2547 3573 2605 Eccle-

1997 2642 2091 2697 siae
2111 2641 2436 2698 Constantia·
2467 2653 2560 2710 ;et
2585 2643 2630 2699 si
2664 2657 2799 2712 opus
2832 2641 3046 2707 luisset,
3078 2641 3362 2696 ordinandi
3415 2641 3571 2697 cleri·

1989 2749 2085 2790 cos
2121 2733 2450 2801 facultatem,
2488 2744 2547 2790 ut
2582 2744 2769 2789 narrat
2811 2734 2951 2790 idem
2986 2748 3144 2803 quem
3176 2748 3335 2803 supra
3370 2748 3566 2791 memo·

1994 2826 2254 2891 ravimus,
2280 2824 2712 2882 Rhinocurorum
2743 2826 3028 2895 episcopus
3060 2823 3334 2896 Polybius.
3370 2836 3384 2848 ·

2061 2917 2320 2973 Novimus
2370 2920 2614 2989 quidem,
2661 2916 2784 2973 Vita
2830 2917 2918 2973 illa
2962 2916 3023 2973 S.
3052 2916 3337 2987 Epiplianii
3373 2918 3571 2975 multas

1990 3012 2253 3068 contineri
2308 3011 2544 3077 fabulas,
2577 3027 2682 3084 quo
2729 3012 2948 3069 nomine
2987 3024 3049 3068 ca
3102 3010 3251 3066 valde
3295 3009 3569 3080 displicuit

1988 3102 2356 3174 papebrochio
2403 3106 2474 3178 (r)
2527 3116 2582 3161 et
2638 3104 2979 3161 Tillemoutio
3030 3103 3121 3176 (ε’),
3160 3118 3317 3174 quem
3364 3105 3568 3175 passim

1994 3196 2086 3252 alii
2130 3207 2449 3268 sequuntur.
2487 3197 2745 3266 Dupinius
2799 3195 2951 3251 nihili
3003 3210 3123 3251 eam
3148 3197 3415 3263 resumat:
3475 3198 3569 3253 sed

1990 3288 2108 3359 ejus
2145 3289 2449 3344 rationibus
2480 3289 2677 3359 quibus
2706 3288 2855 3342 illam
2884 3286 3106 3342 omnino
3138 3286 3487 3356 rejiciendam
3515 3289 3568 3344 in

1989 3383 2240 3438 omnibus
2272 3390 2442 3452 putat,
2467 3396 2803 3437 smnmorum
2839 3379 3078 3433 virorum
3107 3379 3368 3451 judicium
3402 3395 3571 3451 oppo-

1991 3476 2191 3531 nimus.
2233 3472 2369 3531 Nam
2408 3475 2582 3544 primo
2619 3490 2722 3530 nou
2776 3472 2998 3528 omuino
3021 3486 3139 3527 eam
3176 3473 3569 3542 aspernandam

1990 3566 2241 3623 Petavius
2270 3569 2481 3625 censuit
2526 3568 2615 3640 (t),
2650 3568 2741 3639 qui
2771 3586 2785 3621 ε
2816 3564 3086 3636 subjecta,
3120 3566 3312 3633 inquit,
3348 3582 3379 3617 a
3418 3566 3570 3620 nobis

1987 3670 2061 3716 est
2109 3659 2388 3730 Epiphauii
2423 3659 2588 3728 Vita,
2650 3658 2838 3716 Latine
2892 3660 3022 3714 olim
3086 3676 3120 3712 a
3166 3656 3346 3724 Surio,
3388 3659 3570 3716 Groece

1990 3761 2164 3807 autem
2187 3767 2322 3805 uiuite
2353 3750 2566 3821 rulqata
2596 3752 2848 3820 primurn,
2875 3766 2936 3803 ac
2970 3749 3153 3805 multis
3181 3750 3236 3803 iu
3266 3749 3395 3805 locis
3425 3769 3565 3808 reco-

1987 3841 2157 3911 gnita.
2192 3841 2324 3906 Quoe
2348 3856 2654 3911 quanquam
2690 3841 2745 3893 in
2790 3838 3050 3910 plerisque
3080 3840 3278 3909 [abulat
3309 3854 3383 3897 est
3410 3861 3565 3914 quam

1987 3934 2220 3988 historia:
2243 3934 2476 4002 propior,
2532 3942 2591 3986 ut
2620 3932 2940 4004 jamdudum
2982 3933 3038 3986 in
3062 3933 3364 3992 Atiualibus
3394 3935 3561 3992 Baro-

1988 4027 2105 4081 nius
2135 4027 2449 4093 admonuit,·
2492 4027 2590 4081 erit
2642 4025 2893 4083 tamenin
2952 4026 3209 4082 lutulenta
3241 4029 3336 4084 illa
3374 4048 3556 4086 tiana·

1987 4117 2127 4171 tione
2168 4116 2391 4187 sortasse
2434 4121 2572 4189 quod
2621 4119 2802 4175 tollere
2851 4123 3039 4190 possis.
3076 4121 3144 4175 Et
3174 4122 3373 4189 alioqui
3401 4122 3562 4177 multa

1987 4208 2215 4262 continet
2235 4224 2352 4279 quae
2368 4225 2488 4263 cum
2510 4225 2630 4263 vera
2657 4223 2958 4284 receptaque
2993 4212 3059 4265 ab
3080 4213 3320 4267 omnibus
3344 4211 3565 4266 historia

1989 4284 2334 4350 consentanea
2360 4308 2505 4353 sunt.
2529 4297 2727 4353 Deinde
2746 4316 2863 4355 eam
2898 4301 3059 4357 veluti
3093 4302 3343 4358 idoneum
3368 4311 3560 4357 testem

306 4382 483 4452 populi
515 4391 734 4452 captum
761 4379 1096 4446 explicandis
1122 4378 1518 4450 dilatandisque
1540 4382 1883 4438 versabatur.
1918 4398 1965 4458 ι)
1991 4384 2095 4441 sibi
2131 4387 2400 4443 advocare
2431 4405 2619 4445 eorum
2652 4407 2772 4462 quat
2800 4392 3073 4458 dicebaut,
3109 4409 3215 4447 uon
3244 4394 3559 4448 dubitarunt

305 4471 669 4540 Quamobrem
711 4470 941 4526 Allatius
968 4467 1007 4522 l.
1031 4469 1123 4524 cit.
1148 4469 1429 4537 adnotavit
1463 4469 1719 4526 rhetorem
1744 4489 1883 4528 uon·

302 4563 481 4620 nullos
511 4561 856 4633 interpretari
887 4560 1346 4624 concionatoreni;
1383 4562 1526 4630 quod
1548 4576 1733 4618 verum
1762 4574 1885 4621 est:

374 4698 451 4767 (a)
486 4698 541 4752 ln
580 4694 816 4750 Glossar.

376 4770 425 4838 (lt
486 4767 542 4822 ln
571 4764 810 4821 Glossar.

376 4843 424 4904 (c
475 4837 548 4890 De
592 4838 836 4905 scriptor.
867 4838 1158 4894 ecclesiast.
1206 4838 1422 4893 incerta.-
1444 4847 1592 4893 oetat.
1646 4839 1699 4893 in
1747 4855 1884 4894 nova

317 4907 578 4963 Historia}
601 4908 898 4963 ecclesiast.
928 4912 1172 4975 scriptor.
1201 4909 1332 4963 edit.
1369 4906 1638 4962 Basileen.
1676 4924 1729 4977 p.
1764 4912 1850 4964 10.

372 4978 451 5062 (d)
491 4977 564 5032 De
589 4978 769 5049 officiis
798 4979 978 5032 eccles.
1011 4978 1629 5047 Constantinopolitanae,
1659 4994 1780 5046 cap.
1827 4981 1879 5049 l,

300 5048 553 5120 quutario
582 5046 639 5113 l,
676 5063 795 5119 pag.
820 5048 874 5113 3,
906 5049 1036 5104 edit.
1065 5049 1232 5103 l‘aris.

374 5118 442 5189 (e)
464 5118 597 5172 lbid.
627 5133 744 5188 pag.
777 5117 831 5174 7.

372 5190 438 5267 gl)
470 5188 602 5244 lbid.
624 5204 744 5257 pag.
768 5187 822 5243 8.

397 5259 448 5328 9)
486 5258 604 5312 Lib.
631 5273 727 5320 vu,
761 5273 879 5328 pag.
907 5259 1010 5314 137
1043 5258 1222 5330 {legite
1247 5258 1376 5313 edit.
1405 5256 1577 5312 Paris,

396 5330 452 5400 Ιι)
491 5326 708 5382 Praeiat.
753 5328 820 5380 ad
857 5328 1117 5398 Excerpta
1176 5330 1323 5382 earia
1368 5327 1601 5384 (ἔπιτον.
1654 5330 1880 5399 sophist.

373 5401 435 5470 (i)
468 5400 621 5467 Apud
647 5396 932 5460 Codiuum,
961 5415 1080 5470 pag.
1113 5399 1202 5454 ⁴2.

375 5469 441 5541 (1)
474 5468 610 5523 lbid.
643 5484 765 5538 pag.
797 5465 888 5533 tt,
922 5485 1070 5525 uutn.
1099 5473 1154 5524 9.

373 5539 445 5610 (lt)
477 5539 608 5593 lbid.
637 5555 688 5607 p.
718 5536 769 5591 7.

373 5611 436 5677 (Ι)
464 5609 519 5662 Ιιι
547 5608 789 5664 Glossar.
818 5611 886 5664 acl
919 5607 1164 5664 Nicetam
1197 5609 1433 5678 praelixo.

374 5685 469 5752 tm)
490 5677 606 5735 Lib.
650 5694 686 5744 ι,
732 5695 847 5751 cap.
897 5680 930 5736 8
957 5678 1238 5738 observat.
1293 5681 1346 5734 in
1375 5678 1563 5734 Caelia.
1600 5679 1651 5736 in
1686 5677 1875 5736 Codiui

1995 4478 2323 4537 possevinus
2359 4482 2412 4536 iu
2449 4487 2720 4553 Apparatu
2773 4503 2947 4551 sacro,
2980 4487 3238 4550 oudinus,
3277 4484 3560 4551 meursius,

1996 4568 2339 4638 Dnl'resnius,
2369 4573 2613 4643 Allatius,
2651 4576 2915 4647 Lequieu,
2949 4578 3249 4644 Fabricius,
3280 4577 3560 4634 Garetius.

1985 4705 2115 4762 edit.
2148 4705 2279 4778 Reg.
2315 4708 2485 4764 Paris.
2522 4725 2641 4783 pag.
2670 4711 2793 4769 ¹68.

2080 4778 2134 4847 n)
2171 4776 2385 4835 Pratai.
2416 4779 2772 4841 ad’Exceruta
2800 4781 3030 4841 Gra-cor.
3065 4786 3285 4854 sophist.

2082 4864 2111 4899 o
2169 4846 2223 4900 lu
2250 4846 2491 4907 Glossar.

2078 4935 2110 4981 μ
2156 4918 2402 4974 Locouhi
2444 4937 2627 4991 supra.

1988 4989 3436 5136 ...teligit⁶33?ss:3‘252203222235'2555032&2533
3464 4999 3561 5136 31}

2000 5126 2442 5250 ’βκκλθοίαςτῆς
2460 5129 2890 5197 Κωνσταντείας.
2927 5151 3046 5204 quae
3067 5139 3295 5190 barbare
3323 5139 3560 5190 incertus

1987 5211 2107 5258 etus
2199 5208 2288 5252 tta,-
2331 5212 2595 5271 tnterpres
2627 5205 2799 5256 reddit
2831 5220 2845 5256 ε
2887 5207 3079 5275 datque
3108 5209 3156 5260 ei
3195 5208 3560 5260 auctoritatem

1985 5263 2237 5322 Ecclesiae
2272 5267 2614 5324 constantim.
2658 5270 2773 5325 l’t'ta
2799 5272 2856 5328 S.
2893 5273 3060 5345 Epiplt
3094 5314 3109 5340 ,
3135 5292 3260 5348 cap.
3288 5276 3378 5331 49.

2056 5336 2125 5408 (r)
2157 5339 2273 5393 Act.
2309 5336 2413 5392 SS.
2444 5339 2509 5394 ad
2537 5343 2676 5394 diem
2714 5358 2792 5396 ιιι
2825 5343 2971 5398 stan.

2024 5410 2126 5488 ,(3)
2151 5406 2306 5466 Τοιιι.
2344 5406 2411 5473 Χ,
2443 5427 2562 5480 pag.
2598 5412 2725 5477 487,
2752 5416 2883 5468 edit.
2937 5415 3111 5468 Paris.
3136 5418 3203 5471 de
3234 5416 3291 5470 S.
3336 5414 3565 5488 Epipha-

1986 5493 2098 5538 uto,
2118 5489 2173 5532 et
2199 5488 2308 5534 not.
2338 5478 2387 5542 l,
2421 5496 2543 5550 pag.
2572 5481 2696 5537 805.
3554 5515 3558 5520 ·

2060 5547 2123 5618 (t)
2160 5548 2315 5604 Tum.
2345 5548 2386 5604 ll
2413 5552 2572 5621 Oper.
2606 5552 2662 5606 S.
2692 5551 2998 5622 Epiphauii,
3031 5554 3239 5624 pnesat.
3273 5555 3339 5610 ad
3382 5555 3565 5610 lecto-

1986 5632 2119 5674 rem.
