3725 6125
150 313 172 367 Ι
198 310 294 367 ΜΟ

1188 301 1247 359 S.
1278 302 1493 359 -tsatAE
1533 299 1820 358 ABBA'rts
1855 302 2265 363 ORATlONES.

3272 325 3407 382 tlt-J

148 440 355 483 taceas.
394 421 452 476 lu
491 430 690 474 itinere
725 432 883 474 mens
904 419 960 473 iu
1002 418 1180 472 varias
1208 398 1389 488 partes
1421 432 1488 478 uc
1534 418 1733 470 distra-
1764 417 1808 478 Δ
1840 419 1991 471 enim
2019 421 2328 475 rationibus
2348 424 2527 479 Studio
2557 426 2773 497 pictatis
2796 431 3155 492 adolescentia
3173 444 3404 508 proluit.

144 525 334 584 luatur,
369 514 467 572 sed
515 523 695 570 tecum
739 512 859 580 ipse
899 510 1200 575 meditare,
1262 518 1356 565 ant
1407 509 1519 565 Deo
1572 507 1734 564 funde

147 625 340 690 preces
366 610 423 668 in
448 607 617 664 eorde
643 613 757 660 tuo.
795 601 1117 673 Ubicunque
1141 602 1447 669 diverteris,
1479 615 1736 672 arrogan-

150 707 287 760 tiam
317 700 451 768 vita,
488 705 545 753 et
569 693 826 753 omnibus
855 693 908 748 in
952 694 1114 748 rebus
1149 692 1449 752 modestum
1488 707 1552 748 ac
1582 707 1733 747 vere-

19 761 51 866 ὲ,
150 794 395 853 cundum
423 800 477 850 te
512 788 717 862 prabe.
756 786 853 864 Ad·
886 785 939 843 id
970 786 1110 856 quod
1149 783 1246 846 tibi
1274 785 1577 857 appositum
1615 783 1733 840 l'ue-

19 921 55 976 *
154 885 254 953 rit,
302 881 385 942 sic
416 893 635 942 manum
667 878 973 944 extendite,
1031 886 1286 948 tanquam
1322 877 1482 932 edere
1512 885 1732 932 coactus

1846 506 1979 562 Cum
2019 511 2220 578 aliquid
2269 515 2517 571 manibus
2548 518 2656 574 tuis
2684 523 2958 592 operaris,
2991 525 3043 580 iu
3083 526 3274 586 timore
3313 529 3406 588 Dei

1843 597 2181 670 diligentiam
2212 603 2427 670 adhibe,
2457 622 2544 676 ne,
2577 610 2623 665 si
2654 611 2930 685 negligens
2969 616 3066 685 sis,
3108 610 3406 690 ignorantia

1838 680 2062 760 pecces?
2086 691 2219 747 Cum
2260 711 2396 766 opus
2437 697 2656 770 aliquod
2688 704 2871 773 discis,
2916 710 3230 782 magistrum
3271 728 3405 770 con·

1839 780 1977 848 sule,
2004 792 2061 837 et
2088 800 2154 838 uc
2176 787 2433 844 erubesce
2458 793 2651 859 saepius
2678 794 2826 850 illum
2852 813 3032 868 orare,
3064 809 3121 857 ut
3144 818 3241 874 pro
3269 807 3406 862 cba-

1840 870 2000 926 ritate
2039 873 2244 943 rideat,
2280 888 2500 938 rectene
2542 882 2672 938 illud
2705 901 2764 944 se
2792 888 3007 956 babeat,
3039 907 3227 950 necne.
3253 895 3310 952 Si
3349 905 3405 954 te

19 1000 57 1054 ἡ
154 977 255 1034 sis.
286 975 343 1030 Si
363 972 547 1045 junior
567 986 651 1037 es,
682 985 749 1026 ne
777 970 980 1024 audeas
1014 967 1230 1038 corpori
1253 967 1479 1024 alterius
1511 982 1729 1021 manum
1833 961 1888 1016 iu
1947 978 2110 1033 opere
2155 980 2475 1040 occupatum
2524 980 2795 1032 vocaverit
2823 977 2987 1036 frater
3031 991 3174 1052 tuus,
3215 988 3404 1044 sedulo

19 1107 59 1149 Β
155 1065 431 1122 adbibere.
469 1063 592 1130 Quo
643 1062 695 1117 iu
730 1060 846 1117 loco
884 1060 979 1122 tibi
1010 1069 1094 1115 est
1132 1059 1530 1124 dormiendum,
1569 1057 1730 1128 pallio

19 1190 48 1242 ἰ’

19 1297 47 1338 Β

19 1393 43 1428 Ι

19 1485 43 1522 l·

146 1167 204 1226 ,te
236 1165 399 1228 utque
441 1156 613 1211 alium
648 1169 717 1211 ne
755 1153 1123 1223 cooperueriS.
1157 1151 1460 1222 Antequam
1500 1160 1549 1205 te
1578 1151 1728 1206 cubi-

140 1257 258 1304 tum
294 1247 579 1313 conferas,
632 1245 827 1301 multas
876 1242 1040 1300 funde
1084 1258 1275 1316 preces
1317 1244 1369 1298 in
1404 1243 1725 1332 corde-tuo.

136 1337 201 1396 Si
234 1338 305 1395 de
340 1340 429 1394 via
473 1341 655 1395 sessus
694 1335 814 1393 oleo
850 1336 1129 1408 paululum
1170 1335 1295 1404 ungi
1327 1335 1565 1390 volueris
1602 1349 1727 1406 pro-

137 1440 271 1500 pter
298 1429 513 1486 itineris
556 1429 821 1493 laborem,
863 1428 1030 1500 pedes
1070 1440 1192 1483 tuos
1236 1436 1439 1481 tantum
1477 1428 1556 1482 sic
1599 1428 1725 1496 ungi

141 1520 426 1592 permitte,
454 1531 515 1575 ut
542 1535 639 1576 eos
675 1521 847 1591 retegi
892 1523 1151 1593 vereat-js.
1194 1520 1389 1575 Totum
1435 1533 1564 1573 vero
1604 1534 1727 1574 cor·

142 1626 253 1690 pus
292 1612 419 1682 ungi
451 1627 520 1668 ne
548 1613 885 1684 permiseris,
920 1613 1022 1668 nisi
1054 1612 1355 1668 necessitas
1381 1619 1474 1665 aut
1504 1611 1727 1665 morbus

144 1700 411 1772 {repellam
443 1701 499 1758 Si
534 1703 603 1759 ad
628 1714 679 1759 te
714 1701 769 1758 in
799 1702 932 1759 cella
963 1711 1051 1757 tua
1082 1709 1508 1758 commorantem
1554 1699 1725 1755 frater

28 1763 43 1802 t
146 1794 464 1866 peregrina·
503 1796 819 1861 'messem'
855 1795 999 1851 idem
1036 1794 1110 1852 wi
1159 1792 1396 1862 officium
1442 1792 1719 1857 exhibeto,

19 2139 43 2180 Ι

24 2233 43 2268 Ε

19 2328 45 2367 t·

26 2419 49 2456 5

22 2511 53 2550 “Ι

19 2594 63 2660 ξι

19 2695 65 2740 fl

20 2777 65 2836 Ἰ

19 2877 57 2932 i„

19 2995 24 3027 t
44 2979 67 3021 1

146 1881 377 1954 oleoque
426 1885 589 1956 pedes
628 1885 746 1958 ejus
785 1886 1064 1958 inungite,
1099 1901 1164 1942 ae
1212 1885 1379 1941 dicito
1426 1883 1719 1939 charitatis

146 1971 362 2042 gratia:
388 1973 601 2042 Frater,
627 1976 846 2048 suscipe
878 1992 1072 2050 parum
1107 1976 1234 2042 olei,
1266 1984 1320 2031 ει
1344 1988 1543 2044 corpus
1571 1984 1718 2028 tuum

148 2077 303 2118 cura.
330 2065 481 2134 Quod
521 2068 565 2123 si
604 2083 725 2126 cum
766 2069 953 2141 quiete
978 2070 1216 2125 noluerit
1247 2068 1517 2139 accipere,
1549 2065 1717 2124 mole-

50 2210 57 2216 .
144 2167 273 2213 stus
301 2157 374 2213 illi
402 2173 475 2226 ne
500 2169 636 2224 esto.
674 2161 745 2216 a:
782 2161 831 2218 si
858 2175 1027 2220 senex
1061 2163 1167 2217 erit
1193 2163 1544 2231 exercitatus,
1588 2177 1720 2233 coge

146 2245 353 2318 ipsum,
388 2255 445 2302 ut
474 2257 643 2305 toturn
674 2265 735 2308 se
776 2251 905 2324 ungi
939 2254 1240 2323 permittat.
1273 2250 1331 2308 Si
1376 2253 1444 2308 ad
1474 2268 1715 2314 nicusam

142 2354 273 2396 curu
323 2340 589 2399 fratribus
626 2342 931 2414 Junioribus
975 2345 1350 2413 discubueris,
1399 2362 1467 2401 ne
1516 2347 1719 2402 dixeris

141 2432 328 2488 auimo
357 2443 467 2496 tuo.
491 2433 759 2494 Comede:
787 2436 879 2500 sed
901 2447 1122 2510 peccata
1154 2449 1242 2493 tua
1270 2439 1364 2494 tibi
1400 2440 1451 2494 in
1482 2451 1717 2496 mentem

134 2537 356 2590 revoca,
398 2541 473 2588 ne
507 2530 759 2588 comedas
795 2544 922 2600 cum
964 2530 1257 2601 voluptate.
1301 2532 1516 2588 Manium
1566 2544 1713 2589 tuam

126 2628 342 2686 autete
367 2621 541 2680 solum
583 2625 864 2698 protende.
907 2623 967 2684 Si
998 2626 1125 2697 quid
1160 2635 1343 2683 autem
1381 2639 1508 2683 aute
1549 2627 1713 2683 alium

134 2712 369 2782 positum
414 2724 522 2779 est,
568 2716 637 2774 ad
665 2716 719 2771 id
760 2730 979 2776 manum
1020 2716 1237 2789 injicias
1276 2733 1428 2775 cave.
1485 2719 1710 2776 Pallium

137 2811 395 2874 contegat
426 2808 594 2874 pedes
627 2815 765 2864 tuos.
794 2805 976 2866 Genua
1017 2818 1109 2868 tua
1146 2810 1259 2866 sint
1302 2810 1449 2868 inter
1484 2826 1544 2867 se
1579 2827 1741 2868 cou-.

136 2891 350 2961 juncta.
397 2892 491 2950 Sin
534 2895 772 2966 hospites
809 2896 1011 2958 suerint
1056 2901 1153 2971 qui
1198 2911 1511 2967 vescuntur,
1553 2904 1713 2960 hilari

142 2985 296 3039 vultu
329 2989 629 3044 necessaria
658 2988 765 3046 illis
791 2991 1168 3054 subministra.
1196 2993 1264 3053 Ει
1290 3009 1411 3050 cum
1440 2996 1602 3052 edere
1625 2998 1716 3052 de·

1838 1051 1960 1108 vide
2005 1055 2134 1124 quid
2165 1058 2327 1124 velit:
2360 1071 2415 1116 et
2450 1077 2610 1134 opere
2639 1074 2728 1122 tuo
2754 1069 3086 1139 intermisso,
3115 1074 3265 1132 illum
3302 1080 3403 1133 ad-

1825 1142 1977 1212 juva.
2022 1145 2155 1202 Cum
2198 1164 2229 1205 e
2274 1167 2456 1209 mensa
2507 1157 2701 1226 surgis,
2741 1160 2794 1214 in
2819 1162 3008 1219 cellam
3049 1174 3192 1222 tuam
3219 1168 3404 1242 ingre·

1832 1236 1988 1304 dere,
2029 1248 2083 1294 et
2131 1244 2383 1309 precibus
2426 1245 2695 1315 incumbe,
2735 1267 2836 1308 nec
2880 1270 3004 1310 cum
3046 1256 3152 1318 illis
3179 1262 3402 1324 conside

1829 1325 1922 1398 qui
1967 1326 2060 1380 tibi
2108 1345 2212 1382 nou
2251 1345 2494 1401 prosunt.
2522 1334 2673 1402 Quod
2713 1340 2757 1393 si
2803 1340 2868 1394 tle
2907 1341 3015 1398 Deo
3043 1359 3198 1402 senes
3233 1347 3400 1402 collo·

1830 1426 2091 1486 quantur,
2122 1422 2372 1478 abbatem
2400 1433 2549 1482 tuum
2573 1443 2724 1500 roga,
2753 1441 2931 1487 utrum
2961 1434 3052 1491 tibi
3073 1437 3400 1495 audiendum

1829 1508 1933 1573 sit,
1994 1526 2062 1566 an
2101 1516 2335 1571 eundum
2375 1520 2440 1575 ad
2480 1521 2709 1589 cellam;
2751 1534 2804 1579 et
2854 1526 2995 1596 quod
3037 1527 3128 1584 ille
3145 1529 3400 1600 ‘dixerit,

1830 1598 2022 1658 facito.
2069 1603 2126 1658 Si
2184 1614 2233 1659 te
2281 1607 2463 1679 aliquo
2507 1612 2749 1680 miserit,
2795 1630 2955 1686 roga,
2999 1626 3058 1673 ιιι
3100 1627 3153 1674 te
3205 1620 3400 1678 diverti

1829 1689 1993 1757 velit3
2026 1702 2080 1746 et
2125 1709 2244 1764 quae
2291 1696 2381 1752 tibi
2417 1700 2671 1758 mandata
2700 1704 2811 1770 det,
2842 1706 3124 1778 diligenter
3155 1711 3401 1768 animad-

1830 1789 2004 1849 verte,
2038 1797 2106 1838 ne
2157 1785 2275 1853 plus
2317 1788 2566 1846 minusve
2608 1789 2797 1848 facias.
2842 1793 2970 1863 Qua:
3012 1796 3142 1856 l'oris
3173 1799 3398 1859 audive-

1829 1872 1927 1938 riS,
1956 1889 2019 1929 ea
2055 1889 2334 1935 revertens
2378 1883 2579 1938 nemini
2613 1883 2835 1944 dixeris,
2882 1885 2937 1943 Si
2972 1904 3129 1946 aures
3157 1901 3279 1948 tuas
3304 1908 3401 1948 cu-

1833 1965 2115 2034 stodieris,
2161 1969 2338 2041 lingua
2371 1981 2457 2028 tua
2492 1990 2594 2029 nou
2624 1979 2897 2047 peccabit.
2929 1979 2986 2035 Si
3017 1996 3130 2036 rem
3162 1982 3397 2052 aliquam

1830 2059 1933 2125 viS,
1962 2069 2016 2116 et
2059 2075 2180 2116 eam
2222 2064 2267 2118 is
2295 2079 2418 2120 cum
2451 2081 2557 2138 quo
2586 2068 2817 2138 habitas,
2848 2072 3036 2140 nollet,
3077 2077 3290 2133 remitte
3320 2078 3398 2134 illi

1828 2152 2159 2210 voluntatem
2195 2165 2363 2224 tuam,
2398 2174 2463 2213 ne
2486 2163 2760 2220 contentio
2793 2167 3096 2236 oboriatur,
3135 2184 3269 2230 neve
3290 2169 3393 2230 l'ra·

1830 2253 1913 2299 ter
1962 2257 2084 2300 tuus
2119 2250 2332 2304 tristitia
2365 2251 2649 2312 afficiatur.
3075 2243 3080 2250 ¹

1902 2337 1985 2394 lll.
2030 2337 2273 2410 Hospitio
2306 2354 2589 2415 susceptus
2618 2362 2647 2401 a
2675 2345 2845 2418 l'ratre
2877 2358 2988 2417 tuo,
3021 2367 3092 2414 nc
3133 2353 3262 2424 quid
3291 2356 3395 2423 illi,

1827 2437 1887 2484 ut
1926 2432 2263 2501 peregrinus,
2279 2435 2587 2508 praecipias,
2621 2453 2722 2496 neu
2746 2441 2878 2498 velis
2906 2442 3022 2513 ipse
3047 2459 3298 2516 praeesse.
3328 2448 3386 2504 ln

1827 2536 2016 2578 eorum
2060 2539 2340 2581 sermones
2378 2529 2700 2599 quibuscum
2732 2533 2960 2603 liabitas,
3013 2552 3078 2593 ue
3123 2547 3178 2608 te
3208 2547 3270 2595 ut
3300 2556 3394 2596 so·

1824 2613 1966 2669 cium
2008 2625 2065 2671 ει
2105 2631 2289 2688 parem
2333 2619 2599 2684 intrudas.
2637 2624 2692 2680 Si
2729 2626 2856 2696 quid
2903 2627 2996 2696 tibi
3023 2632 3396 2692 commiserint

1822 2705 1965 2773 quod
2001 2706 2115 2776 ipse
2165 2708 2324 2774 nolis,
2358 2723 2535 2780 pugna
2578 2726 2697 2767 cum
2745 2714 3024 2778 voluntate
3079 2727 3168 2782 tua
3213 2721 3391 2791 quoad

1824 2795 1996 2866 ipsam
2028 2811 2274 2868 superes,
2310 2816 2377 2855 ne
2413 2800 2615 2873 affligas
2640 2817 2756 2870 eos,
2794 2815 2848 2860 et
2883 2809 3199 2866 modestiam
3236 2812 3400 2870 amit·

1821 2897 1906 2942 tas
1942 2868 2113 2956 tuam,
2156 2897 2212 2945 et
2241 2890 2477 2962 quietam
2511 2893 2748 2964 ipsorum
2774 2901 3222 2956 consuetudinem
3263 2918 3392 2972 per-

1825 2978 2028 3036 turbes.
2062 2980 2119 3037 Si
2160 2981 2334 3038 l'rater
2373 2999 2603 3055 quocum
2652 2987 2885 3056 liabitas,
2937 2988 3139 3063 aliquid
3191 2992 3296 3063 sibi
3333 3003 3393 3049 ut
3461 3031 3468 3040 -

19 3064 71 3125 u·-
142 3074 362 3145 sierint,
390 3079 474 3135 «uc
505 3078 943 3153 titiant-ruma
969 3084 1130 3141 terno
1162 3103 1176 3142 ι
1206 3085 1706 3156 commitendam,
1739 3106 1784 3164 c
1822 3073 2160 3143 prospicias,
2200 3076 2299 3133 abs
2344 3086 2395 3131 te
2425 3077 2672 3148 peut-rm
2706 3079 2846 3149 ‹tuod
2890 3079 3096 3148 possis·
3141 3080 3192 3135 id
3223 3079 3390 3145 ‚tactio

31 3164 71 3213 ie
137 3171 369 3228 obsecro
425 3187 541 3241 φορ,
590 3175 911 3245 paninum,
962 3177 1106 3234 [mer
1144 3179 1473 3233 vescendum
1528 3178 1715 3253 ocutos
1820 3180 1945 3221 cum
1981 3166 2179 3224 timore
2210 3167 2325 3222 Dei.
2364 3168 2422 3222 Si
2454 3170 2596 3241 quod
2630 3185 2765 3242 opus
2802 3170 3104 3228 faciendum
3133 3182 3238 3247 cst,
3280 3188 3392 3230 om-

19 3252 76 3307 ί*
134 3272 262 3319 ιιιοε
312 3263 363 3319 in
410 3266 717 3337 proximum
757 3283 827 3323 ne
868 3266 1187 3337 conieceris,
1228 3285 1367 3335 neve
1408 3272 1717 3341 respexeris
1821 3272 1918 3313 ¹¹0⁵
1945 3258 2224 3328 ‘lulshnul
2255 3258 2456 3327 vivifi&
2481 3275 2700 3317 manum
2736 3262 3059 3330 admm'elei
3088 3278 3247 3337 ¹l⁰m⁰
3268 3280 3388 3322 (301·-

19 3346 105 3397 ²²⁶-
126 3356 241 3413 ltuc
272 3366 325 3412 ει
343 3356 492 3424 illuc,
525 3375 704 3429 neque
735 3362 904 3413 verba
930 3358 1095 3417 stulta
1116 3361 1429 3429 protuleris.
1459 3364 1538 3419 Ad
1582 3364 1713 3419 nibil

46 3430 81 3483 ss
118 3430 276 3519 §uod
308 3449 447 3503 velis
497 3462 723 3507 matium
754 3446 1011 3515 extende,
1030 3448 1131 3507 nisi
1156 3454 1301 3523 prius
1327 3457 1476 3512 tlicas
1503 3475 1516 3511 z
1547 3456 1718 3513 Beue·

19 3532 77 3577 W
128 3539 327 3593 dicite.
368 3537 510 3590 Cum
551 3550 750 3607 aquam
794 3536 967 3605 bibis,
1012 3551 1198 3611 guttur
1249 3559 1395 3602 tuum
1442 3564 1507 3603 ne
1564 3550 1716 3606 siuas

19 3630 36 3666 5
44 3628 69 3663 Β·

19 3724 30 3759 Ι
38 3724 67 3755 ,1-

20 3812 30 3848 ι
44 3830 69 3841 .-

19 3902 67 3941 ς..

30 3996 65 4035 J

20 4184 65 4225 μ

19 4284 35 4323 t

19 4374 63 4419 stt

20 4463 51 4515 a:

19 4572 65 4615 τι

26 4756 65 4816 ll

19 4994 65 5037 l}

19 5076 53 5128 b

138 3641 341 3682 sonum
371 3629 556 3695 edere,
582 3640 642 3683 ut
666 3629 841 3686 solent
868 3632 1107 3692 homines
1135 3637 1407 3709 vulgares.
1438 3638 1495 3699 Si
1526 3641 1579 3695 iu
1614 3643 1716 3697 sra-

147 3728 299 3771 trttm
346 3732 606 3787 consessu
655 3721 843 3792 pituita
883 3722 1042 3792 suerit
1084 3729 1315 3787 molesta
1346 3731 1462 3798 tibi,
1501 3748 1618 3787 eam
1658 3734 1713 3789 in

141 3820 342 3861 eorum
378 3818 669 3881 conspectu
715 3827 783 3868 ne
810 3813 1039 3887 projice,
1094 3819 1190 3875 sed
1236 3820 1386 3877 foras
1430 3823 1711 3891 egredere,

142 3897 335 3969 ibique
374 3906 428 3955 te
452 3913 708 3974 expurga.
730 3902 851 3961 'Nec
870 3920 1070 3976 corpus
1104 3919 1255 3965 tuum
1294 3927 1524 3981 expone,
1559 3922 1617 3969 ut
1643 3913 1714 3969 ab

32 4046 39 4051 ,
138 3986 459 4044 homiuibus
494 3990 751 4049 videatur.
792 3990 848 4049 Si
872 3996 1141 4055 oscitandi
1183 4007 1234 4055 te
1263 4001 1528 4071 cupiditas
1563 4003 1714 4058 inva-

136 4078 299 4147 serit,
323 4093 386 4137 os
414 4079 655 4149 clausum
681 4084 919 4156 contine,
947 4096 1003 4142 et
1035 4088 1135 4145 abs
1169 4098 1219 4147 ιε
1246 4090 1438 4162 fugiet.
1476 4090 1552 4147 Ne
1581 4109 1712 4167 ape-

138 4171 320 4241 rueris
348 4188 410 4228 os
451 4182 599 4241 tuum
630 4186 689 4245 ut
736 4178 945 4235 rideas:
989 4188 1073 4236 est
1094 4182 1243 4237 enim
1280 4184 1332 4239 id
1363 4185 1529 4241 animi
1567 4185 1713 4243 solu-

50 4274 63 4315 :
136 4260 320 4318 tioris.
354 4260 413 4319 Si
444 4264 673 4335 proximi
712 4267 789 4323 tui
823 4279 917 4325 aut
958 4279 1189 4341 vestem,
1231 4284 1322 4329 aut
1367 4290 1582 4343 zonam,
1621 4285 1717 4331 aut

127 4353 431 4421 cucullam,
463 4362 563 4413 aut
596 4357 740 4417 aliud
789 4361 1069 4431 quidpiam
1133 4365 1355 4434 yideris,
1399 4368 1451 4422 id
1482 4384 1551 4425 ne
1581 4384 1712 4427 con·

1818 3348 1935 3417 pori
1964 3362 2063 3404 suo
2089 3358 2302 3421 parcat,
2326 3365 2395 3407 ne
2414 3350 2641 3408 aliorum
2663 3354 2997 3408 conscientia
3017 3356 3386 3425 perturbetur.

1818 3437 1952 3493 Cum
1997 3454 2155 3494 mane
2189 3442 2383 3510 surgis,
2417 3443 2657 3513 quotidie
2684 3441 2833 3511 prius
2865 3455 3025 3510 quam
3055 3443 3122 3497 ad
3164 3456 3301 3511 opus
3338 3454 3388 3499 te

1819 3531 2090 3595 conseraS,
2134 3547 2251 3601 qum
2298 3532 2388 3587 Dei
2446 3541 2573 3588 suut
2610 3533 2890 3588 meditare.
2930 3531 3065 3586 Cum
3114 3548 3208 3588 seu
3241 3548 3386 3604 spor-

1821 3623 1954 3689 tula,
1989 3638 2084 3679 seu
2126 3638 2243 3688 vas,
2276 3639 2368 3680 seu
2399 3625 2524 3695 quid
2552 3625 2693 3679 atiud
2723 3624 3027 3680 faciendum
3053 3633 3163 3693 est,
3190 3623 3245 3697 id
3283 3626 3387 3696 im-

1820 3714 1972 3785 pigre
1994 3731 2114 3769 cum
2144 3716 2421 3784 diligentia
2450 3716 2635 3772 l'acito.
2666 3715 2722 3772 Si
2748 3716 2878 3788 quid
2907 3716 3153 3787 estquod
3177 3717 3383 3775 lucrum

1821 3805 2044 3872 afferat,-
2076 3806 2298 3862 fratrem
2332 3806 2527 3863 adhibe
2572 3807 2804 3874 socium,
2838 3817 2892 3863 et
2920 3823 2987 3863 ue
3021 3808 3285 3875 invideas.
3325 3808 3381 3864 Si

1817 3914 1956 3969 opus
1993 3908 2073 3953 est
2113 3898 2326 3968 aliquod
2370 3915 2617 3969 parvum,
2662 3910 2716 3954 et
2763 3915 2904 3955 unus
2950 3899 3102 3955 alteri
3153 3900 3384 3959 dixerit:

1821 3988 2053 4057 Recede,
2079 3989 2269 4055 frater,
2294 4005 2536 4061 operare,
2553 4005 2654 4060 cgo
2668 3990 2814 4046 solus
2830 3991 2934 4045 boc
2956 3991 3150 4049 faciam
3171 4010 3189 4061 ;
3217 4009 3376 4065 pare:

1822 4081 1912 4152 qui
1940 4083 2084 4135 euim
2115 4091 2288 4153 paret,
2323 4083 2369 4137 is
2398 4097 2623 4152 maguus
2648 4092 2753 4137 est.
2776 4082 2830 4137 Si
2855 4081 2922 4137 ad
2959 4091 3011 4138 te
3039 4084 3210 4140 frater
3232 4099 3387 4155 perc·
3433 4132 3445 4144 .

1821 4174 2008 4244 griuus
2050 4174 2279 4241 accedit,
2324 4174 2443 4229 loeta
2480 4176 2651 4245 ipsum
2692 4173 2829 4230 faeie
2855 4176 3025 4230 saluta
3057 4186 3218 4246 atque
3243 4194 3387 4233 cotu-

1821 4265 2085 4335 plcctere,
2104 4274 2161 4320 ει
2193 4281 2353 4336 quam
2378 4274 2553 4339 gestat
2581 4267 2869 4329 sarcinam.
2896 4282 3018 4321 cum
3047 4268 3242 4339 gaudio
3272 4271 3385 4340 ipse

1818 4355 2049 4423 suscipe.
2093 4354 2159 4409 Et
2207 4355 2260 4411 iu
2313 4356 2430 4427 ejus
2477 4357 2718 4413 discessu
2758 4372 2970 4412 rursum
3015 4357 3155 4414 idem
3195 4359 3380 4416 facito.

126 4446 411 4519 capisene.
442 4446 629 4520 Neque
654 4451 852 4507 similia
879 4452 978 4509 ubi
1013 4454 1125 4523 ipse
1154 4458 1467 4527 coulieicus,
1503 4471 1604 4516 tute
1628 4463 1712 4517 in·
1744 4438 1789 4492 D
1826 4442 2092 4500 Sss¹¹¹¹³¹i⁰
2134 4454 2313 4501 amem
2364 4455 2452 4501 ¹¹¹³
2497 4447 2569 4501 ⁵st
2613 4462 2735 4503 cum
2774 4448 3182 4505 m²n⁸¹¹e¹⁰d3¹¹⁰
3221 4460 3275 4507 ⁸¹
3317 4452 3385 4507 ῑί·

120 4534 363 4608 dulgeas
392 4536 692 4608 cupiditati.
736 4539 798 4596 Si
836 4542 1030 4597 librum
1059 4544 1154 4599 tibi
1190 4545 1307 4615 ipse
1348 4551 1709 4621 compegeris,

118 4629 186 4684 in
226 4643 296 4685 eo
324 4644 397 4685 ne
440 4629 657 4687 labores
683 4635 1040 4703 exornand03
1082 4646 1163 4691 est
1188 4638 1330 4699 euim
1367 4640 1552 4695 vitium
1584 4656 1717 4711 pue·

118 4719 253 4777 rile-

206 4808 275 4869 ΙΙ.
307 4810 363 4869 Si
393 4814 573 4887 aliqua
618 4816 673 4873 iu
701 4834 759 4875 re
801 4819 1094 4885 erraveris,
1131 4821 1425 4878 mendacio
1462 4838 1535 4887 ,ne
1565 4834 1712 4893 tegas

130 4916 383 4961 errorem
409 4912 587 4971 tuum,
613 4910 708 4964 sed
731 4909 1103 4981 paenitentiam
1132 4924 1297 4981 agens
1321 4912 1533 4968 veniam
1556 4924 1704 4984 pete,

130 5000 187 5049 et
219 5007 379 5051 error
419 4995 517 5051 tibi
551 4997 882 5053 remittetur.
918 4998 975 5053 Si
1010 4998 1131 5068 quis
1166 5008 1217 5053 te
1257 4999 1441 5053 durius
1471 4997 1711 5069 compel-

124 5082 283 5150 larii,
332 5100 404 5141 ue
448 5086 681 5143 extollas
730 5088 993 5143 adversus
1048 5088 1195 5142 illum
1235 5103 1331 5143 cor
1387 5098 1569 5156 tuum,
1617 5090 1711 5143 sed

19 5176 63 5220 Ψ
112 5192 357 5249 operam
391 5181 480 5248 da,
505 5195 563 5238 ut
595 5183 668 5238 illi
693 5183 998 5245 satisfacias
1021 5194 1145 5238 aute
1170 5198 1328 5252 quam
1352 5183 1565 5238 animus
1588 5192 1712 5239 tuus

28 5270 55 5295 '⁵'
114 5271 455 5345 indignetur
485 5293 499 5328 :
530 5274 613 5334 irs
639 5276 784 5333 enim
812 5293 886 5331 cx
916 5278 1094 5333 studio
1123 5277 1200 5350 (l)
1236 5278 1500 5350 provenit.
1526 5277 1582 5332 Si
1615 5278 1713 5333 ali·

22 5356 51 5393 ²
98 5382 231 5441 qua
266 5365 326 5421 in
360 5382 419 5421 rc
461 5367 543 5423 vel
573 5369 720 5438 jure,
760 5368 845 5426 vel
874 5367 1071 5439 injuria
1098 5370 1169 5439 ab
1192 5369 1378 5439 aliquo
1413 5368 1710 5440 reprelien-

20 5454 49 5487 7.

97 5472 221 5527 ,ειη
268 5457 474 5528 rueris,
520 5475 589 5516 ue
632 5461 992 5531 perturberis,
1033 5462 1127 5521 scd
1170 5464 1539 5533 poeniteutiam
1586 5477 1707 5535 age,

20 5540 45 5579 ³
102 5548 360 5627 ignosce
384 5589 402 5618 ,
444 5551 717 5622 inquiens,
747 5552 878 5608 mibi
902 5571 918 5619 ς
944 5568 1049 5609 uon
1097 5554 1327 5627 amplius
1367 5553 1581 5611 faciam.
1616 5554 1711 5611 llis

188 5705 281 5778 (¹)
332 5705 415 5761 Ea·
455 5706 647 5761 studio.
681 5706 760 5761 An
814 5720 877 5760 cx
920 5705 1079 5760 odio?

1822 4548 1969 4588 more
2016 4532 2135 4599 Dei,
2181 4548 2250 4589 ne
2289 4533 2606 4592 offendatur.
2643 4537 2785 4595 Cave
2831 4555 2898 4595 ne
2930 4540 3078 4596 illum
3117 4543 3186 4599 de
3223 4544 3384 4601 rebus

1821 4625 2101 4682 inutilibus
2127 4627 2451 4701 interroges,
2478 4631 2572 4685 scd
2617 4645 2739 4687 eum
2773 4632 2839 4687 ad
2867 4634 3165 4690 orationem
3192 4635 3378 4691 invita.

1820 4715 1886 4770 Et
1917 4726 2100 4784 postea
2134 4733 2293 4798 quam
2322 4720 2542 4786 sederit,
2571 4724 2839 4794 quomodo
2869 4740 2927 4782 se
2958 4725 3152 4782 babeat
3177 4742 3379 4796 quaere,

1817 4817 1873 4863 ct
1905 4793 2036 4863 nibil
2060 4810 2314 4879 amplius,
2352 4811 2444 4867 scd
2485 4812 2723 4869 libellum
2753 4816 2801 4871 ei
2833 4816 3065 4886 aliquem
3097 4817 3379 4886 legendum

1817 4898 2016 4968 pra-be.
2049 4898 2143 4952 Sin
2187 4899 2364 4957 sessus
2399 4899 2561 4956 suerit
2595 4903 2661 4958 de
2700 4902 2808 4965 via.
2837 4904 2921 4959 fac
2953 4914 3011 4960 ut
3039 4906 3303 4977 quiescat,
3328 4920 3383 4965 ct

1820 4992 1985 5061 pedes
2018 4988 2131 5065 ejus
2156 4992 2299 5049 lava.
2331 4992 2389 5049 Si
2418 4996 2577 5049 verba
2609 4995 2891 5066 protulerit
2921 5010 3027 5053 uon
3058 5000 3382 5057 convenien-

1816 5085 1912 5147 tia,
1945 5099 2104 5138 mnue
2147 5085 2318 5154 ipsum
2354 5099 2475 5140 rum
2503 5086 2801 5141 charitate:
2830 5086 3070 5159 ignosce,
3105 5090 3380 5161 inquiens,

1816 5177 1947 5231 milii
1976 5195 1991 5243 ;
2024 5178 2273 5233 iulii-mus
2297 5193 2436 5245 sum,
2460 5187 2514 5231 ει
2547 5177 2732 5234 istbaec
2754 5178 2894 5235 l'erre
2920 5195 3025 5239 non
3050 5196 3287 5252 possum.
3319 5182 3377 5239 Si

1817 5282 2020 5335 pauper
2043 5277 2147 5333 cst,
2172 5277 2224 5322 ct
2250 5268 2467 5323 sordida
2490 5267 2650 5323 babet
2678 5268 3018 5335 vestimenta,
3043 5285 3105 5326 ca
3132 5280 3186 5327 tu
3201 5272 3376 5329 ablue.

1819 5355 1876 5411 Si
1909 5372 2078 5426 vagus
2110 5368 2192 5412 cst
2223 5366 2277 5413 et
2311 5359 2621 5424 circulator,
2654 5367 2710 5415 ει
2752 5360 2961 5435 aliquos
2990 5363 3129 5433 apud
3161 5372 3214 5420 ιε
3247 5364 3380 5421 nde-

1817 5446 1893 5502 les
1927 5448 2116 5513 babes,
2147 5463 2269 5505 eum
2310 5449 2361 5503 in
2396 5457 2748 5518 conspectum
2779 5465 2966 5507 eorum
3011 5466 3077 5507 ne
3102 5452 3374 5520 adducito,

1814 5539 1910 5598 scd
1951 5539 2378 5596 miscricordiam
2410 5539 2462 5595 in
2493 5539 2640 5595 illum
2671 5542 2940 5597 ostendito
2969 5557 3090 5598 tuu-
3121 5540 3216 5597 Dei
3246 5542 3378 5597 elta·
