3725 6125
168 324 276 381 337

1400 302 1490 359 DE
1527 302 1811 361 NATURA
1851 302 2154 360 HOMINIS.

3305 301 3410 358 538

169 437 442 494 ἀθάνατον
484 424 750 497 λεγόντων
768 421 880 495 (5),
920 420 1030 476 τῶν
1069 420 1127 475 δὲ
1166 417 1455 490 ἀσώματον
1503 419 1620 490 μὲν,
1670 418 1732 472 οὐ
1763 424 1808 482 Α
1835 419 1978 489 quod
2024 416 2114 472 alii
2142 430 2261 472 eam
2302 414 2662 472 substanttam
2706 420 2761 471 et
2805 410 3163 470 immortalem
3210 416 3411 469 contir-

175 528 283 600 μὴν
327 522 540 588 οὐσίαν,
567 515 685 571 ab&
711 512 998 567 ἀθάνατον.
1045 510 1225 583 Θαλῆς
1258 510 1357 582 μὲν
1383 510 1492 581 γὰρ
1523 508 1738 581 πρῶτος

171 620 274 691 τὴν
299 615 481 686 ψυχὴν
521 610 597 680 (6)
637 607 834 677 ἔφησεν
879 603 1185 674 ἀεικίνητον
1212 603 1290 673 (7)
1329 604 1423 657 καὶ
1455 602 1740 672 αὐτοκίνη-

175 725 301 764 τον·
344 701 657 773 Πυθαγόρας
697 698 788 764 δὲ,
835 694 1067 767 ἀριθμὸν
1111 694 1305 748 ἑαυτὸν
1355 693 1607 748 κινοῦντα
1633 694 1737 764 (8)·

178 799 405 853 Πλάτων
451 794 537 857 δὲ,
568 789 755 844 οὐσίαν
805 785 1002 858 νοητὴν
1043 785 1118 855 (9)
1163 782 1225 849 ἐξ
1275 784 1476 854 ἑαυτῆς
1515 785 1740 855 κινητὴν

182 890 322 949 κατὰ
344 884 569 957 ἀριθμὸν
594 878 913 950 ἐναρμόνιον
934 892 948 907 ·
991 874 1366 948 Ἀριστοτέλης
1386 875 1443 928 δὲ
1468 875 1605 946 (10),
1655 876 1743 928 ὲν-

182 963 446 1048 τελέχειᾶν
476 972 700 1046 πρώτην
729 968 975 1040 σώματος
1013 967 1264 1037 φυσικοῦ,
1291 965 1613 1038 ὀργανικοῦ,
1651 966 1741 1019 δυ-

178 1072 329 1141 νάμει
347 1067 488 1138 ζωὴν
512 1065 747 1136 ἔχοντος·
765 1059 1090 1130 Δικαίαρχος
1107 1057 1218 1129 (11)
1237 1057 1316 1122 δὲ,
1340 1057 1607 1129 ἁρμονίαν
1632 1055 1740 1111 τῶν

171 1161 444 1231 τεσσάρων
472 1153 776 1225 στοιχείων,
799 1151 921 1205 ἀντὶ
943 1148 1060 1213 τοῦ,
1086 1149 1282 1220 κρᾶσιν
1307 1148 1400 1201 καὶ
1425 1146 1741 1219 συμφωνίαν

166 1247 277 1300 τῶν
295 1246 405 1316 29
424 1242 727 1314 στοιχείων.
757 1241 832 1293 Οὐ
865 1238 974 1310 γὰρ
1005 1237 1116 1310 (12)
1144 1235 1242 1308 τὴν
1265 1237 1331 1289 ὲκ
1357 1234 1468 1289 τῶν
1490 1236 1742 1306 φθόγγων

170 1337 589 1408 συνισταμένην,
627 1330 762 1388 ἀλλὰ
794 1331 891 1404 τὴν
931 1332 990 1385 ὲν
1017 1327 1093 1401 τῷ
1122 1328 1237 1399 (15)
1273 1326 1484 1399 σώματι
1522 1326 1741 1401 θερμῶν

169 1431 268 1485 καὶ
297 1426 524 1500 ψυχρῶν
561 1424 658 1480 καὶ
697 1423 879 1496 ὑγρῶν
916 1420 1030 1493 (14)
1065 1420 1161 1474 καὶ
1213 1417 1396 1489 ξηρῶν
1424 1419 1742 1491 ἐναρμόνιον

172 1521 370 1590 κρᾶσιν
406 1515 501 1570 καὶ
545 1513 862 1585 συμφωνίαν
908 1508 1154 1583 βούλεται
1190 1506 1392 1575 λέγειν.
1433 1506 1603 1576 Δῆλον
1651 1505 1739 1571 δὲ,

173 1611 252 1665 ὅτι
290 1609 384 1662 καὶ
427 1605 630 1659 τούτων
656 1606 704 1657 οἱ
753 1604 850 1676 μὲν
876 1601 1023 1657 ἄλλοι
1048 1600 1159 1671 (15)
1203 1598 1304 1671 τὴν
1336 1598 1514 1670 ψυχὴν
1555 1598 1742 1652 οὐσίαν

175 1698 312 1754 εἶναι
341 1700 588 1767 λέγουσιν
634 1695 765 1766 (16)·
811 1692 1187 1765 Ἀριστοτέλης
1214 1691 1271 1744 δὲ
1299 1691 1393 1744 καὶ
1416 1690 1740 1760 Δικαίαρχος

1844 518 2036 565 ment:
2077 507 2199 572 alii,
2246 507 2352 562 etsi
2396 506 2639 579 corporis
2683 506 2757 561 sit
2798 520 3012 574 expers,
3054 505 3412 561 substantiam

1846 591 2026 656 ta‘nien
2052 609 2107 654 et
2141 598 2497 654 immortalem
2517 605 2745 669 negent.
2771 595 2967 651 Thales
2995 595 3139 652 enim
3164 596 3417 667 prinecps

1846 692 2054 749 dicendi
2091 677 2211 755 suit,
2249 691 2481 746 animam
2503 703 2718 761 semper
2758 688 2961 742 moveri
2988 695 3045 742 et
3078 701 3174 756 per
3200 701 3259 743 se
3301 701 3417 741 uto·

1846 784 1982 838 veri.
2033 781 2367 853 Pythagoras
2403 797 2689 836 numerum
2726 779 2977 843 asseruit,
3020 779 3257 849 seipsum
3304 793 3421 833 mo·

1844 884 2082 931 ventem.
2113 872 2273 928 Plato
2297 873 2677 938 substantiam,
2712 886 2831 942 quae
2875 873 2974 926 suh
3011 869 3416 939 intelligentiam

1845 966 2026 1031 cadat,
2063 979 2173 1035 ·per
2219 977 2385 1033 seque
2442 962 2507 1019 ad
2563 977 2847 1017 numerum
2898 959 3194 1015 harinoniae
3235 970 3416 1028 aptum

1847 1065 2146 1112 moveatur.
2177 1054 2501 1109 Aristoteles
2529 1053 2888 1111 entelechiam
2921 1052 3151 1121 primam
3173 1050 3419 1119 corporis

1846 1144 2128 1211 naturalis,
2161 1145 2539 1200 instrumentis
2584 1145 2817 1214 praediti,
2862 1152 3125 1213 potestate
3163 1142 3416 1198 viventis.

1847 1236 2147 1293 Dinarchus
2197 1234 2581 1307 (Dtcoearctms)
2639 1234 2978 1290 harmoniam
3021 1244 3255 1304 quatuor
3305 1233 3419 1289 ele-

1848 1336 2152 1384 mentorum
2187 1326 2263 1393 (id
2307 1337 2406 1392 est,
2454 1327 2733 1382 misturam
2776 1334 2825 1381 et
2866 1335 3165 1381 concentum
3195 1324 3421 1379 etennen-

1846 1418 2066 1489 torum).
2117 1417 2234 1474 Non
2279 1418 2423 1474 enim
2472 1432 2617 1486 eam,
2672 1432 2792 1487 quae
2839 1432 2871 1473 e
2909 1417 3131 1471 vocibus
3172 1414 3421 1481 exsistit,

1847 1511 1943 1575 sed
1971 1511 2267 1567 calidorum
2312 1521 2366 1567 et
2408 1507 2747 1582 frigidorum,
2790 1509 3134 1567 humidorum
3165 1518 3221 1563 et
3252 1508 3428 1563 sicco-

1850 1618 1992 1667 rum,
2022 1617 2141 1671 quae
2171 1601 2226 1657 in
2258 1616 2481 1671 corpore
2508 1609 2654 1666 sunt,
2690 1601 3160 1671 temperationem,
3204 1602 3423 1653 harmo-

1848 1694 1951 1748 niae
1977 1691 2315 1762 participent,
2340 1701 2393 1747 et
2414 1700 2733 1748 concentum
2773 1693 2882 1747 vult
2921 1692 3120 1747 dicere.
3156 1691 3331 1760 Atque
3354 1688 3424 1745 de

178 1790 450 1845 ἁνούσιον.
497 1789 617 1841 Ἔτι
656 1786 712 1840 δὲ
746 1784 882 1856 πρὸς
919 1783 1157 1847 τούτοις,
1197 1784 1248 1836 Οἱ
1286 1783 1404 1853 μὲν.
1443 1780 1572 1849 μίαν
1606 1775 1744 1833 εἶναι
1781 1804 1822 1858 B
1849 1783 1936 1838 his
1974 1782 2315 1852 perspicuum
2359 1791 2463 1847 est,
2518 1791 2744 1838 caeteros
2790 1784 3025 1839 animatu
3062 1780 3420 1837 substantiam

177 1883 274 1935 καὶ
309 1880 407 1951 τὴν
434 1879 605 1948 αὐτὴν
640 1878 749 1930 τῶν
787 1876 1004 1930 πάντων
1031 1874 1208 1946 ψυχὴν
1241 1872 1560 1943 νενομίκασι
1583 1912 1597 1936 ,
1648 1887 1750 1925 κα·

179 1968 714 2041 τακερματιζομένην
764 1970 845 2032 εἰς
912 1965 983 2021 τὰ
1044 1966 1162 2021 καθ’
1214 1964 1422 2019 ἕκαστα
1466 1962 1601 2034 (17),
1655 1961 1751 2015 καὶ

181 2063 343 2117 πάλιν
377 2062 457 2124 εἰς
500 2059 700 2130 ἑαυτὴν
741 2058 1028 2112 συνιοῦσαν
1051 2098 1066 2120 ,
1092 2058 1168 2121 ὡς
1203 2058 1251 2111 οἱ
1287 2057 1578 2127 Μανιχαῖοι
1612 2053 1747 2123 (18),

184 2154 279 2208 καὶ
322 2152 468 2207 ἄλλοι
510 2151 684 2214 τινές·
714 2151 766 2204 οἱ
806 2150 864 2203 δὲ
886 2192 899 2215 ,
943 2149 1142 2213 πολλὰς
1182 2150 1280 2203 καὶ
1305 2149 1592 2222 διαφόρους
1628 2147 1749 2200 κατ’

187 2239 444 2306 etex-01
482 2240 558 2305 δὲ,
589 2226 684 2295 zat
718 2240 847 2311 μιαν
887 2239 997 2310 (ta)
1029 2241 1124 2295 και
1153 2240 1373 2302 πολλάς.

248 2508 399 2560 Πᾶσα
418 2506 595 2559 τοίνυν
617 2505 828 2576 ἀνάγκη
863 2502 1100 2576 μηκῦναι
1113 2501 1223 2571 (20)
1249 2501 1340 2556 τὸν
1360 2501 1536 2571 λόγον,
1552 2502 1750 2556 τοσαύ-

173 2614 291 2661 ταις
327 2597 503 2664 δόξαις
547 2594 896 2665 ἀντιλέγοντα
931 2593 1066 2663 (21).
1124 2593 1291 2663 Κοινῇ
1351 2592 1450 2663 μὲν
1481 2588 1574 2646 οῦν
1614 2592 1752 2664 πρὸς

178 2690 380 2751 πάντας
408 2689 532 2751 τοὺς
564 2686 819 2756 λέγοντας
853 2683 1014 2756 σῶμα
1046 2684 1145 2757 τὴν
1180 2683 1358 2755 ψυχὴν
1377 2724 1393 2750 ,
1425 2684 1650 2758 ἀρκέσει
1678 2683 1748 2738 τὰ

181 2780 329 2851 παρὰ
363 2778 670 2850 Ἀμμωνίου
698 2779 793 2832 τοῦ
826 2776 1148 2831 διδασκάλου
1180 2775 1452 2830 Πλωτίνου
1480 2776 1576 2829 καὶ
1606 2775 1747 2829 Νου-

187 2873 374 2944 μηνίου
421 2870 530 2941 (22)
589 2869 682 2923 τοῦ
742 2866 1120 2940 Πυθαγορικοῦ
1173 2866 1459 2939 εἰρημένα.
1519 2866 1642 2920 met
1688 2866 1746 2920 δὲ

1849 1872 2032 1928 dicere
2065 1891 2078 1928 ε
2112 1873 2454 1929 Aristotelem
2486 1882 2539 1929 et
2574 1875 2908 1930 Dinarchum
2945 1872 3355 1946 (Dicoearcltum)
3389 1886 3421 1927 a

1847 1962 2145 2019 substantia
2195 1978 2497 2020 removere.
2529 1963 2802 2020 Praeterea
2842 1964 3080 2031 luerunt,
3128 1962 3218 2033 qui
3258 1978 3420 2017 uuam

1845 2066 1966 2109 esse
2001 2062 2054 2109 et
2094 2055 2340 2110 eamdem
2394 2057 2633 2112 omnium
2682 2057 2919 2111 animam
2971 2064 3253 2125 putarunt,
3303 2070 3424 2126 quaa

1845 2144 2151 2199 minutatim
2201 2144 2254 2198 in
2307 2159 2393 2199 res
2453 2145 2694 2218 singulas
2745 2146 3083 2213 concidatur,
3138 2146 3193 2201 in
3253 2160 3423 2216 seque

1844 2248 2033 2290 rursus
2082 2243 2273 2303 coeat,
2324 2244 2383 2290 ut
2422 2235 2707 2293 Manichaei
2755 2248 2812 2293 et
2855 2238 2946 2292 alii
2990 2237 3257 2293 nonnulli.
3316 2231 3422 2292 Alii

1847 2323 2059 2384 multas.
2098 2324 2386 2394 specieque
2423 2324 2756 2394 differentes,
2802 2328 3048 2384 arbitrati
3095 2338 3244 2384 sunt.
3274 2329 3418 2397 Alii,

1845 2422 1902 2469 et
1928 2429 2110 2483 unam,
2140 2425 2194 2470 et
2223 2414 2444 2470 inultas.

1918 2503 2153 2561 Necesse
2194 2516 2278 2561 est
2307 2506 2494 2577 igitur,
2522 2507 2575 2562 in
2602 2516 2681 2564 tot
2715 2508 3063 2579 opinionibus
3108 2509 3422 2566 refellendis

1847 2594 2008 2666 paulo
2065 2593 2277 2665 longior
2324 2604 2556 2666 ponatur
2602 2599 2803 2654 oratio.
2848 2598 3012 2669 Atqui
3063 2600 3423 2656 communiter

1851 2692 2042 2740 contra
2079 2699 2289 2750 omnes,
2331 2686 2421 2755 qui
2481 2685 2678 2751 licunt,
2740 2686 2976 2741 animam
3021 2700 3142 2741 esse
3186 2701 3419 2755 corpus,

1850 2775 1939 2831 illa
1976 2773 2261 2842 sufficient,
2306 2792 2427 2848 quae
2469 2779 2537 2833 ab
2569 2777 2878 2841 Ammonio,
2919 2778 3143 2834 doctore
3191 2777 3422 2843 Plotini,

1849 2872 1905 2921 et
1958 2862 2225 2921 Numenio
2303 2864 2694 2937 Pythagoram,
2761 2866 3029 2936 disputata
3082 2875 3228 2921 suut.
3286 2865 3424 2921 Sunt

183 2962 373 3017 ταῦτα·
402 2962 483 3015 Τὰ
511 2961 734 3033 σώματα
760 2959 873 3031 (25)
901 2961 968 3031 τῇ
999 2956 1175 3029 οἰκείᾳ
1200 2957 1357 3028 φύσει
1384 2956 1598 3030 τρεπτὰ
1617 2957 1746 3012 ὅντα
1772 2970 1816 3028 c
1849 2965 2029 3013 autem
2072 2957 2187 3013 haec
2219 2974 2234 3012 ε
2277 2956 2540 3031 Corpora,
2578 2975 2698 3032 qttoe
2741 2975 2837 3014 sua
2892 2968 3080 3015 natura
3122 2968 3419 3026 mutantur,

1343 3072 1507 3128 VAR.
1549 3071 1747 3129 LECT.
1788 3072 1877 3127 ET
1915 3070 2246 3128 ANtttAnv.

259 3173 336 3243 (5)
385 3167 696 3223 >taetram-
714 3167 1030 3238 λεγόντων.
1075 3164 1362 3220 Ἀθάνατον
1395 3159 1535 3218 εἶναι
1555 3164 1738 3234 λεγόν·

180 3239 601 3385 τωῖἐ)Ᾰὴῖὧως
638 3306 753 3375 τὴν
781 3304 1014 3375 ψυχήν.
1047 3303 1169 3361 nin
1191 3320 1331 3376 μω,
1360 3302 1605 3360 hocloco
1630 3303 1743 3360 ut·-

177 3397 294 3440 suta
325 3396 442 3436 esse
483 3382 610 3434 solia
653 3380 704 3432 iu
745 3379 867 3433 coll.
904 3374 968 3428 D.
1024 3374 1075 3429 1.
1117 3372 1259 3444 Ergo
1298 3372 1386 3427 bic
1427 3374 1480 3428 in
1526 3382 1743 3442 quater·

176 3459 334 3510 uione
382 3452 620 3504 secunda
665 3456 787 3517 post
830 3444 1016 3499 l'olium
1049 3445 1282 3510 primum
1330 3457 1494 3496 unuin
1551 3442 1737 3498 l'oliuut

177 3518 718 3594 prwtertnittendutn,
749 3525 805 3569 et
833 3515 902 3588 ad
932 3515 1150 3569 tertium
1184 3512 1531 3582 pergendum.

253 3593 323 3661 (Ἰ)
367 3589 757 3652 'Astatia-ntor.
808 3583 1112 3653 Ἀκίνητον,
1148 3581 1212 3636 Ν.
1241 3579 1319 3635 De
1341 3582 1620 3638 sententiis
1648 3582 1745 3637 lto·

182 3678 299 3715 runt
331 3655 774 3727 philosophorum
801 3669 854 3705 V.
889 3651 1164 3705 Plutarch.
1195 3651 1232 3707 1.
1264 3666 1305 3716 t,
1341 3666 1462 3719 cap.
1495 3651 1551 3706 Ξ.

259 3731 335 3796 (8)
380 3724 674 3779 Kar-osma
723 3722 957 3775 ἑαυτόν.
1015 3719 1237 3775 Ἑαυτὸν
1274 3721 1547 3787 κινοῦντα,
1581 3719 1646 3777 D.
1693 3721 1741 3785 1,

189 3799 344 3933 A'stin'
379 3790 613 3916 &aaz
637 3857 881 3927 νοητήν.
909 3858 1109 3914 Οὐσίαν
1143 3858 1333 3933 νοερὰν
1371 3860 1430 3928 ἐξ
1459 3860 1630 3931 αὐτῆς
1658 3877 1746 3914 κι-

193 3935 357 4004 νητὴν
389 3934 506 3985 κατ’
533 3930 785 4002 ἀριθμόν,
816 3928 876 3982 D.
906 3930 957 3984 1.
987 3930 1116 3984 ooo.
1236 3929 1335 4001 τὴν
1368 3930 1428 3998 ὲξ
1462 3930 1631 4002 αὐτῆς
1658 3948 1744 3984 κι-

193 4005 478 4141 ””ῗὶῖῗῖ’·ἷὶ
507 4000 812 4126 Ὗὰἔῖὲἶιήν
842 3999 1483 4124 '¹32?¹.⁶.²⁵31‚¹2.2¹”¹13'⁶1¹'·
1509 4002 1747 4122 itiam-

191 4128 341 4214 χειάν
370 4090 618 4196 pingi-ch
639 4181 654 4204 ,
702 4139 736 4192 l.
764 4087 837 4204 ⁷3⁶,
865 4139 1101 4205 explicat
1152 4109 1456 4211 ἐνέργειαν..
1479 4141 1741 4195 Caeterum

189 4219 330 4268 hane
377 4212 681 4266 Aristotelis
727 4209 1092 4263 delinitionetn
1142 4212 1337 4278 repetit
1380 4210 1540 4264 etiam
1588 4207 1742 4277 Diog.

187 4283 370 4336 Laert.
404 4297 455 4350 p.
492 4282 628 4341 1762
661 4276 928 4335 Plutarch.
959 4287 999 4332 t.
1029 4276 1091 4342 ll,
1123 4294 1175 4348 p.
1210 4277 1367 4333 1006.
1394 4279 1596 4333 Contra
1644 4293 1742 4333 eu..

187 4352 471 4407 telechiatn
502 4348 808 4404 Aristotelis
853 4348 1244 4416 disputationes
1280 4346 1477 4404 Plotini
1527 4357 1582 4402 et
1613 4347 1745 4402 Por-

187 4422 366 4492 phyrii
397 4421 645 4489 leguntur
665 4420 803 4485 apud
831 4417 1025 4471 Euseb.
1059 4416 1295 4483 t’roepar.
1325 4433 1503 4490 evang.
1534 4431 1584 4485 p.
1615 4417 1739 4482 stt,

184 4507 304 4561 sqq.
333 4489 407 4544 De
434 4488 728 4544 entelechia
760 4499 938 4542 mouet
957 4489 1121 4542 etiam
1145 4501 1440 4557 anonymus
1456 4491 1510 4542 in
1530 4487 1741 4554 Δόξαις
1772 4468 1820 4527 D

183 4555 784 4701 xgfilffvaxsssssisssig?
803 4560 1079 4680 gifnarcn.
1133 4622 1208 4677 De
1227 4621 1405 4692 placit.
1424 4623 1742 4693 philosoph„

185 4715 257 4765 ιν,
285 4700 340 4764 2,
383 4699 711 4768 Δικαίαρχος
741 4694 924 4751 babet.
947 4696 1124 4763 Atque
1153 4697 1222 4745 ita
1256 4693 1631 4764 corrigendum
1666 4697 1743 4749 vi-

183 4771 341 4891 getur
365 4772 475 4890 kin,
503 4783 623 4837 pag.
652 4764 724 4821 29
750 4778 807 4820 et
832 4765 925 4820 55.
965 4763 1260 4818 Dicaearchi
1283 4765 1477 4832 saepius
1500 4765 1746 4820 meminit

232 4840 280 4891 io
324 4878 338 4891 .
408 4847 545 4890 aert.
1682 4884 1687 4897 ,

255 4854 366 4975 (ῗὲ)
404 4903 718 4974 ἢσσάρων
762 4904 1094 4973 στοιχείων.
1136 4903 1218 4957 Οὐ
1270 4900 1400 4973 γάρ.
1453 4902 1744 4974 Τισσάρων

189 4972 1296 5115 ῗέἕὲξξωέἇιὰέἕὲφῖῗὶαῖἰῖῗζ”σέοῖἰ.ἳῑ,ἷ
1317 4981 1639 5112 Ἕέξὲῗῖῐ
1658 4973 1740 5096 “1¹'’

194 5111 304 5175 Sic,
333 5115 423 5169 sed
450 5116 647 5186 κρᾶσιν
678 5115 797 5168 sine
824 5114 1178 5177 correctione,
1216 5115 1280 5168 A.
1331 5112 1381 5177 1,
1408 5111 1463 5165 2.
1500 5078 1595 5165 Est
1628 5111 1743 5168 haec

195 5183 476 5249 explicatio
503 5182 747 5240 vocabuli
779 5181 1060 5253 ἁρμονίας,
1093 5196 1251 5250 quam
1291 5193 1467 5236 tamen
1501 5183 1740 5249 proxima

193 5253 357 5303 vet-ba
383 5255 670 5320 postulant.
706 5254 786 5307 lta
817 5254 984 5308 etiam
1012 5252 1174 5307 habet
1197 5252 1329 5306 Con.
1370 5250 1482 5304 noc
1505 5258 1604 5317 est,
1638 5252 1744 5307 ele·

191 5329 481 5374 retentorum
505 5323 775 5376 misturam
804 5334 958 5391 atque
977 5323 1401 5386 consonantiam,
1421 5318 1560 5376 vatt.

259 5387 369 5458 (15)
414 5389 589 5445 Ἀλλὰ
621 5391 738 5460 τὴν
769 5391 840 5446 ὲν
867 5391 966 5458 τῷ.
1014 5390 1172 5445 Ἀλλὰ
1199 5391 1297 5462 τὴν
1330 5390 1438 5443 τῶν
1459 5392 1518 5444 ἐν
1544 5386 1643 5462 τῷ,
1674 5388 1737 5445 Ν.

184 5458 278 5530 Τῷ
323 5460 500 5522 abest,
527 5462 590 5514 A.
621 5460 675 5513 5.
724 5461 843 5515 Mox
873 5463 1010 5516 idem
1044 5479 1059 5516 ι
1096 5461 1301 5516 τούτων
1334 5460 1435 5531 μὲν
1469 5459 1640 5514 ἄλλοι.
1674 5461 1741 5517 Et

182 5529 345 5599 paulo
379 5541 498 5596 post
527 5546 543 5584 z
583 5528 947 5599 ἀντιλέγοντα.

252 5597 363 5669 (tt)
404 5597 515 5653 Καὶ
544 5597 745 5667 ὑγρῶν
776 5599 876 5654 καὶ
914 5597 1183 5670 ψυχρῶν.
1234 5599 1342 5654 Καὶ
1386 5597 1610 5671 ψυχρῶν
1645 5600 1739 5653 καὶ

180 5666 384 5738 ὑγρῶν,
420 5668 481 5721 D.
518 5671 568 5731 1,
605 5674 668 5722 A.
703 5667 758 5734 1,
785 5668 843 5723 2.
876 5668 1064 5724 Ouinia
1090 5671 1206 5726 haec
1234 5672 1490 5740 singulari
1525 5685 1737 5725 numero

180 5739 398 5795 exhibet
427 5741 561 5796 Gon.
604 5737 671 5792 Et
701 5738 958 5809 frigorum
989 5749 1035 5794 et
1066 5738 1360 5798 humorum.
1393 5738 1524 5797 vall.

1849 3235 1868 3291 ι
1917 3165 2029 3238 (15)
2069 3169 2135 3222 Οἱ
2168 3166 2285 3237 μὲν
2316 3167 2514 3223 ἄλλοι.
2553 3169 2792 3236 Honesti,
2840 3168 2975 3227 vall.
3028 3170 3204 3229 endo
3238 3169 3415 3229 καλοί.

1871 3251 1940 3291 ne
1980 3249 2051 3290 te.
2567 3256 2572 3261 ·

1917 3253 1975 3376 (1)
1975 3304 2030 3377 6)
2037 3303 2206 3362 mm
2218 3305 2505 3378 λέγουσιν
2516 3309 2753 3365 οὐσίαν.
2769 3308 2972 3362 Οὐσίαν
2984 3304 3120 3362 εἶναι
3143 3309 3415 3381 λέγουσιν,

1850 3374 1911 3429 D.
1961 3377 2013 3438 1,
2048 3379 2114 3431 A.
2149 3380 2204 3442 1,
2240 3378 2295 3433 2.
2326 3378 2493 3432 Paulo
2525 3390 2680 3447 post,
2714 3379 3003 3449 Δείναρχος
3040 3379 3301 3443 ὲνούσιον,
3343 3382 3411 3437 N.

1851 3443 1928 3498 De
1963 3445 2275 3501 Dicaearcho
2301 3464 2365 3502 ex
2402 3449 2578 3501 Attico
2611 3449 2888 3502 Platonico
2921 3459 2991 3500 tta
3029 3450 3180 3500 hal-vt
3215 3449 3412 3506 Euseh,

1850 3513 2070 3581 Proepar
2092 3532 2299 3585 cauny„
2328 3533 2380 3585 p.
2406 3517 2511 3571 810
2530 3534 2542 3569 :
2564 3518 2749 3588 Τούτῳ
2776 3518 3105 3585 (Aristoteli)
3127 3518 3415 3588 τοιγαροῦν

1849 3582 2109 3654 ἑπόμενος
2161 3586 2524 3658 Δικαίαρχος,
2579 3588 2674 3640 καὶ
2717 3586 3037 3640 τάκόλουθον
3087 3588 3202 3655 (sic
3245 3589 3412 3641 codex

1848 3655 2233 3722 Augustanus)
2282 3657 2465 3720 ίκανὸς
2507 3655 2582 3711 ὢν
2620 3655 2865 3727 θεωρεῖν,
2904 3657 3005 3727 ανῄ
3044 3672 3091 3708 ει
3149 3658 3241 3710 καὶ
3289 3656 3415 3728 (sic

1853 3721 1992 3776 ideut
2017 3723 2222 3796 codex)
2250 3725 2350 3797 τὴν
2377 3726 2505 3796 ὃλην
2537 3726 2830 3780 ὑπόστασιν
2861 3726 2959 3797 τῆς
3003 3725 3198 3796 ψυχῆς.
3247 3729 3417 3783 Caete-

1853 3805 1972 3845 rutn
2000 3791 2067 3847 de
2101 3792 2428 3859 Dicaearcho,
2457 3796 2759 3851 Aristotelis
2785 3796 3067 3864 discipulo,
3101 3802 3221 3851 vute
3245 3799 3410 3850 etiam

1853 3859 2077 3916 Sextum
2114 3860 2317 3933 Empir.
2353 3879 2476 3934 pag.
2509 3866 2576 3918 74
2609 3865 2739 3920 edit.
2785 3862 3049 3924 Fabricii,
3083 3864 3174 3932 qui
3219 3867 3408 3920 eadent

1851 3931 1919 3984 de
1948 3945 2013 3985 eo
2044 3933 2229 3998 tradit,
2268 3948 2498 4002 eumque
2534 3934 2858 3990 Messeniutn
2885 3936 3150 4004 appellat;
3188 3934 3409 3989 Suidaut

1850 3998 1906 4054 itt
1930 4002 2306 4071 Δικαίαρχος·
2332 4002 2670 4066 Ciceronem,
2700 4005 2788 4073 qui
2821 4006 2959 4057 hauc
2998 4006 3164 4074 ipsam
3202 4004 3315 4072 ejus
3344 4004 3412 4060 do

1848 4071 2027 4123 anima
2062 4075 2386 4126 seutentiam
2415 4072 2580 4127 refert
2626 4073 2782 4127 Tunc.
2822 4072 3021 4138 Quoest.
3054 4073 3146 4128 hb.
3193 4089 3232 4139 ι,
3284 4087 3407 4143 cap.

1846 4138 1935 4203 10,
1977 4140 2062 4202 11,
2100 4150 2154 4193 et
2182 4141 2391 4213 Menag,
2420 4145 2484 4194 atl
2516 4143 2663 4211 Diog.
2691 4143 2867 4197 Laert.
2896 4159 2976 4206 ιιι,
3006 4143 3059 4197 4.

1918 4206 2030 4279 (17)
2061 4211 2163 4276 mc
2207 4210 2280 4264 τὰ
2316 4214 2443 4268 καθ’
2472 4211 2717 4266 ἕκαστα.
2776 4211 2838 4266 ln
2871 4213 3077 4283 sinqula
3126 4211 3405 4277 animatia,

1851 4276 1986 4333 vall.
2024 4279 2187 4334 Paulo
2219 4291 2344 4335 aule
2375 4285 2524 4335 deest
2555 4282 2753 4353 ψυχήν,
2790 4281 2859 4334 Μ.
2904 4289 2946 4334 l.

1918 4348 2031 4417 (18)
2062 4349 2397 4472 Μανιέαῒοι.
2433 4350 2563 4405 Vide
2593 4354 2878 4422 Epiphau„
2909 4360 2949 4405 t.
2983 4351 3021 4418 l,
3051 4367 3103 4422 p.
3132 4350 3257 4407 625.
3286 4349 3406 4407 Mox

1846 4419 1940 4470 καὶ
1964 4417 2110 4471 ἄλλοι
2136 4435 2220 4471 τιν
2251 4436 2280 4483 ς
2310 4421 2510 4474 omittit
2543 4419 2675 4475 vall.

1917 4487 2031 4558 (19)
2066 4491 2130 4542 Ol
2161 4486 2229 4541 δὲ
2252 4490 2418 4557 μίαν.
2459 4490 2522 4543 Ol
2555 4490 2614 4542 δὲ
2646 4491 2739 4544 καὶ
2774 4489 2938 4562 μίαν,
2974 4489 3035 4543 D.
3070 4489 3121 4551 1,
3156 4491 3222 4545 A.
3268 4492 3321 4555 1,
3348 4490 3405 4547 2

1938 4556 2030 4626 20)
2057 4560 2349 4624 Μηκύναι.
2382 4558 2655 4629 Μηκῦναι,
2686 4565 2743 4613 l).
2780 4560 2827 4615 1.
2869 4562 2929 4614 Ν.

1915 4564 2029 4698 (21)
2072 4627 2527 4698 ‘Anderva-tac.
2586 4628 2974 4696 Ἀντιλέγοντα,
3016 4629 3074 4683 D.
3111 4627 3167 4695 1,
3198 4627 3260 4681 Ν.
3315 4628 3407 4685 Sic

1845 4696 1911 4749 ad
1962 4697 2135 4751 solum
2190 4697 2496 4752 Netnesiuut
2533 4697 2789 4755 refertur.
2830 4700 2942 4752 Nou
2993 4698 3150 4753 male.
3206 4698 3309 4752 Sed
3348 4706 3405 4754 et

1845 4767 2067 4835 pluralis
2092 4767 2158 4821 ad
2191 4768 2361 4821 solum
2392 4766 2697 4822 Nemesitnn
2730 4769 2979 4836 pertinet.

1915 4834 2027 4906 (22)
2074 4836 2435 4905 Νουμηνίου.
2484 4835 2812 4909 Νουμενίου,
2865 4838 2924 4892 D.
2985 4839 3033 4891 1.
3087 4836 3400 4907 Νουμινίου,

1843 4905 1911 4959 A.
1947 4906 1999 4968 1,
2028 4904 2084 4958 2.
2115 4907 2383 4961 lllultuties
2408 4906 2565 4974 hujus
2595 4908 2840 4962 nteutinit
2880 4909 3068 4963 Euseb.
3103 4905 3399 4973 Proepme.

1844 4974 2075 5043 evonqel.
2123 4975 2320 5028 etalii.
2373 4974 2532 5029 Valtae
2569 4978 2939 5046 interpretatio
2988 4980 3041 5031 lt.
3089 4977 3125 5031 1.
3181 4991 3402 5046 prorsus

1845 5047 2111 5098 contraria
2143 5042 2353 5099 (ἦπου.

1914 5111 2026 5181 (23,
2058 5113 2191 5166 Eiet
2225 5113 2293 5166 δὲ
2327 5113 2513 5169 ταῦτα
2551 5115 2624 5169 τὰ
2659 5118 2921 5186 σώματα.
2965 5115 3085 5170 Εἰσὶ
3115 5115 3171 5168 δὲ
3206 5113 3400 5170 ταῦτα.

1842 5182 1924 5235 Τὰ
1957 5182 2202 5253 σώματα,
2236 5184 2295 5236 D.
2337 5187 2384 5248 1,
2415 5186 2479 5238 A.
2514 5187 2563 5249 1,
2597 5188 2654 5252 2,
2692 5187 2753 5241 N.
2792 5187 2932 5252 Mox,
2962 5187 3031 5240 τὰ
3056 5185 3250 5251 οἰκεία,
3282 5186 3403 5241 luco

1839 5255 1906 5323 τῇ
1950 5253 2145 5322 οἰκεία,
2192 5252 2258 5305 Μ.
2306 5254 2357 5316 1,
2394 5265 2448 5308 et
2473 5257 2684 5326 τρεπτὰ
2720 5272 2781 5310 τε
2825 5257 2972 5323 ὅντα,
3000 5257 3067 5309 N.
3117 5255 3401 5310 Situillinta

1842 5334 1988 5383 suut,
2022 5338 2141 5390 quae
2180 5323 2427 5392 leguntur
2461 5329 2602 5391 apud
2650 5337 2922 5392 auctorent
2970 5341 3296 5396 auouyutuut
3348 5325 3401 5379 iu

1842 5391 2017 5445 libetto
2042 5389 2252 5456 Αόξαις
2282 5393 2415 5460 περὶ
2442 5393 2665 5463 ψυχῆς,
2702 5411 2753 5466 ρ.
2789 5395 2912 5458 651,
2946 5410 3062 5465 quui
3100 5397 3167 5448 itu
3214 5412 3272 5450 se
3306 5395 3400 5447 lia-

1842 5464 1967 5515 bent
2000 5477 2013 5513 ε
2048 5460 2163 5512 Πᾶν
2196 5466 2269 5529 γα
2338 5461 2495 5532 σῶμα
2527 5468 2669 5519 κατὰ
2704 5465 2801 5537 τὴν
2838 5464 3030 5519 ἑαυτοῦ
3069 5464 3228 5534 φύσιν
3277 5480 3403 5517 cxs-

1838 5529 2029 5584 δαστόν
2060 5530 2175 5583 ἐστι
2204 5477 2306 5585 καῖ
2324 5534 2401 5610 εἰς
2423 5532 2628 5605 ἄπειρα
2657 5534 2945 5607 διαιρετόν.
2988 5535 3080 5589 Διὸ
3107 5535 3275 5588 δεῖται
3305 5531 3403 5587 τοῦ

1841 5600 2171 5685 συνέχοντος.
2202 5599 2277 5653 Τὸ
2304 5601 2482 5654 τοίνυν
2520 5605 2775 5674 συνέχον,
2807 5606 3035 5678 πότερον
3069 5607 3226 5675 σῶμα
3253 5607 3401 5656 ἐστιν

1838 5669 1873 5738 ἢ
1904 5669 2220 5738 ἀσωματονς
2252 5671 2313 5723 Εἰ
2339 5671 2397 5724 δὲ
2428 5669 2520 5724 οὖν
2558 5674 2748 5744 σῶμα,
2796 5675 3047 5747 δεήσεται
3107 5674 3267 5728 πάλιν
3291 5672 3407 5725 κάκ

1839 5741 1985 5792 κεῖνο
2001 5737 2095 5792 τοῦ
2122 5740 2448 5809 συνέχοντος.
2474 5742 2568 5798 καὶ
2593 5744 2751 5798 τοῦτο
2776 5746 2862 5798 ἐπ’
2883 5747 3127 5816 ἄπειρον.
3165 5742 3400 5806 Ἀνάῖκη
