3725 6125
109 296 212 353 315
1350 269 1435 324 DF.
1473 269 1760 326 NATURA
1799 267 2107 326 nomNtS.
3249 263 3353 319 Md

102 427 166 467 n
197 409 390 469 πολλα,
426 405 525 460 καὶ
565 402 765 464 πάντα,
809 400 909 455 ὅσα
937 398 1050 468 (81)
1079 396 1179 450 οὐκ
1219 394 1331 466 ἔχει
1382 394 1677 465 πνεύμονα.
1711 401 1757 455 Α
1784 404 1835 447 et
1878 395 2138 458 tormine,
2188 400 2241 446 et
2292 404 2410 459 qna·
2457 388 2722 459 sangnine
2771 397 2956 443 carent
2998 396 3051 443 et
3088 388 3353 458 pleraeqno

103 504 271 558 Dlsssv
297 500 431 571 γὰρ,
453 498 528 570 μὴ
549 495 669 566 ἔχον
695 492 992 563 πνεύμονα,
1019 490 1249 544 ἀναπνεῖ
1276 486 1364 540 τὸν
1397 486 1565 557 ἀέρα·
1590 487 1682 539 καὶ
1787 485 2091 537 animantes
2121 483 2366 545 marinae,
2412 488 2465 533 et
2506 479 2710 543 omnia,
2746 493 2867 548 quae
2914 478 3218 548 pulmonem
3248 492 3354 531 non

98 591 464 662 ἀντιστρέφει
504 586 638 659 (89)·
696 583 869 648 οὐδὲν,
924 582 999 654 μὴ
1055 578 1319 635 ἀναπνέον
1373 578 1463 631 τὸν
1512 579 1678 649 ἀέρα,
1783 578 2004 634 habent.
2054 576 2199 633 Nihil
2246 577 2434 640 enim,
2495 576 2638 646 quod
2707 574 3017 644 pulmonem
3088 589 3194 628 non
3257 573 3354 629 ha·

1783 666 1892 732 bet,
1940 668 2112 736 spirat
2166 681 2369 722 aerem.
2417 664 2547 731 Quae
2597 666 2965 733 reciprocatur
3007 664 3353 719 enuntiatio:

1785 757 1949 820 nihil,
1990 758 2132 827 qnod
2157 770 2336 811 aerem
2378 770 2484 812 non
2519 755 2727 824 spirat,
2750 755 3055 824 pulmonem
3084 755 3273 809 inaltet.

1856 844 1966 902 Sed
1988 846 2237 915 quoniam
2263 844 2543 901 Cleanthis
2570 843 2737 900 Stoici
2772 856 2825 900 ct
2851 843 3134 917 Chrysippi
3170 846 3354 901 serun-

1784 948 1878 994 tur
1937 938 2175 994 rationes
2229 939 2474 1007 quaedam
2532 954 2638 995 non
2700 939 3128 1002 contemnendae,
3184 940 3351 993 etiam

1784 1031 1972 1086 liarum
2015 1027 2400 1086 dissolutiones
2445 1028 2732 1085 afferendae
2780 1040 2927 1096 sunt,
2965 1038 3023 1084 ut
3050 1044 3079 1083 a
3112 1028 3354 1084 Platoni-

1782 1122 1862 1177 cis
1893 1130 2021 1175 sunt
2050 1121 2328 1190 expositae.
2375 1120 2668 1176 Cleanthes
2698 1122 3161 1176 ratiocinationem
3189 1122 3355 1177 nectit

1781 1211 2234 1284 ejusmodizNon
2287 1212 2483 1279 solum,
2537 1213 2743 1285 inquit,
2803 1228 3031 1283 corpore
3073 1223 3353 1284 parentum

1782 1303 1990 1359 similes
2039 1304 2341 1372 nascimur,
2387 1305 2481 1359 sed
2514 1304 2677 1358 etiam
2724 1305 2927 1369 animo,
2961 1303 3351 1372 affectionibus,

1782 1393 2048 1461 moribus,
2078 1393 2352 1449 habitibus
2391 1412 2405 1450 :
2443 1395 2737 1450 similitudo
2766 1409 2953 1464 porro,
2996 1403 3051 1450 et
3075 1394 3355 1450 dissimili-2

1783 1484 1913 1540 tudo
1943 1483 1996 1539 in
2027 1499 2275 1555 corpore,
2324 1499 2429 1540 non
2477 1487 2531 1540 in
2582 1500 2955 1554 non-corpore
2995 1495 3355 1555 spectantur:

1781 1590 1980 1648 corpus
2007 1578 2175 1649 igitur
2198 1579 2377 1632 anima
2410 1587 2510 1634 est.
2553 1578 2815 1643 Primum,
2866 1593 2933 1635 ex
2959 1578 3204 1647 partibus
3235 1577 3359 1633 uni-

1782 1683 1994 1722 versum
2026 1684 2196 1740 genus
2222 1684 2328 1724 non
2352 1668 2693 1725 concluditur
2722 1688 2736 1725 :
2768 1670 2958 1724 deinde
2984 1668 3134 1735 illud,
3163 1683 3267 1723 non
3300 1668 3355 1724 ln

117 682 247 737 πνεύ
257 698 392 753 μονα
413 679 545 748 ἔχει.

200 855 412 927 Ἐπειδὴ
469 853 525 908 δὲ
586 851 682 906 καί
751 848 1059 913 Κλεάνθους
1122 847 1216 902 τοῦ
1279 844 1518 901 Στωϊκοῦ
1587 846 1681 900 καί

124 947 430 1020 Χρυσίππου
487 943 747 1013 φέρονται
789 940 937 1009 λόγοι
983 938 1147 1001 τινὲς,
1200 939 1300 992 οὐκ
1337 936 1680 1008 εὐκαταφρό-

124 1050 280 1103 νητοι,
329 1029 574 1083 ἐκθετέον
615 1027 729 1098 (83)
779 1029 875 1081 καὶ
930 1026 1134 1080 τούτων
1184 1026 1285 1090 τάς
1341 1026 1542 1090 λύσεις,
1605 1026 1682 1091 ὡς

116 1123 367 1177 ὲπέλυσαν
395 1123 443 1175 οἰ
473 1120 584 1175 ἀπὸ
604 1119 890 1181 Πλάτωνος
907 1118 1052 1190 (84).
1090 1118 1148 1170 Ὀ
1173 1117 1453 1188 Κλεάνθης
1481 1117 1680 1171 τοιόνδε

111 1214 294 1267 πλέκει
349 1209 743 1280 συλλογισμόν·
776 1208 850 1261 Οὐ
884 1207 1063 1278 μόνον,
1096 1208 1259 1278 φησὶν
1282 1247 1298 1272 ,
1334 1207 1510 1277 ὅμοιοι
1568 1207 1682 1269 τοῖς

108 1303 320 1373 γονεῦσι
381 1285 646 1373 γινόμεθα
705 1299 816 1371 (85)
873 1297 1015 1352 κατά
1069 1297 1132 1352 τὸ
1182 1297 1370 1369 σῶμα,
1412 1296 1550 1352 ἀλλά
1585 1298 1680 1351 καὶ

109 1393 249 1448 κατὰ
292 1394 391 1464 τὴν
431 1391 644 1463 ψυχὴν,
704 1392 819 1454 τοῖς
872 1388 1092 1453 πάθεσι,
1143 1392 1259 1452 τοῖς
1329 1389 1485 1460 ῆθεσι
1542 1389 1675 1459 (86),

110 1488 233 1548 ταῖς
264 1484 539 1538 διαθέσεσι
559 1500 576 1517 ·
625 1481 874 1555 σώματος
917 1482 997 1545 δὲ,
1022 1479 1086 1534 τὸ
1115 1483 1298 1553 ὅμοιον
1326 1481 1419 1535 καὶ
1464 1481 1527 1535 τὸ
1557 1481 1681 1535 ἀνό-

114 1593 289 1647 μοιον,
315 1575 439 1645 οὐχὶ
467 1574 525 1627 δὲ
553 1572 846 1644 ἀσωμάτου
869 1588 882 1601 ·
916 1572 1077 1644 σῶμα
1106 1572 1214 1644 ἄρα
1243 1574 1276 1642 ἠ
1304 1571 1472 1643 ψυχή.
1519 1569 1682 1625 Ἀλλὰ

117 1667 327 1736 πρῶτον
366 1666 466 1735 μὲν
501 1666 564 1718 ὲκ
585 1664 691 1717 τῶν
721 1664 827 1735 33
858 1663 952 1718 ἐπὶ
983 1663 1181 1736 μέρους
1213 1663 1327 1734 (87)
1356 1662 1424 1716 τά
1450 1660 1679 1716 καθόλου

119 1757 180 1810 οὑ
206 1755 778 1824 συγκατασκευάζεταῑ
821 1753 955 1823 (88)·
1001 1755 1145 1826 Πρὸς
1174 1754 1348 1824 τούτῳ
1376 1753 1434 1806 δὲ
1474 1751 1569 1805 καὶ
1596 1750 1676 1816 τὸ»
1710 1749 1753 1804 Β
1781 1774 2173 1830 non-corpore,
2217 1759 2411 1815 salsum
2456 1770 2559 1816 est.
2610 1760 2852 1817 Dicimus
2904 1762 3048 1817 enim
3103 1776 3357 1817 numeros

119 1847 235 1916 οὐχὶ
281 1846 338 1900 δὲ
387 1845 702 1917 ἀσωμάτου,
734 1845 929 1915 ψεῦδός
969 1847 1103 1900 ἐστι.
1136 1845 1379 1917 Λέγομεν
1411 1843 1520 1916 γάρ
1561 1845 1701 1914 ἀρι-ρ

119 1939 146 1991 θ
154 1939 287 2009 μοὺς
301 1937 411 2007 (89)
427 1936 646 2007 ὁμοίους
661 1931 823 2001 εἶναι,
840 1928 915 1990 ὧν
935 1935 991 1989 αἰ
1008 1936 1238 2007 πλευραὶ
1252 1933 1501 2003 ἀνάλογοί
1523 1935 1683 1996 εἰσιν,

121 2032 192 2095 ὡς
223 2030 311 2082 τὸν
341 2027 403 2093 ἓξ
430 2026 541 2098 (99)
576 2027 670 2081 καί
712 2027 804 2080 τὸν
854 2028 1286 2099 εἰκοσιτέσσαρα.
1322 2025 1540 2096 Πλευρά
1568 2023 1678 2095 γάρ

119 2122 214 2176 τοῦ
246 2121 307 2187 ἓξ
332 2123 362 2174 ὁ
393 2119 488 2173 δύο
520 2120 615 2174 καὶ
639 2121 667 2173 ὁ
690 2118 816 2189 τρία
833 2134 847 2147 ·
872 2119 967 2174 τοῦ
994 2118 1054 2173 δὲ
1081 2118 1490 2191 εἰκοσιτέσσαρα
1513 2120 1542 2172 ὀ
1562 2118 1686 2171 τέσ-

125 2231 193 2266 σα
203 2230 268 2283 ρα
292 2212 399 2283 (91)
427 2212 521 2266 καί
541 2213 570 2265 ὀ
591 2209 671 2277 ἐξ.
701 2210 1016 2281 ’Δναλογίαν
1039 2210 1096 2263 δὲ
1119 2208 1232 2280 ἔχει
1250 2208 1317 2262 τά
1343 2210 1439 2281 μὲν
1461 2209 1554 2263 δύο
1571 2207 1683 2280 (92)

129 2305 260 2375 πρὸς
316 2303 383 2357 τά
443 2303 717 2374 τέσσαρα,
767 2302 836 2355 τά
895 2301 951 2355 δὲ
1000 2301 1127 2373 τρία
1183 2300 1316 2372 πρὸς
1366 2299 1436 2353 τά
1473 2298 1553 2365 ἒξ.
1596 2298 1684 2352 Ἐν

124 2394 416 2447 διπλασίονι
438 2392 549 2462 (95)
583 2392 691 2462 γάρ
716 2392 859 2463 λόγῳ
881 2390 1186 2463 θεωρεῖται.
1213 2391 1293 2444 T&
1315 2392 1424 2463 γάρ
1446 2390 1684 2463 τέσσαρα

121 2486 220 2537 τῶν
250 2486 344 2538 δύο
363 2484 681 2538 διπλασίονα
709 2485 803 2537 καὶ
826 2482 893 2537 τὰ
917 2482 977 2548 ἒξ
1006 2484 1116 2537 τῶν
1142 2483 1270 2555 τρία
1296 2483 1404 2555 (94)
1424 2499 1438 2513 ·
1465 2483 1687 2555 ἀσώμα-

112 2592 191 2629 τοι
225 2575 280 2629 δὲ
313 2577 360 2629 οἰ
395 2575 644 2647 ἀριθμοί.
682 2575 790 2628 Καὶ
826 2576 1079 2646 σχήματα
1109 2573 1166 2629 δὲ
1205 2576 1478 2647 σχήμασιν
1522 2573 1687 2646 ὅμοιά

118 2668 279 2732 ἐστιν,
305 2670 407 2722 ὃσα
434 2667 535 2731 τάς
563 2683 623 2719 τε
649 2665 852 2735 γωνίας
882 2666 1001 2730 ἰσας
1019 2665 1154 2736 ἔχει,
1185 2666 1402 2730 καὶτὰς
1431 2666 1561 2738 περὶ
1586 2665 1686 2731 τάς

122 2762 235 2823 ἰσας
263 2760 459 2828 γωνίας
491 2758 602 2830 (95)
637 2756 873 2831 πλευρὰς
897 2756 1155 2825 ἀνάλογον
1170 2774 1185 2788 ·
1215 2756 1276 2810 τὸ
1295 2756 1353 2810 δὲ
1381 2760 1482 2829 σχῆ
1492 2774 1568 2828 μα
1591 2757 1686 2812 καί

126 2851 274 2904 αὐτοὶ
300 2851 586 2921 ἀσώματον
615 2850 722 2922 (96)
750 2848 1100 2922 ὁμολογοῦσιν
1128 2845 1288 2903 εἶναι.
1314 2850 1459 2913 Ἔτι,
1490 2849 1565 2912 ὡς
1590 2849 1685 2904 τοῦ

132 2942 290 2995 ποσοῦ
331 2942 459 2996 ἴδιόν
495 2944 610 2995 ἐστι
643 2943 702 2995 τὸ
735 2943 846 2996 ἴσον
878 2942 975 2997 καὶ
1005 2941 1190 2997 ἄνισον
1210 2982 1225 3005 ,
1271 2940 1416 2995 οὕτω
1458 2943 1555 2996 καὶ
1592 2941 1686 2996 τοῦ

134 3035 278 3088 ποιοῦ
311 3035 369 3089 τὸ
396 3036 576 3108 ὅμοιον
616 3034 709 3089 καί
747 3034 806 3088 τὸ
835 3035 1088 3107 ἀνόμοιον
1117 3033 1228 3106 (97)
1249 3051 1264 3067 ·
1293 3032 1587 3106 ἀσώματον
1627 3033 1684 3089 δὲ

1781 1849 1989 1906 similes
2015 1866 2156 1916 esse,
2205 1866 2437 1922 quorum
2487 1850 2654 1908 latera
2687 1852 2828 1907 inter
2858 1867 2917 1908 se
2955 1854 3355 1924 proportionem

1783 1940 2035 2009 habeant,
2064 1954 2124 1998 ut
2152 1958 2204 1997 vt
2251 1952 2305 1998 et
2335 1958 2482 2000 xxiv.
2528 1943 2718 1999 Latera
2767 1945 2909 2000 enim
2943 1960 2993 2001 vt
3036 1954 3185 2013 sunt,
3227 1960 3265 2001 11
3304 1953 3358 2001 et

1783 2044 1884 2096 1¹¹3
1924 2045 2051 2084 xxiv
2083 2045 2233 2099 vero,
2268 2046 2320 2085 tv
2345 2042 2400 2088 et
2427 2048 2500 2088 vt.
2544 2031 2675 2088 Nam
2706 2048 2743 2088 n
2773 2035 2838 2087 ad
2895 2048 2967 2101 tv,
3014 2045 3069 2089 et
3105 2049 3164 2090 ιιι
3204 2035 3271 2090 ad
3303 2048 3360 2090 vt

1785 2122 2066 2193 proportio
2097 2131 2199 2177 est.
2246 2120 2302 2178 ln
2343 2124 2544 2194 duplici
2599 2126 2743 2180 enim
2782 2127 2989 2181 ratione
3012 2138 3137 2182 sunt
3163 2127 3357 2196 posita,

1783 2226 1836 2267 tv
1866 2213 2032 2280 enim,
2068 2227 2106 2269 11
2140 2214 2390 2284 duplicia,
2442 2225 2493 2271 et
2542 2232 2615 2282 vt,
2657 2234 2715 2271 ιιι
2752 2227 2849 2272 :et
2898 2228 3076 2273 tamen
3124 2218 3358 2283 numeri,

1784 2301 2032 2371 corporis
2062 2310 2190 2357 sunt
2219 2312 2488 2373 expertes.
2538 2304 2750 2374 Fignrte
2777 2320 2993 2375 quoque
3022 2306 3209 2377 liguris
3233 2315 3359 2362 sunt

1786 2389 2016 2457 similes,
2059 2405 2179 2460 quae
2204 2402 2258 2445 et
2286 2391 2511 2460 angulos
2548 2394 2783 2462 aequales
2825 2393 3047 2461 habent,
3078 2403 3133 2449 et
3160 2393 3355 2461 latera,

1783 2493 1904 2550 qnae
1948 2481 2182 2550 :equales
2234 2484 2462 2553 angulos
2508 2484 2810 2552 continent,
2860 2486 2962 2540 sibi
3008 2486 3357 2557 proportione

1787 2572 2195 2641 respondentes,
2237 2572 2491 2642 Figuram
2524 2586 2729 2641 antem,
2761 2577 2924 2630 etiam
2956 2578 3079 2648 ipsi,
3103 2592 3225 2634 esse
3250 2591 3357 2633 non

1785 2679 2003 2734 corpus,
2034 2664 2382 2721 confitentur.
2425 2668 2648 2722 Accedit
2678 2668 2806 2736 ltuc,
2841 2670 3005 2737 quod,
3036 2680 3095 2722 ut
3137 2670 3359 2739 quanti·

1787 2757 1914 2810 tatis
1938 2765 2017 2812 est
2046 2759 2348 2828 proprium,
2395 2760 2601 2829 aeqnale
2625 2775 2768 2824 esse,
2805 2771 2860 2813 et
2889 2775 2994 2814 non
3024 2760 3257 2829 aequale,
3288 2761 3361 2816 ita

1785 2847 2063 2917 qualitatis
2104 2848 2282 2905 simile
2330 2860 2386 2906 et
2434 2851 2741 2907 dissimile:
2778 2867 3109 2924 non-corpus
3156 2861 3362 2918 autem,

1785 2935 2041 3006 qualitas,
2092 2947 2177 2993 cst
2224 2938 2390 3008 igitur
2429 2941 2591 2997 etiam
2633 2956 2967 3013 non-corpus
3016 2944 3362 3013 non-corpori

1788 3027 1984 3086 simile.
2041 3028 2203 3085 Addit
2240 3030 2532 3089 Cleanthes
2562 3031 2819 3090 :Nullum
2857 3047 3191 3106 non-corpus
3230 3050 3359 3091 con·

129 3127 156 3197 ἦ
193 3125 431 3196 ποιότης.
465 3125 650 3179 Ἔστιν
682 3124 786 3197 ἄρα
819 3123 913 3178 καὶ
944 3123 1238 3196 ἀσώματον
1269 3122 1382 3196 (98)
1409 3122 1686 3195 ἀσωμάτῳ
1714 3119 1758 3181 C
1789 3123 1954 3179 sentit
2012 3135 2134 3175 cum
2188 3135 2417 3193 corpore
2439 3162 2456 3190 ,
2528 3124 2621 3181 sed
2673 3140 2871 3197 corpus
2918 3141 3044 3185 eum
3100 3138 3356 3198 corpore3

1302 3300 1467 3360 VAR.
1505 3300 1703 3360 LEGT.
1742 3296 1837 3357 m·
1872 3300 2205 3361 mitam.

119 3448 294 3575 Μ(81)
330 3447 510 3505 adr-0⁹
534 3448 673 3521 ὅσα.
707 3449 891 3504 Πάντα
920 3449 1043 3516 ὅσα,
1075 3446 1138 3502 D.
1164 3446 1221 3515 1,
1250 3446 1316 3500 A.
1344 3444 1396 3512 1,
1422 3444 1480 3511 2,
1512 3444 1570 3511 3,
1595 3442 1683 3510 tt„

188 3591 298 3659 (ὃῖ)
348 3588 764 3657 Ἀντιστρέφει.
818 3584 1277 3657 Ἀντεπιστρέφει,
1325 3585 1390 3640 Α.
1433 3584 1490 3639 2.
1537 3582 1686 3639 Cono

125 3661 210 3713 liic
253 3663 494 3727 qus-«tam
530 3658 881 3726 transposuit.
929 3655 1071 3720 Mox,
1119 3666 1238 3724 post
1279 3653 1490 3724 ἐπειδή,
1533 3654 1685 3708 deest

128 3729 204 3788 δέ,
229 3727 293 3779 N.
343 3726 424 3777 Ab
467 3726 653 3796 ἐπειδὴ
684 3727 818 3781 Con.
850 3725 1032 3793 incipit
1059 3725 1176 3779 libri
1207 3738 1242 3779 ιι
1269 3725 1457 3794 cap.2.
1491 3723 1680 3778 index:

135 3796 445 3848 Recitantnr
504 3805 814 3864 argumenta
849 3795 1094 3849 sitnulata
1123 3793 1400 3850 Cleanthis
1429 3805 1481 3848 et
1508 3794 1685 3864 Chry-

136 3863 292 3932 sippi,
334 3863 563 3915 animam
617 3879 736 3919 esse
772 3879 986 3933 corpus,
1061 3879 1140 3917 nae
1173 3865 1334 3919 etiam
1380 3864 1682 3918 solvuntur.

203 3933 313 4002 (85)
351 3932 673 3987 Ἐκθετέον.
693 3934 998 4006 Ἐκρητέον,
1071 3974 1086 3988 .
1117 3931 1183 3988 Et
1211 3949 1355 4001 mox,
1385 3931 1684 3997 ἀπέλυσαν,

137 4004 271 4126 1έί111111
305 4011 358 4057 et
395 4000 464 4055 Μ.
492 4003 542 4060 1.
569 4003 733 4070 (titas,
760 4006 811 4060 id
854 4015 938 4059 est
964 4005 1050 4069 ἀς,
1081 4001 1346 4059 Platonici
1375 4006 1685 4065 attulerunt,

179 4075 225 4125 al
251 4112 266 4126 .

203 4143 310 4215 (84)
353 4148 416 4200 Ol
453 4143 571 4201 ἀπὸ
598 4143 932 4212 Πλάτωνος.
965 4144 1103 4199 Ante
1139 4144 1426 4207 Πλάτωνος
1458 4141 1688 4195 redonn-

131 4214 254 4265 dnm
286 4217 349 4267 ad
377 4218 590 4271 tertium
630 4224 752 4268 ante
787 4217 887 4269 ltoe
919 4215 1103 4269 solium
1136 4216 1188 4268 in
1216 4217 1336 4269 cod.
1372 4213 1434 4268 D.
1467 4213 1515 4266 1.
1548 4211 1680 4265 Num

132 4281 252 4336 folia
292 4284 495 4340 dissuta
523 4294 667 4338 sunt.

199 4352 308 4422 (85)
355 4358 485 4420 Τοῖς
510 4353 753 4423 γονεῦσι
756 4353 1081 4494 νἓνμέόμεθιι.
1114 4353 1239 4417 Τοῖς
1263 4369 1380 4422 γον.
1426 4350 1685 4421 Γιγνόμε-
1715 4390 1763 4449 D

131 4421 217 4485 θα,
256 4424 314 4476 l).
353 4424 402 4477 1.
442 4425 658 4485 vitiose.
689 4439 752 4492 γε
889 4424 976 4487 θα,
1006 4425 1070 4477 A.
1099 4425 1165 4480 5-

197 4493 309 4562 (86)
356 4494 484 4559 Τοῖς
505 4491 698 4563 ἤθεσι.
735 4494 860 4556 Τοῖς
893 4493 1059 4558 ἔθεσι,
1090 4493 1190 4547 Ox.

197 4555 309 4632 (82⁶)
360 4565 457 4618 Ἐκ
499 4562 619 4617 τῶν
651 4564 751 4617 ἐπί
783 4563 1005 4633 μέροις.
1052 4562 1147 4614 Ἐκ
1174 4558 1284 4615 τῶν
1318 4560 1412 4614 ἐπὶ
1465 4561 1682 4633 μέρους,

130 4630 197 4685 li.
232 4632 280 4694 1,
308 4635 375 4687 A.
406 4635 459 4696 1,
490 4633 546 4700 2,
575 4635 631 4690 ὅ.
662 4634 723 4688 Ι).
757 4637 811 4696 1,
838 4633 926 4694 Ν..
956 4634 1057 4687 Ox.
1244 4683 1249 4688 .

195 4702 306 4771 (88)
336 4706 419 4758 Οὐ
436 4700 1076 4772 commanendum.
1101 4699 1176 4753 οὐ
1218 4697 1273 4751 in
1300 4699 1420 4753 cod.
1452 4699 1514 4754 D.
1542 4700 1567 4753 1
1605 4699 1689 4754 in·

128 4783 350 4836 sertum,
390 4775 485 4828 sed
526 4777 593 4828 sb
621 4775 811 4829 eadem
853 4787 1029 4826 manu.
1073 4768 1287 4825 Omittit
1333 4768 1399 4823 N.
1434 4779 1490 4824 et
1519 4766 1591 4823 fl.
1629 4770 1682 4824 1.

130 4840 401 4895 omissum
439 4856 582 4908 esse,
631 4853 852 4897 notatur
882 4843 1045 4896 etiam
1087 4842 1140 4895 in
1173 4853 1342 4909 marg.
1367 4838 1497 4893 Ant.
1520 4837 1594 4891 Οὐ
1629 4839 1682 4893 11.

136 4911 172 4961 l.
214 4912 336 4962 addi
358 4921 414 4965 et
438 4912 614 4965 omitti
638 4921 838 4982 potest.
870 4911 927 4963 Si
952 4910 1254 4969 omittatur.
1284 4908 1448 4963 tacite
1469 4915 1687 4963 notatur

135 4993 289 5033 error
319 4994 527 5045 eorum,
559 4983 651 5049 qui
690 4981 767 5037 ita
805 4989 1283 5050 argumentatum
1319 4979 1405 5032 sin
1437 4979 1683 5041 addatur,

138 5047 420 5104 ntaniiesto
457 5062 488 5104 a
592 5059 776 5106 untur.
811 5049 1105 5106 verissime
1145 5049 1288 5103 enim
1331 5048 1399 5100 tx
1440 5045 1548 5100 τῶν
1593 5048 1687 5101 ἐπὶ

144 5115 336 5184 μέρους
362 5120 429 5173 τά
457 5134 528 5174 κα
622 5136 685 5174 ου
714 5121 776 5174 οὐ
980 5117 1400 5181 τασκευάζεται.
1441 5115 1525 5170 Ab
1554 5115 1689 5172 ἀλλὰ

142 5185 350 5253 πρῶτον
378 5192 444 5243 ad
472 5186 665 5259 ψεῦδός
694 5193 815 5245 ἑστι
857 5136 989 5244 vall.
1024 5191 1293 5243 reddidit:
1321 5184 1423 5241 Sed
1450 5184 1549 5242 Ιιοσ
1584 5186 1690 5256 sal-

140 5269 257 5306 sum
284 5267 375 5309 est.
404 5258 540 5329 Ergo
564 5263 730 5315 multa
755 5260 956 5314 omisit.

209 5322 301 5391 (89
358 5326 429 5380 Ad
457 5330 557 5382 nai
590 5329 658 5383 τὸ
682 5329 819 5399 οὐχὶ
847 5328 916 5382 δὲ
953 5327 1269 5398 ἀσωμάτου
1299 5324 1472 5395 σῶμα
1507 5321 1620 5393 ἄρα
1647 5325 1687 5394 ἡ

139 5396 267 5462 &vx
328 5410 344 5427 ·
384 5396 543 5452 ἀλλὰ
579 5397 1042 5468 πρῶτονμὲνὲκ
1083 5396 1202 5451 τῶν
1229 5397 1327 5449 ἐπὶ
1363 5393 1585 5464 μέρους
1617 5395 1690 5449 τὰ

137 5466 399 5521 καθόλου
428 5467 1057 5535 συγκατασκευάζεται.
1098 5467 1254 5535 Πρὸς
1283 5468 1470 5530 τούτῳ
1500 5463 1569 5517 δὲ
1591 5465 1691 5520 καί

136 5536 200 5586 τὸ
245 5534 383 5604 οὐχί
408 5534 477 5588 δὲ
508 5536 827 5606 ἀσωμάτου
903 5538 1078 5604 2566<-
1105 5538 1256 5591 ἐστι.
1288 5536 1553 5619 Aeropes·
1579 5535 1688 5604 γὰρ

134 5604 436 5673 ἀριθμούς.
462 5606 530 5658 Δὶ
555 5607 649 5660 καὶ
674 5606 758 5669 τὸ,
778 5607 876 5677 οὐχ
914 5606 972 5661 δὲ
1000 5609 1308 5677 ἀσωμάτου,
1332 5603 1525 5674 ψεῦοός
1549 5605 1686 5659 ἐστι.

136 5675 373 5744 Αέγομεν
414 5677 524 5748 γὰρ
552 5674 839 5748 ἀριθμούς,
878 5679 937 5732 l).
972 5680 1020 5744 1,
1048 5680 1112 5733 Α.
1143 5682 1189 5744 1,
1215 5677 1269 5745 2,
1297 5678 1349 5739 5,
1375 5675 1502 5737 Ox„
1533 5673 1598 5727 M.
1633 5676 1684 5728 1.

1790 3443 2003 3500 Omittit
2032 3444 2130 3501 ista
2156 3446 2346 3510 etiam,
2376 3444 2493 3507 sed,
2538 3443 2656 3498 loco
2684 3443 2907 3497 secundi
2936 3441 3014 3507 δέ,
3047 3442 3239 3498 vitiose
3267 3443 3358 3498 lta·

1792 3514 1882 3569 bet
1915 3514 2005 3579 δι’,
2040 3514 2104 3569 Ν.
2142 3513 2369 3571 Temere
2398 3527 2526 3584 ergo
2557 3514 2662 3568 duo
2687 3527 2873 3567 versus
2901 3512 3112 3583 repetiti
3141 3523 3268 3565 sunt
3301 3517 3355 3568 in

1789 3586 1921 3642 Ant.

1859 3654 1971 3725 (90)
2010 3654 2108 3720 Ὦς
2135 3653 2241 3708 τὸν
2267 3653 2357 3719 ἐξ.
2406 3653 2492 3717 Ὠς
2520 3653 2614 3708 καὶ
2645 3653 2737 3706 τὸν
2760 3650 2840 3718 ἓξ,
2873 3650 2934 3707 D.
2970 3651 3021 3705 1.

1860 3725 1973 3805 (91)
2003 3726 2260 3793 Πλευραί
2295 3724 2405 3794 γὰρ
2427 3723 2535 3777 τοῦ
2565 3723 2635 3788 ἐξ
2663 3722 2762 3776 καί
2786 3726 2819 3776 ὀ
2844 3721 2954 3775 δύο
2980 3722 3080 3776 καί
3104 3726 3138 3778 ό
3167 3723 3350 3792 τρεῖς·

1790 3812 1897 3848 του
1920 3796 2017 3848 καί
2044 3793 2501 3862 εἰκοσιτέσσαρα
2529 3795 2561 3847 ὀ
2586 3792 2871 3861 τέσσαρα.
2900 3790 3115 3864 Πλευρά
3134 3795 3242 3865 γάρ
3257 3793 3351 3848 τοῦ

1791 3863 1851 3930 ἒξ
1880 3865 1909 3918 ὁ
1936 3863 2029 3918 δύο
2068 3865 2161 3918 καὶ
2187 3863 2346 3936 τρία·
2377 3862 2470 3916 τοῦ
2500 3862 2557 3915 δὲ
2587 3862 3001 3932 εἰκοσιτέσσαρα
3028 3865 3056 3916 ὁ
3086 3863 3349 3935 τέσσαρα,

1796 3934 1856 3988 D.
1893 3935 1939 3988 1.
1971 3935 2075 3990 Sed
2098 3950 2149 3986 σι
2183 3934 2233 3986 in
2259 3932 2671 4003 εἰκοσιτέσσαρα
2693 3933 2971 3987 insertum.
3000 3931 3216 4004 Πλευρά
3243 3934 3351 4006 γὰρ

1791 4002 1887 4057 τοῦ
1912 4003 1969 4071 ἒξ
1991 4006 2019 4058 ὁ
2044 4003 2136 4058 δύο
2164 4003 2257 4056 καὶ
2279 4005 2308 4057 ὀ
2332 4006 2479 4075 τρεῖς
2496 4019 2511 4033 ·
2541 4002 2636 4056 τοῦ
2661 4002 2717 4055 δὲ
2741 4002 3151 4074 εἰκοσιτέσσαρα
3171 4006 3199 4056 ὁ
3226 4004 3351 4057 τέσ-

1794 4090 1958 4154 σαρα,
1989 4077 2053 4129 Α.
2080 4074 2130 4128 1.
2172 4075 2280 4138 Sic,
2316 4075 2409 4126 sed
2441 4075 2494 4127 in
2531 4074 2635 4128 line
2659 4075 2688 4127 ὁ
2716 4073 2997 4145 τέσσαρες,
3029 4074 3091 4128 A.
3119 4072 3174 4126 2.
3209 4072 3352 4131 Loco

1791 4160 1886 4197 του
1913 4144 2023 4205 καί,
2057 4144 2216 4198 habet
2241 4141 2336 4195 τοῦ
2356 4142 2436 4205 δέ,
2469 4142 2531 4197 N.
2563 4143 2801 4215 Πλευραί
2828 4155 2881 4197 et
2909 4142 3003 4196 τοῦ
3032 4141 3110 4206 δέ,
3136 4140 3271 4198 van.

1887 4214 1978 4283 92)
2019 4214 2094 4268 Τὰ
2127 4213 2244 4283 μὲν
2273 4212 2402 4266 δύο.
2446 4213 2503 4266 Ὀ
2527 4212 2620 4266 δύο
2646 4213 2708 4268 Ν.
2745 4212 2811 4266 Et
2840 4228 2959 4266 mox
2997 4214 3159 4280 idem,
3196 4214 3291 4266 καὶ
3320 4215 3349 4267 ὸ

1792 4299 1824 4337 τ
1886 4302 1941 4349 α,
1976 4285 2188 4419 {gnie-tq
2210 4283 2269 4405 Ιδὲ
2297 4284 2445 4354 τρία.
2479 4283 2738 4354 intellige,
2777 4280 3030 4356 ἀριθμός.
3059 4284 3347 4351 Continuo,

1792 4370 1834 4406 π
1903 4371 1929 4417 ς
1952 4371 1983 4406 τ
2016 4371 2044 4406 ν
2131 4392 2146 4416 ,
2174 4369 2204 4406 ιι
2227 4368 2333 4405 em.

1836 4355 1973 4493 ρ(δ95)
2024 4425 2126 4478 Ἐν
2157 4421 2523 4476 διπλασίονι.
2586 4422 2674 4477 Ἐν
2703 4421 3009 4490 διπλασίου,
3048 4422 3116 4479 A.
3145 4423 3203 4477 2.
3233 4422 3350 4479 Non

1790 4495 1947 4546 male.

1859 4562 1972 4635 (91)
2012 4562 2120 4616 Καὶ
2154 4559 2225 4615 τὰ
2259 4560 2329 4627 ἐξ
2360 4559 2479 4613 τῶν
2511 4558 2704 4628 τριῶν.
2736 4562 2849 4615 Καὶ
2885 4561 2954 4615 τά
2982 4562 3041 4630 ἓξ
3068 4563 3175 4617 τῶν
3200 4565 3348 4637 τρία,

1787 4630 1851 4685 A.
1892 4632 1944 4699 1,
1993 4633 2055 4687 D.
2099 4633 2149 4685 1.
2203 4632 2308 4686 Sed
2354 4634 2406 4683 in
2448 4631 2549 4685 hoc
2578 4629 2704 4702 τρία
2738 4646 2805 4685 ex
2842 4636 3196 4695 correctione,
3225 4650 3349 4688 cnm

1788 4710 1976 4824 :ingenN
1992 4709 2137 4757 esset
2182 4700 2368 4772 τριῶν.
2407 4701 2549 4766 Nox,
2597 4699 2666 4754 τά
2717 4701 2973 4773 σχήματα
3020 4701 3100 4766 δέ,
3149 4705 3350 4757 omisso

1787 4785 1860 4823 κα
1887 4811 1905 4839 ,
1983 4811 1997 4825 .

1882 4839 1971 4910 95)
2013 4842 2187 4908 Ἴσας
2211 4840 2450 4911 γωνίας.
2482 4839 2691 4905 Γωνίιις
2714 4839 2825 4904 ῖσα,
2854 4839 2922 4894 M.
2956 4842 3010 4895 1.

1881 4911 1971 4977 96)
2008 4911 2115 4966 Καὶ
2149 4912 2319 4966 αὐτοὶ
2362 4907 2697 4978 ἀσώματον.
2729 4911 2838 4965 Καὶ
2867 4902 3011 4964 οὗτοι
3036 4909 3347 4981 ἀσώματον,

1788 4978 1852 5032 D.
1882 4983 1935 5042 1,
1972 4982 2036 5035 A.
2070 4981 2123 5036 δ.
2161 4983 2269 5036 Καὶ
2297 4979 2430 5034 αὐτὸ
2460 4978 2750 5051 ἀσώματον
2782 4982 2875 5035 καί
2905 4980 3057 5034 αὐτοὶ
3105 4981 3348 5051 ὀμολογ.,

1789 5047 1853 5102 Ν.
1879 5049 2048 5104 Αὐτοί
2072 5051 2158 5105 vel
2178 5048 2326 5106 οὗτοι
2353 5051 2584 5104 refertur
2600 5051 2666 5104 ad
2687 5051 3003 5106 Cleantltutn
3025 5060 3078 5106 et
3094 5052 3348 5120 reliquos,

1787 5121 1880 5186 qni
1915 5123 1988 5175 ita
2032 5123 2265 5175 animam
2308 5123 2560 5175 dixerunt
2600 5136 2815 5190 corpus.
2855 5122 2987 5176 Con.
3034 5122 3191 5175 habet
3228 5122 3348 5175 1111.

1790 5188 1930 5314 galil.
1963 5192 2087 5259 ipsi.
2147 5191 2288 5256 Mox,
2337 5191 2398 5245 τὸ
2440 5184 2556 5242 teme
2603 5206 2669 5245 cx
2712 5202 2941 5249 cort-eet.
2993 5193 3165 5245 Antea
3212 5191 3347 5256 ἴσον,

1860 5329 1973 5402 (97)
2000 5329 2110 5383 Καὶ
2137 5328 2205 5382 τὸ
2230 5330 2531 5401 ἀνόμοιον.
2560 5328 2635 5381 Τό
2663 5331 2835 5394 abest,
2864 5331 2925 5384 D.
2951 5331 2994 5383 1.
3030 5330 3196 5383 Panlo
3226 5345 3350 5389 ante

1791 5400 1944 5454 deest
1980 5398 2145 5462 οὕτω,
2177 5398 2247 5452 Μ.
2281 5403 2332 5455 1.
3257 5440 3262 5445 -

1860 5469 1972 5540 (98)
1994 5470 2270 5537 Ποιότης.
2293 5472 2497 5525 Ἔστιν
2515 5472 2629 5541 ἄρα
2644 5471 2740 5525 καί
2763 5469 3096 5539 ἀσώματον.
3122 5471 3349 5543 nothe-qe

1791 5538 1955 5592 ἐστίν.
1991 5539 2133 5612 Ἄρα
2157 5541 2251 5593 καὶ
2279 5543 2589 5614 ἀσώματον,
2617 5539 2687 5597 D.
2727 5544 2771 5595 Ι.
2801 5541 2910 5593 Καί
2949 5542 3119 5595 solunt
3151 5545 3348 5596 ontitttt

1790 5608 1855 5662 A.
1889 5611 1940 5664 1.
1969 5609 2104 5663 Con.
2140 5612 2407 5664 reddidit:
2451 5614 2590 5682 Ergo
2623 5624 2670 5665 et
2701 5614 3065 5679 incorpoream
3089 5624 3347 5682 corporee

1791 5678 1960 5733 simile
1993 5689 2040 5733 et
2070 5680 2323 5734 dissimile
2347 5692 2439 5734 ese.
