3725 6125
230 352 340 407 2⁷3

1125 341 1408 400 nomLtA
1450 340 1583 399 vni.
1625 342 1691 396 tx
1730 341 1832 398 SS.
1867 340 2153 401 emaum
2194 343 2279 400 ΕΤ
2324 344 2630 403 PAcht.

3390 347 3500 403 274

242 467 479 543 ριοεως.
518 462 831 517 'fiumen
885 458 998 533 γάρ
1024 458 1205 531 μόνον,
1233 459 1331 514 καὶ
1352 460 1383 513 ό
1408 456 1695 529 ἐγκληθεὶς
1720 455 1825 510 ἀπ·
1853 464 1896 517 Α
1927 458 2141 513 sustulit
2171 498 2187 524 ‚
2254 459 2571 529 praeclarum
2630 458 2835 515 Ciu-isti
2907 460 3159 530 potentia:
3228 460 3501 529 specimen

247 556 475 629 ἐψυξεν.
493 552 663 609 Τοῦτο
680 551 735 607 δέ
748 548 945 624 ἡλίκον
966 550 1139 616 ἐστὶν,
1168 550 1264 605 καὶ
1283 550 1418 621 ὅσην
1437 550 1504 621 τῇ
1529 546 1826 619 Ἐκκλησία

254 648 540 721 ἐνεποίησε
578 646 671 718 τὴν
697 644 994 700 εὐλάδειαν
1014 685 1031 710 ,
1061 645 1123 698 οὐ
1152 641 1428 717 χρῄζομεν
1473 640 1682 711 μαθεῖν.
1722 640 1827 694 Δύο

260 742 375 815 γὰρ
405 743 464 795 ἐν
499 740 573 794 ἐνὶ
608 735 954 809 κατωρθὼθη
975 774 991 800 ,
1018 735 1089 805 τὸ
1133 737 1230 790 καὶ
1256 737 1350 790 τὸν
1395 733 1623 806 Σωτῆρα
1668 731 1824 804 ἡμῶν

268 830 593 903 πιστευθῆναι
618 824 768 884 εἶναι
799 828 956 894 Θεὸν,
979 827 1077 882 καὶ
1105 825 1200 881 τὸν
1221 825 1517 897 παιδευτὴν
1542 824 1651 879 τῶν
1679 823 1826 877 ἐκεί-

269 941 352 979 νου
386 922 583 994 νόμων,
637 919 1064 994 παρεπομένους
1093 917 1236 990 ἔχων
1264 918 1311 950 ⁸⁸
1354 916 1640 985 ἀγγέλους,
1693 912 1830 983 πρὸς

259 1013 346 1084 τὴν
385 1010 647 1085 βούλησιν
701 1008 802 1064 τοῦ
841 1008 1140 1063 ἀποστόλου
1186 1007 1545 1080 ἐνεργοῦντας
1575 1005 1823 1076 ἐτοίμως.

263 1102 537 1175 Ἐθέλησεν
559 1100 930 1173 εὐεργετῆσαι
950 1100 1043 1154 τὸν
1069 1098 1265 1171 χωλὸν,
1293 1098 1390 1152 καὶ
1413 1090 1522 1151 οὐκ
1539 1095 1831 1167 ἐδράδυνεν

243 1196 455 1269 ηχάρις
473 1212 488 1227 ·
517 1193 798 1266 ἐδουληθη
822 1192 1051 1247 κολάσαι
1107 1192 1199 1246 τὸν
1230 1189 1535 1263 ἱερόσυλον,
1570 1190 1667 1243 καὶ
1695 1203 1833 1258 παρ-

234 1286 455 1359 εγένετο
475 1287 512 1358 ἡ
543 1282 817 1358 τιμωρία.

314 1459 506 1514 Ταῦτα
533 1459 699 1515 ίκανά
723 1457 934 1523 λιθίνας
960 1456 1305 1530 καταπλῆξαι
1325 1455 1507 1529 ψυχὰς
1530 1457 1627 1509 καὶ
1649 1457 1836 1510 πεῖσαι

247 1552 521 1625 βιδαίως,
567 1554 647 1618 ὡς
677 1553 785 1607 οὐκ
839 1551 1056 1623 ἀπάτης
1086 1547 1157 1623 ἦν
1193 1550 1263 1605 τά
1303 1550 1526 1623 ῥήματα
1581 1547 1655 1601 τὰ
1689 1546 1838 1619 παρὰ

247 1644 457 1713 Πέτρου
488 1644 790 1715 λεγόμενα·
827 1643 964 1699 ἀλλά
989 1642 1127 1707 Θεὸς
1153 1638 1223 1715 ἦν
1249 1641 1467 1713 ἀληθῶς
1494 1639 1613 1712 μετ’
1646 1637 1837 1704 αὐτοῦ,

255 1736 353 1788 καὶ
372 1735 530 1803 ἀγιον
557 1736 777 1806 ὑπῆρχε
797 1735 894 1789 καὶ
921 1734 1143 1806 ἀληθὲς,
1161 1733 1226 1787 τὸ
1255 1734 1554 1805 μυστήριον
1577 1730 1606 1783 ὃ
1629 1730 1833 1800 κατηγ-

263 1823 445 1892 γελλε.
477 1825 589 1877 Καὶ
617 1824 777 1878 τοῦτο
794 1825 854 1879 δέ
880 1826 1166 1896 προσέχειν
1192 1826 1508 1896 ἀναγκαῖον,
1538 1822 1622 1877 δτι
1651 1821 1713 1875 τὸ
1738 1820 1839 1892 μὲν

271 1914 367 1967 ἐπὶ
410 1913 657 1986 τιμωρίᾳ
700 1915 796 1967 καὶ
843 1915 1000 1985 φόνῳ
1041 1917 1285 1986 σημεῖον,
1337 1914 1486 1979 ἀπαξ
1536 1910 1691 1983 παρὰ
1741 1908 1839 1963 τοῦ

269 2004 571 2059 ἀποστόλου
609 2002 707 2057 διὰ
745 2003 845 2076 τὴν
896 2005 1088 2077 χρείαν
1120 2005 1404 2075 γεγένηται
1423 2020 1439 2036 ·
1478 2004 1567 2058 ίνα
1594 2006 1707 2066 τοὶς
1739 2018 1847 2055 κα-

271 2095 385 2160 κῶς
422 2095 915 2168 προαιρουμένοις,
948 2096 1049 2167 τῆς
1077 2094 1399 2165 κολαστικῆς
1429 2093 1707 2164 δυνάμεως
1738 2108 1843 2143 πα-

270 2187 547 2259 ράσχηται
579 2186 682 2259 τὴν
712 2186 1025 2254 ἀπόδειξιν·
1057 2184 1129 2239 τά
1170 2184 1229 2238 δέ
1255 2183 1365 2237 τῶν
1393 2182 1708 2255 εὐεργεσιῶν
1750 2183 1853 2237 καὶ

264 2281 377 2335 τῶν
412 2280 649 2343 ίάσεων,.
667 2278 793 2333 καθ’
823 2277 1037 2349 ἡμέραν
1065 2276 1160 2330 καὶ
1191 2275 1428 2347 συνεχῶς
1449 2274 1685 2328 ἐπετέλει
1704 2291 1718 2305 ·
1752 2274 1846 2327 καὶ

259 2370 536 2442 τοσαύτης
562 2369 718 2440 αὐτῷ
750 2368 952 2441 περιῆν
985 2367 1210 2440 τῆς.τοῦ
1249 2365 1565 2439 θεραπεύειν
1593 2364 1845 2430 εὐκολίας

260 2463 355 2517 καὶ
386 2461 630 2533 χάριτος,
660 2458 806 2513 ὥστε
829 2458 1008 2522 οὐδεὶς
1037 2454 1348 2529 προσελθὼν
1369 2456 1478 2511 τῶν
1507 2453 1850 2527 ἀρρωστούν-

257 2570 365 2607 των
397 2550 622 2606 άνέλυεν
661 2547 928 2620 ψευσθεὶς
960 2547 1061 2618 τῆς
1103 2546 1339 2612 ἐλπίδος,
1368 2546 1485 2601 ἀλλ’
1531 2548 1718 2619 ἄρτιος
1751 2546 1848 2600 καὶ

261 2642 420 2714 ὑγιὴς
448 2642 544 2695 ἐπὶ
569 2640 671 2713 τὴν
703 2639 887 2694 οἰκίαν
919 2637 1104 2709 ἀπῄει.
1136 2640 1249 2692 Καὶ
1278 2641 1388 2703 πᾶς
1417 2640 1584 2704 τόπος
1609 2639 1709 2708 τῆς
1748 2638 1847 2691 Ἰε-

269 2733 552 2808 ρουσαλὴμ
580 2732 708 2787 ἱνθα
737 2731 949 2806 Πέτρος
980 2730 1253 2799 ἐφαίνετο,
1273 2732 1364 2786 τὸν
1388 2731 1624 2804 Χριστὸν
1645 2729 1845 2784 ἐλάλει·

273 2826 372 2881 καὶ
405 2826 469 2879 es
496 2823 698 2895 πλῆθος
728 2819 873 2894 εἶχεν
909 2821 1342 2878 ἀκολουθούντων
1385 2822 1685 2895 ἀρρώστων
1710 2864 1724 2888 ,
1757 2823 1852 2877 καὶ

280 2918 507 2989 θέατρον
530 2915 651 2973 καθ’
677 2915 888 2990 ἡμέραν
905 2915 1209 2989 παράδοξον
1230 2916 1296 2969 ἐκ
1319 2915 1490 2987 δήμου
1518 2915 1846 2986 συμμίκτου·

277 3010 386 3065 τῶν
427 3010 527 3081 μέν
562 3007 940 3080 συναγομένων
957 3046 975 3074 ,
1017 3007 1105 3061 ἵνα
1156 3005 1268 3061 τῶν
1319 3006 1620 3079 όχλούντων
1664 3006 1851 3061 κακῶν

1926 549 2114 604 edens.
2170 549 2401 606 Tantum
2458 550 2602 606 enim
2655 550 2853 622 ohjccit
2890 552 3100 607 eritnen
3123 594 3139 619 ,
3176 552 3339 623 inque
3373 552 3504 608 illud

1927 653 2149 697 vocatus
2198 642 2360 698 homo
2406 643 2720 713 exspiravit.
2755 641 2867 699 lloc
2913 659 3043 700 vero
3097 656 3359 715 quantum
3405 645 3504 713 sit,

1926 743 2296 802 quantamque
2333 733 2585 789 Ecclesiae
2623 735 2979 790 reverentiam
3028 750 3092 789 ac
3135 745 3337 790 metum
3363 736 3502 806 inie-

1928 824 2087 887 cerit,
2123 826 2262 878 haud
2292 839 2426 895 opus
2455 827 2638 881 doceri
2672 826 2986 882 habeamus.
3042 827 3155 882 Duo
3199 828 3399 898 quippe
3426 830 3502 885 si-

1930 914 2039 970 mul
2064 914 2299 971 confecit
2325 956 2342 981 ,
2380 925 2440 970 ut
2470 918 2746 986 nimirum,
2780 934 2902 974 cum
2937 917 3185 975 Salvator
3217 918 3357 975 Deus
3379 934 3502 975 esse

1930 1005 2292 1073 crederetur;
2347 1016 2459 1063 tum
2501 1008 2693 1078 utejus
2724 1011 2930 1067 doctori
2969 1009 3146 1082 legum
3187 1010 3380 1065 adesse
3406 1026 3504 1065 co·

1932 1098 2094 1155 mites
2120 1100 2373 1171 angelos,
2412 1102 2503 1170 qui
2529 1111 2779 1173 prompte
2810 1112 2868 1157 ut
2916 1103 3192 1174 apostolus
3226 1104 3508 1166 voluisset,

1932 1204 2381 1263 exsequerentur.
2424 1194 2601 1250 Voluit
2636 1194 2827 1251 claudo
2872 1195 3193 1251 beneficium
3227 1206 3505 1266 praestare.

1934 1284 2178 1356 nihilque.
2231 1288 2403 1355 gratia
2451 1285 2716 1355 tardavit;
2744 1288 2910 1345 voluit
2942 1288 3136 1358 punire
3166 1288 3509 1357 sacrilegum,

1936 1391 2171 1447 moxque
2198 1392 2354 1449 poena
2387 1388 2583 1449 praesto
2605 1379 2724 1436 luit.

2007 1469 2173 1524 Erant
2216 1471 2330 1526 haec
2368 1472 2610 1540 abunde,
2657 1483 2717 1528 ut
2751 1473 2834 1529 vei
2868 1473 3106 1544 lapideas
3146 1481 3356 1529 mentes
3395 1479 3512 1527 stu-

1938 1573 2069 1628 pore
2101 1560 2379 1617 afficerent
2407 1602 2423 1631 ,
2478 1572 2788 1634 certamque
2814 1565 3036 1620 onmino
3067 1563 3306 1618 iacerent
3332 1562 3512 1626 tidem,

1938 1650 2140 1706 nullam
2192 1651 2335 1708 Petri
2385 1654 2543 1709 verba
2598 1655 2798 1712 habere
2833 1656 3237 1725 deceptionen13
3266 1654 3359 1710 sed
3388 1668 3514 1707 vere

1943 1740 2109 1797 Deum
2137 1758 2257 1799 cum
2300 1745 2416 1816 ipso
2445 1762 2604 1814 esse,
2643 1758 2997 1820 sanctumque
3035 1764 3099 1805 ac
3126 1748 3353 1802 veritate
3408 1746 3512 1800 tui·

1946 1846 2084 1902 tum,
2109 1839 2251 1909 quod
2277 1842 2633 1898 annuntiabat
2657 1854 3078 1906 sacramentum,
3101 1842 3382 1899 exsistere.
3407 1839 3517 1895 Sed

1946 1936 1997 1982 ct
2022 1930 2124 1982 hoc
2160 1934 2503 1987 attendamus
2534 1947 2812 1988 necessum
2844 1936 2961 2001 sit;
2992 1933 3119 1988 illud
3163 1933 3377 2003 quidem
3421 1946 3519 2001 pu-

1947 2019 2140 2074 niendo
2181 2035 2246 2075 ac
2292 2036 2477 2075 necem
2539 2024 2857 2091 inserendo,
2912 2025 3080 2081 semel
3140 2025 3401 2080 duntaxat
3451 2024 3519 2077 ab

1956 2108 2199 2181 apostolo
2222 2126 2318 2166 usu
2353 2113 2614 2169 suadente
2641 2117 2850 2183 signum
2892 2124 3208 2183 usurpatum
3241 2129 3380 2179 esse,
3413 2128 3522 2184 quo

1948 2204 2033 2269 iis,
2063 2203 2153 2274 qui
2186 2202 2323 2258 mala
2369 2213 2547 2259 essent
2574 2204 2881 2270 voluntate,
2908 2206 3204 2274 castigandi
3240 2206 3521 2274 potestatis

1946 2295 2218 2366 specimen
2253 2294 2573 2361 exhiberem
2615 2294 2876 2350 beneficia
2926 2305 3108 2349 autem
3143 2311 3205 2350 ac
3235 2296 3519 2359 sanitates.

1948 2387 2186 2458 qnotidie
2215 2402 2280 2441 ac
2305 2386 2507 2457 jugiter
2557 2388 2870 2457 pra·stitisse
2902 2407 2915 2443 :
2948 2395 3205 2457 tantaque
3262 2393 3381 2440 erat
3426 2400 3522 2440 cn-

1950 2478 2103 2533 randi
2136 2492 2200 2533 ac
2240 2478 2428 2548 gratia:
2484 2476 2745 2543 facilitas,
2790 2489 2847 2531 ut
2894 2492 3051 2533 nemo
3090 2485 3329 2545 aegrotus
3364 2491 3524 2531 acce-

1951 2562 2108 2628 dens,
2132 2578 2227 2632 spe
2248 2579 2342 2618 sua
2367 2562 2655 2619 frustratus
2681 2565 2891 2628 abiret,
2914 2562 3008 2618 sed
3033 2563 3242 2631 integer
3264 2578 3327 2618 ac
3358 2578 3522 2617 sanus

1951 2654 2168 2710 domum
2216 2664 2599 2711 reverteretur.
2647 2653 2905 2724 Quisquis
2954 2669 3085 2709 vero
3140 2653 3527 2726 ilici-osolymis

1950 2743 2173 2800 Petrum
2197 2743 2347 2801 locus
2373 2744 2628 2812 habebat,
2661 2745 2707 2801 is
2732 2743 3009 2800 Christum
3036 2744 3355 2815 loquebatur
3378 2762 3394 2811 ;
3424 2744 3525 2800 ha·

1953 2836 2221 2908 bebatque
2250 2847 2565 2909 sequentem
2606 2840 2947 2894 intirmorum
2999 2838 3435 2903 multitudinem,
3464 2852 3530 2892 ac

1954 2928 2200 2985 mirabile
2249 2929 2441 2986 diebus
2484 2931 2713 2999 singulis
2749 2931 3068 3000 promiscum
3106 2928 3274 2999 plebis
3319 2937 3528 2998 specta·

1955 3023 2171 3092 culum;
2209 3024 2548 3096 congregatis
2600 3023 2720 3079 aliis
2770 3022 3071 3095 quaerendae
3115 3035 3279 3077 causa
3326 3018 3525 3078 libera-

273 3101 660 3171 ἅπαὶλαῖῶσῑν
694 3099 801 3155 τῶν
832 3100 923 3167 δὲ·
957 3101 1047 3155 ἵνα
1074 3100 1202 3166 τοὺς
1230 3099 1700 3173 θεραπευομένους
1737 3101 1854 3155 θεά·
1879 3127 1921 3185 c
1956 3115 2119 3170 tionis
2171 3129 2204 3169 a
2255 3114 2518 3170 malorum
2550 3113 2820 3181 molestia;
2852 3115 2970 3169 aliis
3022 3129 3180 3177 vero,
3223 3120 3290 3168 ut
3326 3112 3525 3181 imper.-

278 3212 500 3250 σωνται.
533 3193 695 3249 Οὕτω
753 3210 837 3248 τοι
877 3193 1101 3247 κάκεῖνο
1131 3192 1261 3263 περὶ
1292 3191 1388 3245 τοῦ
1461 3192 1757 3246 ἀποστόλου
1787 3193 1851 3246 τὸ

268 3285 588 3358 θαυμαστὸν
633 3285 1050 3358 ἀναγέγραπται
1071 3326 1085 3351 ,
1119 3284 1148 3337 ὃ
1176 3285 1263 3338 ἐπ’
1312 3283 1487 3339 οὐδενὶ
1533 3284 1640 3338 τῶν
1677 3284 1850 3339 ἄλλων

268 3377 489 3449 ἐλέχθη,
517 3377 600 3431 δτι
625 3376 683 3429 oi
704 3377 1008 3445 συγγενεῖς,
1034 3375 1129 3428 καὶ
1152 3375 1205 3429 ol.
1228 3374 1342 3430 τῶν
1374 3373 1743 3430 ἀσθενούντων
1772 3376 1851 3428 ol-

270 3472 433 3533 κεῖοι,
460 3468 655 3541 ἔφερον
686 3467 889 3532 αὐτοὺς
918 3467 1014 3521 ἐπὶ
1042 3464 1244 3521 κλινῶν
1271 3465 1528 3538 δημοσίᾳ,
1557 3465 1658 3519 ἵνα
1685 3465 1851 3534 ἐρχο-

268 3560 461 3631 μένου
486 3558 735 3628 Πέτρου,
756 3554 878 3613 κᾶν
900 3563 941 3627 ἡ
960 3557 1105 3612 σκιὰ
1131 3556 1457 3626 execution
1492 3557 1606 3610 nrt
1632 3557 1849 3612 αὐτῶν.

276 3651 455 3707 Τοῦτο
488 3651 585 3723 μὶν
618 3646 710 3704 οὖν
747 3652 930 3723 μεῖζον
978 3651 1072 3704 καὶ
1119 3651 1227 3704 τῶν
1268 3651 1600 3705 δεσποτικῶν
1645 3652 1854 3723 θαυμα-

292 3743 430 3797 σὶωι
449 3755 465 3771 ·
497 3731 593 3794 καῖ
615 3743 645 3795 ὁ
665 3741 835 3807 δοῦλος
857 3743 1185 3812 εὐφημείται
1209 3743 1346 3815 ὺπέρ
1372 3743 1464 3796 τὸν
1494 3741 1714 3815 Κύριον.
1745 3745 1854 3797 Καὶ

293 3833 444 3902 τάχα
465 3833 524 3886 ἐν
538 3831 701 3906 τούτῳ
715 3834 786 3906 τῷ
805 3835 1017 3906 σημείῳ
1039 3834 1450 3906 συμπληροῦται
1473 3837 1506 3906 ἡ
1529 3837 1853 3908 προφητεία,

302 3923 372 3995 ἢν
405 3926 434 3978 ό
459 3924 643 3998 Σωτὴρ
668 3927 804 3998 πρὸς
832 3927 961 3989 τοὺς
992 3925 1242 3996 μαθητὰς
1277 3927 1603 3999 ἐποιήσατο·
1657 3926 1855 3997 Ἀμὴν,

289 4014 454 4084 ἀμὴν
494 4014 652 4086 λέγω
681 4016 856 4086 ὑμῖν·
891 4016 954 4070 ‘0
992 4017 1294 4070 πιστεύων
1337 4019 1425 4082 είς
1451 4016 1558 4086 ἐμὲ
1577 4057 1590 4078 ,
1619 4017 1691 4072 τὰ
1715 4019 1860 4089 ἔργα

285 4104 329 4160 12
349 4105 471 4175 ἐγὼ
497 4103 668 4171 ποιῶ,
719 4106 998 4173 κάκεῖνος
1028 4105 1290 4172 ποιήσει,
1336 4106 1436 4161 xat
1462 4105 1702 4176 μείζονα
1725 4110 1859 4162 τού-

285 4214 408 4251 των
445 4195 703 4264 ποιήσει.
752 4196 922 4250 Τοῦτο
951 4198 1009 4251 δὲ
1046 4198 1173 4253 ὃταν
1215 4196 1357 4265 λέγω
1377 4237 1392 4261 ,
1426 4197 1488 4250 οὐ
1544 4197 1636 4252 τὸν
1672 4198 1861 4253 δοῦλον

285 4288 367 4362 τῷ
413 4289 660 4362 Δεσπότῃ
706 4289 998 4361 συγκρίνω.
1084 4291 1297 4358 Ἄπαγε
1321 4291 1333 4343 !
1406 4291 1750 4362 Μαινομένου
1799 4290 1861 4344 τὸ

287 4382 472 4455 νόημα
488 4398 504 4414 ·
547 4381 662 4436 ἀλλ’
705 4382 793 4435 δτι
815 4382 905 4435 διὰ
925 4382 1034 4435 τῶν
1059 4381 1252 4435 ἑαυτοῦ
1284 4380 1632 4450 θεραπόντων
1657 4381 1686 4434 ό
1705 4381 1859 4447 Θεὸς,

1957 3207 2153 3263 tiendae
2206 3207 2453 3263 sanitatis
2499 3215 2834 3277 spectatores
2891 3215 3094 3265 essent.
3153 3205 3247 3261 Sic
3297 3218 3528 3272 namque

1956 3296 2127 3352 etiam
2172 3296 2304 3353 illud
2332 3297 2584 3353 mirabile
2628 3295 2697 3352 de
2732 3297 2980 3367 apostolo
3022 3294 3385 3363 conscriptum
3424 3301 3545 3358 est,.

1957 3385 2025 3440 de
2049 3386 2240 3455 quovis
2266 3389 2375 3443 alio
2399 3387 2696 3442 inauditum
2718 3427 2733 3453 ,
2775 3396 2831 3441 ut
2876 3387 3155 3449 nimirum,
3188 3384 3526 3437 infirmorum

1960 3478 2172 3544 cognati
2203 3492 2265 3531 ac
2298 3479 2603 3541 ‹ioinestici,
2634 3480 2841 3547 publice
2880 3492 2974 3533 eos
3008 3478 3059 3530 iu
3104 3476 3256 3530 lectis
3293 3488 3528 3543 expone·

1963 3572 2119 3629 rent,
2176 3574 2231 3618 ut
2304 3567 2531 3621 veniente
2583 3566 2741 3621 Petro
2801 3567 2984 3620 umbra
3045 3565 3189 3618 illius
3248 3563 3527 3618 obumbra-

1966 3667 2043 3710 ret
2085 3673 2394 3727 quemquam
2443 3657 2649 3710 illorum
2691 3657 2738 3689 ⁸⁸
2776 3675 2789 3710 ε
2841 3672 3002 3726 porro
3047 3656 3148 3710 hoc
3194 3655 3368 3725 majus
3413 3665 3525 3710 erat

1963 3749 2259 3805 Dominicis
2323 3749 2632 3815 miraculis,
2686 3749 2927 3816 adeoque
2996 3762 3185 3802 servus
3241 3745 3528 3801 celebr-ioli

1965 3857 2073 3911 prae
2127 3842 2352 3897 Domino
2394 3840 2534 3895 sama
2577 3840 2825 3897 liabetur.
2856 3840 2934 3894 Ac
2972 3839 3109 3893 torte
3147 3839 3197 3892 in
3226 3839 3378 3908 signo
3420 3837 3529 3891 istu

1964 3933 2283 4004 completur,
2327 3948 2485 4002 quam
2524 3931 2772 3988 Salvator
2799 3931 3132 4002 prophetiam
3178 3930 3245 3985 ad
3294 3930 3531 3998 discipu·

1966 4023 2048 4079 los
2076 4037 2158 4078 est
2192 4023 2404 4081 locutus
2432 4042 2445 4080 :
2486 4024 2679 4088 Amen,
2717 4040 2869 4078 auten
2896 4024 3013 4077 dico
3043 4021 3217 4088 vobis,
3247 4022 3336 4088 qua·
3368 4021 3533 4076 credit

1967 4118 2024 4169 in
2053 4132 2151 4182 me,
2177 4131 2334 4185 opera
2371 4132 2488 4185 quoe
2518 4131 2610 4186 eqo
2636 4113 2794 4183 facio,
2825 4125 2872 4168 et
2901 4114 3009 4182 ipse
3037 4114 3217 4182 saciet,
3245 4120 3291 4165 et
3326 4111 3548 4180 niujam-

1969 4206 2153 4260 horum
2178 4207 2333 4277 [eiciet
2364 4206 2430 4261 ⁸⁸.
2462 4205 2594 4262 Cum
2622 4215 2799 4260 autem
2847 4205 2946 4260 hoc
2978 4205 3095 4259 dico
3118 4242 3133 4268 ,
3159 4203 3377 4257 minime
3401 4215 3534 4272 gen-

1969 4297 2100 4352 tium
2137 4312 2350 4353 servum
2399 4313 2520 4353 cum
2557 4297 2783 4353 Domino
2824 4311 3096 4367 comparo.
3150 4294 3414 4365 Apagesis
3444 4293 3529 4347 iu·

1971 4389 2142 4444 rentis
2177 4405 2428 4455 sensumg
2480 4389 2573 4445 sed
2625 4390 2810 4454 Deum,
2865 4389 2956 4458 qui
3004 4402 3104 4456 per
3146 4385 3372 4440 fatttulos
3406 4397 3546 4440 suos

287 4475 388 4546 τὴν
413 4473 610 4528 ἕαυτῠῦ
635 4473 863 4544 δύναμιν
891 4472 1314 4543 ἐνδεικνύμενος,
1347 4471 1535 4524 Οὐδένα
1560 4470 1667 4524 τῶν
1691 4471 1868 4544 μαθη·
1899 4490 1943 4544 1)
1969 4485 2218 4552 potentia²
2258 4497 2367 4535 suae
2410 4480 2677 4551 specimen
2722 4482 2847 4535 cdat
2875 4520 2890 4544 .
2948 4479 3151 4532 nullutn
3191 4492 3222 4532 e
3255 4477 3534 4546 discipulis

288 4565 425 4630 τῶν,
453 4566 530 4630 ὡς
562 4567 790 4638 Πέτρον,
822 4568 942 4629 ταῖς
972 4563 1127 4628 ἰδίαις
1154 4563 1379 4634 δωρεαῖς
1406 4561 1868 4633 κατεπλούτησεν·

291 4657 427 4712 ἀλλά
453 4660 550 4712 καὶ
571 4660 788 4714 πάντων
808 4659 972 4712 αὐτὸν
996 4656 1324 4728 προύθηκεν,
1347 4654 1567 4724 ὑψώσας
1584 4656 1705 4717 ταῖς
1727 4653 1864 4708 ἀνω·

293 4750 385 4806 θεν
411 4751 662 4823 δωρεαῖς·
693 4752 788 4805 καὶ
804 4750 992 4823 ὥσπερ
1014 4747 1231 4819 πρῶτος
1253 4745 1521 4818 μαθητὴς,
1543 4744 1636 4797 καὶ
1665 4741 1863 4814 μείζων

290 4841 404 4897 τῶν
421 4842 666 4913 ἀδελφῶν
690 4843 784 4896 ἐπὶ
809 4841 909 4912 τῆς
937 4840 1132 4911 πείρας
1153 4837 1260 4891 τῶν
1284 4834 1626 4908 πραγμάτων
1649 4833 1862 4905 ἐδείχθη

292 4935 361 5004 τῇ
389 4931 612 5004 δυνάμει
638 4930 735 4986 τοῦ
765 4928 1102 4999 Πνεύματος.
1131 4926 1355 4998 Πρῶτος
1382 4923 1586 4994 ἐκλήθη
1608 4962 1623 4986 ,
1650 4922 1746 4976 καὶ
1770 4939 1866 4976 τα·

293 5024 434 5095 χέως
463 5025 775 5096 ὑπήκουσε·
811 5021 948 5094 πρὸς
982 5020 1098 5082 τοῖς
1122 5017 1388 5088 αἰγιαλοῖς
1421 5012 1665 5086 εὑρεθεὶς
1695 5015 1754 5067 ἐν
1789 5012 1867 5083 τῷ

296 5112 601 5186 ταραχώδη
647 5111 745 5167 τοῦ
778 5111 987 5181 κόσμου
1031 5107 1242 5180 χωρίῳ,
1279 5108 1307 5160 ό
1348 5107 1460 5168 τοῖς
1493 5101 1738 5173 κύμασιν
1778 5102 1867 5155 ἀεὶ

302 5207 394 5278 τῆς
417 5205 775 5278 ἀνθρωπικῆς
808 5202 974 5273 ζάλης
1006 5198 1494 5272 περιψοφούμενος,
1525 5193 1867 5248 ἀδιάλειπτον

296 5297 410 5368 ἔχει
437 5297 539 5369 τὴν
576 5296 790 5367 βοιῖισαν
830 5294 959 5366 περὶ
990 5291 1089 5355 τὰς
1123 5292 1310 5360 ἠϊόνας
1339 5289 1525 5358 εὐχήν.
1561 5285 1781 5358 Πρῶτος
1808 5286 1867 5337 ἑν

295 5387 642 5461 Χριστιανοῖς
686 5386 799 5440 τῶν
838 5384 1115 5454 κοσμικῶν
1162 5380 1300 5434 ὑλῶν
1331 5378 1737 5450 κατεφρόνησε,
1770 5377 1867 5431 καὶ

289 5479 403 5536 τῶν
429 5481 491 5535 ἐν
528 5480 658 5533 ποσὶ
695 5477 912 5531 πάντων
953 5472 1255 5546 ὑπεριδὼν,
1287 5471 1424 5542 πρὸς
1465 5471 1532 5524 τά
1565 5469 1729 5540 νοητά
1771 5469 1864 5522 καὶ

294 5571 645 5644 ὑττερκόσμια
677 5567 1018 5640 μετετάξατο.

362 5773 408 5807 ⁸⁸
451 5771 580 5843 ch.
616 5771 826 5842 ἔχοντα.
903 5771 945 5802 ⁸⁸
979 5769 1098 5826 Act.
1132 5785 1183 5837 v,
1223 5767 1302 5822 ¹5.
1378 5767 1423 5797 ⁸⁸
1448 5763 1602 5821 Juan.
1631 5780 1738 5833 xiv,
1772 5764 1857 5819 ¹2.

1970 4574 2082 4628 suis
2153 4570 2371 4641 perinde
2414 4585 2478 4624 ac
2530 4568 2747 4624 Petrum
2801 4571 3117 4625 muneribus
3176 4569 3536 4638 locupletasse

1971 4663 2255 4734 pronuntio
2282 4661 2448 4733 :quin
2482 4661 2729 4732 supernis
2756 4663 3041 4717 sublimem
3065 4659 3313 4717 effectum
3349 4659 3540 4726 donis,

1969 4755 2235 4810 universis
2287 4771 2412 4810 eum
2470 4752 2789 4825 praetulisse.
2838 4753 2927 4812 Uti
2961 4768 3088 4810 vero
3143 4750 3536 4822 discipulorum

1970 4843 2259 4912 primatum
2288 4851 2467 4910 tenet;
2502 4841 2671 4912 major
2699 4856 2913 4912 quoque
2944 4842 3083 4897 inter
3106 4839 3302 4896 fratres
3350 4852 3536 4894 rerum

1968 4935 2336 5001 experimento
2374 4946 2471 5002 per
2522 4930 2755 5003 Spiritus
2783 4931 2958 4986 sancti
2989 4930 3241 4985 virtutem
3282 4935 3543 4985 ostensus

1968 5027 2069 5073 est.
2105 5017 2319 5075 Primus
2366 5029 2624 5085 vocatus,
2656 5019 2761 5073 cito
2813 5015 3102 5072 obsecutus
3143 5023 3260 5081 est,
3306 5029 3429 5072 cum
3478 5015 3532 5071 in

1968 5108 2186 5175 littore,
2235 5108 2291 5163 in
2329 5106 2509 5161 mundi
2556 5106 2673 5161 loco
2718 5120 2914 5176 aspero
2968 5105 3218 5161 inventus
3269 5112 3434 5159 esset.
3481 5103 3534 5158 is

1972 5213 2203 5267 tuamque
2262 5197 2508 5252 humanae
2535 5211 2658 5252 eum
2688 5191 3020 5266 tempestatis
3053 5194 3252 5267 jugiter
3298 5194 3536 5251 circum·

1972 5284 2337 5354 strepentibus
2364 5282 2612 5339 fluctibus
2630 5322 2644 5347 ,
2690 5284 3003 5338 continuum
3031 5283 3175 5337 circa
3201 5278 3386 5337 littora'
3411 5296 3537 5351 pre·

1973 5387 2096 5428 cum
2136 5372 2425 5428 clamorem
2459 5388 2523 5428 ac
2557 5381 2675 5427 rota
2710 5372 2891 5427 habet.
2935 5371 3149 5427 Primus
3192 5371 3337 5427 inter
3376 5370 3535 5426 Chri·

1972 5463 2178 5517 stianos
2225 5463 2406 5517 soeculi
2456 5478 2545 5519 res
2582 5461 2818 5533 sprevit,
2868 5461 3247 5533 despectisque
3288 5459 3538 5517 omnibus

1974 5571 2093 5624 quae
2115 5554 2168 5609 in
2196 5554 2420 5623 pedihus
2452 5570 2515 5610 ac
2547 5554 2811 5610 mundana
2841 5562 2985 5618 sunt,
3010 5555 3244 5609 studium
3272 5553 3532 5607 animum-

1977 5660 2078 5714 que
2108 5645 2171 5701 ad
2198 5645 2460 5714 spiritalia
2493 5659 2554 5700 ac
2588 5642 2825 5699 coelcstia
2858 5642 3115 5698 traduxit.
