3725 6125
172 331 272 386 tus

1213 325 1487 380 ttotttma
1520 325 1561 391 l,
1607 324 1690 379 DE
1731 321 1958 381 ntvlTF:
1992 322 2077 380 ET
2109 324 2403 381 LAzAttO.

3316 343 3423 398 ἱθθ

163 443 320 496 καῖον
346 438 445 493 καὶ
477 435 622 506 φ’·ιλον
650 432 709 487 τδ
734 434 805 503 τῇ
828 431 986 504 χρείᾳ
1010 431 1117 485 τῶν
1144 433 1463 502 ἀναγκαίων
1488 435 1587 505 τήν
1624 434 1753 505 χρῆ·
1779 447 1830 499 Α
1867 449 1928 489 ac
1958 434 2118 505 frugi,
2170 436 2445 506 propt-inin
2490 449 2554 492 ac
2612 435 2880 498 familiare
2930 455 3034 516 est,
3084 461 3205 504 rum
3244 466 3424 512 rerum

170 548 263 584 σιν
297 527 540 598 μετρεῖν·
586 524 809 592 φεύγειν
834 521 894 575 ct
921 520 1023 593 τῆς
1065 523 1298 594 ματαίου
1325 523 1629 592 κενοδοξίας
1659 526 1751 579 τὸν

176 619 474 691 συρφετὸν,
496 617 694 690 καίτήν
713 616 916 674 πλάνον
941 619 963 650 ⁸
985 616 1282 691 διαγωγὴν,
1315 618 1391 683 ῶς
1422 618 1619 683 κακίας
1646 637 1753 690 μη-

178 711 346 783 τερα.
388 709 487 763 Καὶ
510 708 592 762 ἵνα
618 708 953 780 σαφίστερον
978 707 1144 763 αὐτοῦ
1166 708 1358 763 τούτου
1400 707 1494 763 τοῦ
1527 709 1752 781 λεγομέ-

186 818 287 855 νου
332 797 419 871 τήν
448 798 678 871 δύναμιν
729 798 1157 871 καταμάθωμεν,
1202 802 1237 871 ή
1273 799 1381 853 τῶν
1440 799 1750 871 ἐνδυμάτων

192 892 368 963 πρώτη
405 889 797 963 διαγνωσθήτω
824 891 1046 962 χρῆσις,
1081 889 1242 963 μέχρι
1277 891 1444 945 πόσου
1487 891 1583 945 καὶ
1607 890 1750 956 τίνος

186 980 680 1054 παραληφθήσεται,
710 983 857 1056 ὅροις
885 984 980 1037 καὶ
1007 982 1196 1037 κανόσι
1236 982 1749 1056 περιλαμδανομένη

175 1070 429 1144 σώφροσι.
464 1072 534 1126 Τί
559 1072 741 1127 τοίνυν
770 1075 800 1128 ὸ
822 1074 918 1128 τοῦ
950 1072 1162 1128 δικαίου
1194 1075 1360 1147 νόμος
1386 1075 1572 1148 φησίν·
1611 1075 1754 1147 Πρό-

164 1161 325 1218 δατον
360 1163 392 1215 ό
421 1163 559 1228 Θεὸς
598 1163 813 1218 ἔκτισεν
863 1163 1097 1237 εὖκομον
1127 1165 1229 1237 τὴν
1257 1165 1442 1237 δοράν,
1491 1169 1586 1221 καὶ
1641 1168 1752 1231 τοῖς

162 1254 391 1326 μαλλοῖς
417 1254 841 1326 εύθηνούμενον·
873 1256 1029 1311 τοῦτο
1070 1255 1272 1322 λαδὼν,
1313 1258 1629 1329 ἀπόκειρον,
1657 1258 1752 1312 καὶ

156 1348 287 1411 δοὺς
306 1348 576 1420 ὑφαντικῇ
589 1347 754 1420 τέχνῃ
779 1349 879 1422 τὴν
902 1349 1053 1419 ὓλην,
1072 1347 1279 1420 χιτῶνα
1302 1348 1483 1422 σαυτῷ
1512 1350 1608 1404 καὶ
1626 1350 1753 1421 ίμά-

156 1454 278 1493 τιον
301 1436 733 1506 κατασκεύασον,
761 1440 911 1503 ὅπως
936 1438 1002 1493 ἂν
1026 1439 1329 1515 διαφεύγῃς
1356 1438 1627 1511 χειμῶνος
1662 1457 1755 1493 τα·

163 1529 493 1603 λαιπωρίαν.
516 1530 611 1585 καὶ
656 1530 760 1600 τῆς
787 1530 1016 1601 ζεούσης
1048 1532 1266 1596 ἀκτῖνος
1291 1530 1496 1603 βλάδην
1520 1530 1561 1586 ⁸.
1593 1531 1657 1585 Et
1695 1531 1752 1585 δέ

166 1639 253 1676 σοι
300 1623 396 1675 καὶ
429 1621 769 1693 κουφοτέρας
813 1622 1039 1692 ἐσθῆτος
1085 1621 1245 1694 χρεία
1289 1621 1432 1677 κατὰ
1484 1620 1581 1692 τήν
1604 1621 1753 1694 ῶραν

164 1707 266 1761 τοῦ
300 1708 516 1780 θέρους,
566 1708 770 1762 ἔδωκεν
804 1710 834 1764 ό
863 1708 995 1773 Θεὸς
1016 1709 1112 1763 τοῦ
1146 1711 1295 1765 λίνου
1317 1709 1416 1779 τὴν
1445 1710 1644 1783 χρῆσιν
1674 1712 1754 1774 είς

174 1798 521 1869 πλατυτέραν
553 1798 869 1851 ἀπόλαυσιν·
891 1800 982 1852 καί
1018 1815 1100 1854 σοι
1149 1802 1348 1872 ῥᾷστον
1375 1799 1587 1854 ἐκεῖθεν
1614 1800 1750 1871 κτή-
1783 1785 1826 1844 Β

181 1887 384 1941 σασθαι
439 1888 647 1959 σκέπην
697 1889 1022 1959 εὐσχήμονα,
1065 1890 1431 1960 ἀμφιεννῦσαν
1473 1889 1612 1962 όμοῦ
1658 1890 1752 1944 καὶ

183 1976 566 2049 ἀναψύχουσαν
594 1980 662 2049 τῇ
697 1979 990 2049 κουφότητι
1044 1980 1154 2032 Καὶ
1197 1979 1396 2035 τούτων
1441 1980 1748 2046 ἀπολαύων,

182 2068 532 2141 δμολόγειτῷ
564 2069 762 2141 κτίστῃ
791 2068 888 2139 τὴν
922 2069 1104 2141 χάριν,
1135 2070 1277 2141 ὑπὲρ
1296 2064 1368 2125 ῶν
1390 2073 1484 2126 οὐκ
1498 2071 1750 2143 εποίησεν

185 2163 356 2233 μόνον
399 2163 566 2232 ἡμᾶς,
605 2158 747 2213 ἀλλὰ
789 2159 888 2213 καὶ
933 2159 1032 2232 τῆς
1072 2160 1211 2231 πρὸς
1247 2160 1310 2215 τὸ
1340 2161 1436 2233 ζῇν
1465 2163 1751 2232 ἀσφαλείας

177 2254 522 2326 ἐφρόντισεν.
551 2252 651 2305 Ἂν
678 2251 736 2305 δὲ
762 2249 1187 2322 καταλιμπάνων
1218 2252 1281 2306 τὸ
1318 2251 1678 2323 πρόδατονκαὶ
1692 2254 1753 2308 τὸ

169 2346 343 2416 ἔριον,
376 2346 470 2398 καὶ
517 2343 619 2415 τήν
662 2342 973 2411 ἀναγκαίαν
1000 2342 1095 2397 τοῦ
1121 2342 1454 2415 δημιουργοῦ
1474 2344 1579 2398 τῶν
1614 2346 1751 2399 ὅλων

164 2436 546 2510 παρασκευήν,
580 2438 708 2500 ταῖς
732 2434 994 2507 ματαίαις
1036 2435 1335 2501 ἐπινοίαις.
1362 2435 1458 2490 καὶΙ
1501 2439 1625 2502 ταῖς
1652 2440 1750 2509 ἐμ-

161 2530 428 2601 πλήκτως
446 2528 776 2599 ἐπιθυμίαις
812 2525 1249 2599 ἐκδιαιτώμενος,
1273 2526 1373 2600 τήν
1398 2526 1595 2598 βύσσον
1628 2530 1751 2583 ἐπι-

159 2624 355 2695 ζητῇς,
410 2620 504 2676 καὶ
548 2619 800 2692 συνάγῃς
848 2618 918 2673 τά
968 2618 1079 2673 τῶν
1119 2619 1406 2692 Περσικῶν
1449 2620 1750 2692 σκωλήκων

159 2717 405 2785 νήματα,
430 2711 575 2766 ίστδν
601 2710 661 2765 δὲ
679 2708 933 2783 ἀράχνης
954 2709 1208 2781 ἀνεμαῖον
1225 2707 1480 2780 ὑφαίνῃς·
1497 2708 1594 2762 καὶ
1616 2710 1753 2780 πρὸς

166 2808 263 2861 τὸν
314 2804 613 2874 &Maeote
640 2802 957 2876 ἐρχόμενος,
1011 2798 1239 2873 μισθοὺς
1275 2798 1452 2864 τελεῖς
1483 2798 1747 2870 δαψιλεῖς,

175 2893 375 2947 ῖνατδν
409 2892 597 2964 κόχλον
617 2892 683 2945 ὲκ
715 2889 991 2961 θαλάσσης
1005 2887 1299 2961 θηρεύσας,
1327 2888 1407 2961 τῷ
1432 2890 1625 2960 αἵματι
1647 2887 1743 2943 τοῦ

177 2984 319 3050 (tim
347 2984 510 3056 χρίσῃ
564 2982 627 3037 τὸ
672 2981 895 3053 ἔνδυμα,
928 2980 1087 3034 τοῦτο
1131 2979 1557 3053 ὑπερμαζῶντός
1603 2980 1752 3032 ἐστιν

173 3074 483 3150 ἀνθρώπου,
530 3075 963 3148 παραχρωμίνου
1011 3075 1079 3145 τῇ
1127 3074 1340 3144 κτήσει,
1387 3072 1488 3126 οὐκ
1539 3069 1752 3141 ἔχοντος

170 3171 303 3223 ὅπου
324 3167 391 3223 τό
424 3163 740 3239 περιττεῦον
766 3163 953 3237 ἐκχέῃ.
989 3164 1099 3218 Καὶ
1120 3163 1214 3218 διά
1259 3161 1420 3217 τοῦτο
1447 3163 1476 3214 ό
1509 3161 1748 3226 τοιοῦτος
1778 3135 1821 3195 C

172 3257 516 3331 μαστίζεται,
549 3255 700 3328 παρὰ
734 3255 829 3309 τοῦ
871 3254 1202 3324 Εὑαγγελίου
1251 3251 1746 3324 κατηγορούμενος,

162 3355 241 3418 ώς
282 3350 419 3424 βλὰξ
459 3349 557 3404 καὶ
599 3348 914 3421 θηλυδρίας,
971 3348 1196 3419 κόσμοις
1232 3345 1433 3400 ἀθλίων
1470 3340 1749 3418 ’κορασίων

162 3443 669 3515 καλλωπιζόμενος.
1044 3506 1065 3529 ·

230 3533 420 3589 ’Δλλοι
446 3533 613 3589 πάλιν
644 3531 791 3587 κατὰ
818 3531 918 3604 τήν
944 3530 1171 3603 γνώμην
1191 3529 1292 3601 τῆς
1316 3530 1510 3601 ὁμοίας
1533 3529 1756 3601 ματαιό-

164 3643 331 3701 τητος
348 3624 601 3699 ἀρασταί·
628 3623 834 3695 μᾶλλον
874 3623 954 3687 δὲ,
976 3622 1116 3694 πρὸς
1144 3620 1206 3675 τὸ
1235 3621 1396 3676 πλέον
1430 3621 1530 3693 τὴν
1555 3622 1754 3677 κακίαν

170 3718 544 3787 ἀσκήσαντες,
566 3716 682 3769 οὐδὲ
708 3717 870 3788 μέχρι
898 3716 1006 3771 τῶν
1040 3715 1348 3788 εἰρημένων
1376 3714 1612 3788 ἔστησαν
1654 3716 1755 3787 τῆς

185 3809 387 3880 μωρᾶς
409 3806 644 3872 επινοίας
662 3809 780 3872 τοὺς
809 3809 991 3880 ὅρους·
1016 3807 1153 3862 ἀλλά
1177 3823 1299 3861 τινα
1333 3805 1495 3880 κενὴν
1524 3808 1753 3877 ὑφαντι-

195 3900 302 3971 κὴν
347 3897 643 3971 εξευρόντες
664 3900 758 3954 καὶ
811 3901 1123 3972 περίεργον,
1162 3898 1287 3971 ἣτις
1322 3902 1390 3972 τῇ
1432 3898 1606 3972 πλοκῇ
1655 3900 1753 3954 τοῦ

194 3993 450 4063 στήμονος
493 3991 627 4064 πρὸς
656 3992 759 4063 τὴν
787 3990 1013 4062 κρόκην»
1049 3991 1151 4061 τῆς
1181 3990 1464 4063 γραφικῆς
1507 3992 1756 4062 μιμεῖται

175 4083 279 4154 τήν
300 4081 552 4153 δύναμιν,
582 4082 679 4136 καὶ
700 4082 920 4136 πάντων
950 4080 1105 4146 ζώων
1120 4083 1234 4146 τοῖς
1255 4080 1484 4146 πέπλοις
1505 4080 1605 4145 τὰς
1627 4098 1757 4156 μορ-

174 4173 284 4242 φὰς
319 4173 724 4244 ἐνσημαίνεται,
757 4172 859 4244 τὴν
880 4173 1102 4244 ἀνθινὴν
1143 4172 1241 4227 καὶ
1277 4171 1491 4243 μυρίοις
1518 4170 1757 4235 εἰδώλοις

178 4266 613 4338 πεποικιλμένην
647 4265 1051 4338 φιλοτεχνοῦσιν
1076 4263 1302 4335 ἐσθῆτα,
1327 4263 1539 4327 ἑαυτοῖς
1581 4279 1641 4316 τε
1665 4262 1756 4316 καὶ

175 4356 414 4424 γυναιξὶ,
432 4357 529 4411 καὶ
559 4358 768 4412 παισίν·
804 4356 1091 4422 παίζοντες
1120 4356 1327 4420 λοιπὸν,
1352 4355 1413 4409 οὐ
1443 4353 1759 4419 σπουδάζον-

1852 540 2007 578 usum
2045 525 2367 582 necessitate
2421 527 2618 596 metiri,
2668 538 2778 585 tum
2833 533 3022 594 inanes
3059 553 3210 596 vanae
3239 544 3427 615 gloria

1850 615 2195 686 quisquilias,
2223 617 2455 691 vitaeque
2484 619 2747 677 mollioris
2784 623 3027 696 delicias,
3065 638 3321 702 tauquam
3344 638 3428 693 vi-

1854 708 2049 764 tiorum
2079 716 2359 780 parentem
2390 710 2582 768 vitare.
2628 711 2938 785 Enimvero,
2986 734 3095 791 quo
3121 725 3239 793 eius
3279 730 3426 798 quod

1853 797 2073 867 dicitur,
2105 799 2215 854 vim
2242 800 2444 856 clarius
2474 817 2886 876 cognoscamus,
2910 811 3116 879 primus
3138 819 3427 876 vestimen·

1853 898 2027 944 torum
2060 906 2190 946 usus
2219 891 2591 960 inspiciendus
2636 907 2738 964 est,
2779 913 2941 970 qnam
2989 900 3097 959 late
3130 916 3331 977 pateat,
3368 921 3425 967 et

1849 995 1987 1051 qnos
2020 982 2067 1037 ei
2100 983 2235 1039 nnes
2260 994 2424 1054 atque
2467 988 2752 1056 terminos,
2792 996 3145 1061 temperantia
3173 1003 3423 1067 praescri-

1850 1071 2037 1144 pserit.
2069 1072 2208 1140 Quid
2240 1090 2369 1144 ergo
2409 1074 2633 1145 justitiae
2672 1078 2760 1136 lex
2811 1082 2923 1138 nit?
2970 1082 3234 1144 Pecndem
3283 1090 3425 1148 Deus

1851 1163 2056 1218 creavit
2085 1164 2221 1237 pelle
2251 1167 2388 1222 bene
2416 1180 2625 1224 comata
2656 1186 2719 1225 ac
2755 1171 2938 1230 densis
2974 1176 3259 1235 velleribus
3286 1197 3299 1235 ι
3332 1183 3420 1237 liis

1851 1254 2107 1311 detonsis
2138 1266 2194 1312 et
2217 1259 2410 1315 textori
2449 1261 2680 1326 traditis,
2709 1265 2942 1321 tunicam
2969 1282 3031 1323 ac
3053 1269 3267 1339 pallium
3300 1289 3425 1343 per-

1852 1346 1959 1400 texi
1986 1346 2078 1400 tibi
2112 1361 2263 1414 cura,
2292 1364 2419 1419 quo,
2442 1365 2563 1405 cuni
2591 1351 2805 1407 hiberni
2838 1355 3053 1427 frigoris
3095 1360 3412 1425 molestiam.

1854 1443 1965 1490 tum
1993 1434 2249 1493 ferventis
2277 1439 2409 1494 radii
2440 1455 2635 1495 noxam
2675 1440 2921 1514 effugias.
2959 1445 3112 1515 Quod
3143 1451 3187 1506 si
3221 1451 3418 1509 leviore

1853 1541 1947 1595 per
1974 1528 2217 1584 aestivum
2260 1538 2469 1604 tempus
2499 1544 2650 1589 veste
2692 1534 2957 1607 indigeas,
3002 1542 3069 1596 ad
3105 1542 3408 1601 uberiore-n

1855 1616 1994 1673 Deus
2026 1621 2457 1677 commoditatem
2496 1624 2585 1679 lini
2646 1641 2799 1681 usum
2844 1633 3130 1697 concessit,
3161 1635 3299 1690 unde
3326 1637 3419 1692 tibi

1855 1709 2106 1765 decorum
2135 1711 2188 1766 in
2213 1714 2437 1783 proclivi
2463 1715 2855 1783 indumentum,
2882 1722 3025 1789 qnod
3058 1723 3219 1778 simul
3251 1737 3308 1781 et
3338 1739 3421 1783 to-

1854 1810 1965 1868 gat‚
2005 1810 2061 1856 et
2112 1801 2329 1860 levitate
2374 1805 2674 1879 refrigeret.
2714 1807 2779 1864 Et
2828 1810 2907 1867 liis
2934 1828 3054 1868 cnm
3089 1814 3413 1885 perfrueris.

1850 1890 2094 1947 Creatori
2134 1895 2363 1963 gratiam
2407 1898 2568 1963 babe,
2622 1901 2761 1971 qnod
2804 1917 2907 1957 non
2943 1906 3101 1960 niodo
3133 1924 3230 1964 nos
3261 1924 3415 1964 crea·

1849 1980 1952 2044 vit,
1984 1998 2164 2039 verum
2197 1986 2360 2042 etiam
2389 1990 2565 2045 tutelae
2589 2002 2644 2046 et
2671 1994 2931 2061 praesidiis
2961 1996 3084 2053 vitas
3120 2004 3415 2071 prospexit.

1851 2070 2002 2139 Quod
2028 2074 2071 2128 si
2100 2075 2291 2131 ovibus
2312 2092 2378 2133 ac
2402 2079 2519 2133 lana
2553 2083 2777 2151 relictis,
2809 2090 3223 2161 necessarioque
3254 2093 3419 2149 Crea-

1853 2162 1985 2217 torls
2011 2163 2249 2218 omnium
2278 2176 2535 2235 apparatu
2560 2181 2760 2238 spreto,
2798 2177 2950 2229 vanis
2973 2180 3412 2247 cogitationibus,

1853 2254 2175 2323 vesanisque
2204 2257 2583 2326 cupiditatibus
2626 2261 2678 2314 in
2714 2261 2896 2317 luxum
2928 2266 3151 2334 effusus,
3200 2283 3253 2326 et
3297 2275 3420 2344 bys-

1850 2358 1969 2400 sum
1997 2345 2249 2417 requiris,
2279 2357 2335 2403 et
2363 2347 2701 2406 Persicorum
2732 2354 2961 2409 stamina
3010 2360 3270 2414 vermium
3301 2365 3415 2415 col·

1851 2437 1995 2508 ligis,
2025 2439 2165 2494 unde
2192 2440 2437 2505 evanida,
2470 2449 2529 2497 ut
2559 2442 2632 2497 ita
2665 2442 2861 2512 dicam,
2904 2460 3116 2502 araneae
3145 2448 3244 2503 tela
3279 2465 3414 2505 con·-

1852 2543 2067 2588 texatur
2094 2549 2108 2587 t
2171 2534 2216 2588 si
2267 2544 2526 2606 praeterea
2584 2535 2865 2590 tinctorem
2915 2536 3118 2608 ingenti
3174 2542 3419 2598 mercede

1851 2625 2127 2693 conducis,
2163 2635 2221 2682 ut
2248 2628 2385 2682 mari
2430 2627 2705 2685 cochleam
2755 2641 3001 2697 venatus,
3045 2634 3161 2703 ejus
3189 2635 3417 2690 animal-

1851 2712 1958 2766 culi
1986 2713 2246 2781 sanguine
2271 2723 2472 2770 vestem
2509 2715 2747 2783 inliciat;
2787 2717 2837 2771 id
2888 2732 3015 2773 vero
3052 2720 3281 2777 bominis
3332 2735 3418 2780 est

1853 2802 2139 2860 immodice
2217 2804 2579 2875 lascivientis,
2651 2809 2851 2879 quique
2933 2812 3091 2867 rebus
3166 2814 3421 2871 abutatur

1851 2896 1965 2950 suis
1989 2894 2090 2966 (Ξ),
2119 2911 2218 2952 nec
2242 2897 2456 2962 babeat,
2490 2898 2541 2953 in
2565 2914 2699 2967 quos
2714 2916 2844 2956 usus
2874 2900 3323 2971 supet-affluentes
3342 2906 3425 2961 di·

1855 2984 2016 3041 vitias
2044 2983 2299 3042 effundat.
2336 2987 2520 3058 quue
2556 3004 2663 3046 non
2712 2991 3001 3059 immerito,
3043 2992 3164 3049 talis
3198 3005 3254 3049 ut
3291 2998 3421 3050 mol-

1855 3075 1925 3132 lis
1954 3092 2019 3133 ac
2040 3076 2403 3144 effeminatus,
2447 3080 2758 3152 cultumque
2804 3099 2867 3139 ac
2912 3097 3225 3141 ornamenta
3258 3085 3418 3143 mise-

1855 3182 2037 3223 rarum
2065 3168 2359 3240 puellarum
2390 3179 2686 3240 mutuatus,
2719 3175 3061 3244 vituperante
3092 3178 3376 3248 Evangelio
3395 3217 3412 3243 .

1851 3258 2091 3329 vapulat.

1922 3526 2026 3581 Alii
2057 3525 2183 3582 item
2210 3527 2405 3584 similis
2447 3537 2689 3582 amantes
2722 3526 3006 3596 vanitatis;
3033 3526 3159 3598 quin
3181 3526 3291 3582 imo
3321 3544 3415 3582 an-

1853 3619 2115 3677 ctioribus
2148 3620 2323 3676 modis
2365 3620 2557 3675 vitium
2585 3619 2912 3687 excolentes,
2963 3635 3031 3675 ue
3068 3620 3154 3676 liic
3199 3620 3413 3691 quidem

1854 3713 2032 3768 stultae
2064 3710 2297 3766 solertiae
2331 3711 2463 3765 flues
2495 3709 2894 3765 constituerunt
2930 3728 2945 3767 ι
2979 3713 3073 3766 sed
3106 3729 3244 3769 novo
3284 3729 3419 3784 quo-

1854 3809 1975 3862 dam
2008 3820 2071 3861 ac
2097 3816 2502 3875 supervacaneo
2534 3800 2779 3857 textrina:
2806 3811 3130 3869 commento,
3165 3806 3305 3873 quod
3335 3821 3420 3860 ar·

1855 3909 1962 3954 tem
1990 3901 2297 3970 pictoriam,
2326 3895 2573 3953 staminis
2600 3893 3027 3965 acsubtegminis
3048 3896 3227 3951 subtili
3256 3912 3405 3952 com·

1855 3989 2105 4060 plexione
2154 3988 2410 4056 imitans,
2450 3989 2691 4043 omnium
2750 3985 2950 4042 formas
2993 3984 3305 4042 animalium
3360 3987 3423 4043 in.

1854 4079 2097 4135 vestibus
2139 4079 2431 4149 exprimat,
2464 4077 2675 4139 florida.
2718 4093 2780 4131 ac
2828 4077 3100 4132 sexcentis
3144 4079 3416 4146 variegata

1857 4170 2045 4242 nguris
2082 4170 2423 4236 vestimenta,
2448 4181 2559 4223 tnm
2599 4169 2722 4236 sibi,
2752 4176 2863 4222 tum
2885 4167 3161 4231 uxoribus,
3191 4182 3255 4221 ac
3286 4168 3420 4222 libe-

1856 4263 1933 4318 ris
1960 4276 2183 4333 operose
2218 4260 2543 4328 coniiciunt3
2576 4260 2699 4315 ludo
2744 4258 2995 4329 deinceps
3038 4269 3274 4330 agentes,
3310 4273 3415 4312 non

1858 4355 2001 4411 serio
2028 4355 2231 4425 aliquid
2258 4353 2517 4409 facientes
2546 4371 2562 4407 ι
2600 4353 2691 4424 qui
2723 4351 3037 4407 divitiarum
3092 4364 3419 4420 exsuperan-

174 4465 289 4511 τες·
320 4448 463 4502 κατὰ
489 4448 591 4520 τῆς
619 4448 886 4522 ἀμετρίας
937 4447 1032 4501 τοῦ
1064 4447 1294 4501 πλούτου
1334 4444 1755 4519 παραχρώμενοι
1788 4481 1831 4537 D
1861 4445 1955 4512 tia,
2008 4443 2203 4499 saeculo
2236 4445 2562 4507 abutantur,
2624 4457 2728 4496 non
2783 4451 3003 4495 utantur
3029 4440 3082 4504 *ς
3144 4456 3202 4493 ac
3252 4438 3419 4493 Panlo

172 4539 257 4610 τιῖ)
284 4539 405 4610 βίῳ,
422 4541 485 4594 ού
525 4538 819 4612 χρώμενοι,
846 4537 1384 4611 ἀντινομοθετοῦντες
1429 4537 1507 4609 τῷ
1534 4536 1752 4609 Παύλῳ,

176 4630 273 4683 καὶ
306 4630 611 4701 μαχόμενοι
646 4633 767 4694 ταῖς
824 4629 1206 4693 θεοπνεύστοις
1238 4630 1460 4698 φωναῖς,
1492 4629 1555 4682 οὐ
1576 4627 1756 4700 γράμ-

180 4735 371 4790 μασιν,
398 4720 539 4775 ἀλλά
575 4721 916 4793 πράγμασιν.
954 4722 1020 4774 ’Δ
1054 4720 1162 4793 γάρ
1193 4722 1397 4783 ἐκεῖνος
1442 4716 1753 4791 ἀπεκήρυξε

181 4810 350 4880 λόγῳ,
378 4811 533 4866 ταῦθ’
557 4806 704 4868 οὗτοι
737 4813 997 4887 κρατοῦσι
1030 4814 1124 4867 καὶ
1153 4811 1380 4884 κυροῦσι
1408 4812 1518 4874 τοῖς
1551 4810 1749 4881 ἔργοις.

187 4901 363 4954 ’Ὅταν
386 4897 479 4957 οὖν
520 4904 869 4977 ἐνδυσάμενοι
908 4904 1165 4975 φανῶσιν,
1192 4904 1269 4967 ὡς
1314 4904 1481 4973 τοῖχοι
1504 4917 1752 4973 γεγραμ-

190 4990 347 5062 μένοι
384 4994 533 5069 παρὰ
556 4995 666 5051 τῶν
719 4996 1191 5067 συντυγχανόντων
1223 4994 1477 5067 ὁρῶνται.
1526 4991 1637 5048 Καί
1659 5007 1761 5046 που

185 5086 285 5140 καὶ
319 5084 391 5141 τά
418 5088 607 5142 παιδία
659 5089 856 5153 αὐτοὺς
889 5088 1265 5160 περιίστανται
1297 5083 1586 5156 μειδιιῖιντα
1629 5081 1764 5154 πρὸς

190 5175 417 5247 ἀλληλα,
467 5179 560 5233 καὶ
584 5178 1132 5235 δακτυλοδεικνοῦντα
1162 5177 1261 5248 τὴν
1298 5178 1356 5231 ὲν
1383 5178 1497 5239 τοῖς
1530 5172 1763 5244 ἱματίοις

190 5269 427 5341 γραφὴν·
462 5271 737 5343 βαδίζωσι
756 5272 812 5327 δὲ
840 5272 1213 5344 παρεπόμενα,
1250 5270 1349 5323 οὐκ
1378 5265 1762 5339 ἀναχωροῦντα

262 5473 284 5504 ⁸
326 5473 448 5544 Leg.
500 5475 724 5528 πλάδον.
826 5474 846 5506 ⁸
877 5472 1040 5529 Sirm.
1070 5472 1238 5544 Apog.
1298 5470 1475 5542 βολήν.

257 5603 335 5675 (2)
380 5602 551 5661 Rebus
584 5605 832 5659 abutatur
858 5606 984 5666 suis.
1008 5603 1474 5674 παραχρώμενοι)
1505 5601 1581 5671 τῇ
1613 5602 1755 5672 κτή-

182 5688 308 5729 σει.
346 5675 500 5744 Legit
526 5677 755 5744 interpr.
794 5675 988 5737 κτίσει,
1017 5690 1137 5730 cnm
1175 5677 1388 5729 reddat:
1434 5672 1584 5726 rebus
1608 5689 1757 5726 crea·

185 5744 257 5800 ιίε
287 5744 555 5799 abutatur.
608 5742 802 5800 Verum
836 5752 1052 5814 pnestat
1075 5742 1135 5796 τὸ
1158 5743 1347 5814 κτήσει
1374 5781 1389 5809 ,
1428 5751 1485 5796 ut
1517 5743 1588 5797 sit
1616 5759 1632 5796 ι
1665 5741 1755 5812 qui

1596 5470 1617 5502 ⁸
1651 5468 1824 5526 lCor.
1869 5480 1978 5528 vti,
2019 5462 2109 5518 5¹.

1861 4537 2129 4593 contraria
2165 4535 2441 4602 sanciant;
2494 4534 2796 4604 divinisque
2845 4532 3099 4596 vocibus,
3150 4531 3232 4586 sin
3286 4532 3421 4586 scri-

1859 4626 1969 4698 ptis
1994 4641 2059 4682 ae
2119 4624 2318 4692 verbis,
2373 4639 2437 4680 ac
2475 4622 2632 4679 sactis
2688 4623 3059 4678 adversentur.
3096 4620 3224 4686 Quae
3276 4621 3416 4673 enim

1859 4718 1951 4775 ille
1978 4731 2227 4774 sermone
2257 4715 2574 4786 proscripsit
2597 4713 2651 4782 ⁸,
2684 4714 2799 4769 liaec
2842 4715 2940 4782 ipsi
2973 4711 3244 4766 mordicus
3290 4709 3419 4763 reti-

1859 4823 1991 4867 nent
2012 4824 2078 4865 ac
2094 4808 2344 4879 operibus
2356 4816 2467 4862 rata
2492 4805 2694 4861 volunt.
2715 4805 2847 4861 Cum
2868 4805 3052 4874 itaque
3074 4801 3267 4855 talibus
3292 4799 3423 4852 ami-

1859 4901 1930 4956 cti
1962 4901 2017 4955 in
2048 4898 2319 4970 publicum
2343 4896 2629 4967 prodeunt.
2670 4902 2928 4963 tanquam
2971 4891 3165 4961 depicti
3191 4888 3423 4958 parietes

1859 4990 2033 5047 obviis
2063 4990 2363 5059 quibusque
2387 4995 2700 5045 cernuntur.
2736 4983 2875 5052 Quin
2903 4991 2961 5038 et
2992 4981 3145 5054 pueri
3174 4977 3424 5050 quandu-

1858 5097 1964 5154 que
1989 5083 2362 5146 circumstant,
2392 5078 2610 5148 risuque
2638 5085 2826 5131 mutuo
2850 5074 3022 5146 pictas
3051 5073 3103 5127 in
3135 5069 3424 5126 vestimen·

1859 5172 1931 5228 tis
1971 5170 2174 5241 ligures
2209 5169 2386 5226 indice
2437 5174 2758 5231 monstrant,
2801 5177 2866 5218 ac
2918 5173 3058 5233 pone
3107 5165 3423 5226 sequentes,

1856 5277 2000 5333 aegre
2051 5260 2266 5317 tandem
2302 5257 2582 5327 recedunt,
2615 5271 2681 5313 ac
2703 5256 2772 5312 ab
2821 5254 2903 5311 eis
2927 5250 3084 5308 avelli
3121 5249 3421 5320 patiuntur.

2218 5458 2300 5515 ⁸1
2352 5459 2495 5514 Tim.
2528 5473 2609 5524 tt,
2642 5458 2708 5524 9,
2737 5456 2826 5511 ¹0.

1863 5614 2028 5657 censu
2078 5612 2142 5653 ac
2167 5596 2324 5652 bouis
2347 5595 2612 5667 possessis
2647 5591 2919 5658 abutatur,
2949 5603 3090 5646 mme
3128 5598 3418 5668 agrimens,

1863 5665 2539 5795 zizasinchpgttfiproximi
2581 5673 2909 5735 opportunos
2933 5674 3083 5738 usus,
3110 5671 3172 5712 ac
3207 5670 3257 5710 m
3288 5664 3423 5723 qttos
