3725 6125
108 276 249 339 ”53

1200 261 1256 318 S.
1299 260 1503 326 tSAtAE
1544 261 1833 320 ABBATts
1870 261 2284 321 ORATtONES.

3243 266 3385 330 ¹¹56

100 405 331 462 regnum
366 381 647 450 introibit;
683 382 867 440 anima
915 393 1050 436 vero
1100 378 1304 434 malitia
1344 379 1690 449 coinquinata
1723 388 1768 444 Α
1802 389 1916 445 ιιιο,
1955 389 2135 436 tamen
2169 380 2336 436 corda
2382 355 2647 436 scrutanti
2680 380 2882 438 audeas
2913 380 3096 438 dicere
3125 381 3386 440 :Dimitte

100 488 159 544 in
210 482 464 542 tenebras
512 475 782 534 discedet.
848 471 1081 546 Vigilate
1128 472 1315 544 igitur,
1373 472 1603 539 fratres,
1636 483 1692 528 et

101 576 262 635 laturis
282 569 540 644 operibus
568 564 903 630 incumbite,
939 562 1194 633 qnoniam
1221 571 1458 631 tempus
1493 577 1690 633 appro-

101 668 349 742 pinquat.
379 661 585 716 Beatus
609 655 701 728 qui
754 662 980 711 strenue
1014 667 1074 709 se
1110 650 1275 724 gerit.
1320 651 1528 706 Matura
1577 651 1690 720 jam

102 772 265 831 seges
308 763 430 819 est,
471 760 530 809 et
580 748 777 805 messis
824 747 1002 801 adest.
1053 742 1254 799 Beatus
1308 742 1400 813 qui
1453 741 1689 799 fructum

106 864 269 906 snum
303 841 578 908 servavit,
628 839 760 910 quia
805 836 1027 893 venient
1059 833 1259 907 angeli,
1293 840 1348 890 et
1398 839 1692 891 recondent

107 941 263 998 illum
297 940 350 994 in
394 939 589 994 borreo
630 941 865 989 aeterno.
903 928 994 986 vae
1026 929 1136 986 illis
1163 928 1256 1000 qui
1293 929 1502 983 zizania
1534 937 1689 994 sunt,

110 1034 355 1108 qnoniam
403 1029 544 1103 ignis
567 1042 668 1085 eos
709 1024 930 1080 manet!
970 1022 1269 1078 ilaereditas
1302 1021 1460 1090 buius
1507 1022 1690 1078 mundi

108 1137 188 1184 est
211 1140 424 1190 aurum,
454 1130 513 1178 et
539 1125 852 1192 argentum,
883 1126 940 1172 et
970 1115 1196 1181 domus,
1224 1122 1281 1171 et
1311 1114 1644 1173 vestimenta
1672 1133 1686 1169 ε

101 1236 219 1294 qnae
252 1219 480 1291 quidem
514 1213 703 1273 omnia
738 1210 949 1284 peccati
982 1209 1273 1270 materiam
1306 1209 1588 1281 praebent;
1637 1217 1692 1264 et

100 1323 282 1368 tamen
327 1308 464 1363 iiiuc
515 1303 858 1362 discedentes
901 1315 967 1357 ea
1005 1299 1383 1372 relinquimus.
1420 1298 1514 1353 Dei
1563 1312 1694 1354 vero

102 1399 402 1458 baereditas
429 1405 517 1456 est
560 1395 857 1462 immensa,
892 1408 1059 1464 quam
1093 1408 1257 1458 neque
1294 1391 1481 1450 ocutus
1521 1391 1647 1447 vidit
1672 1430 1691 1455 ,

104 1508 272 1563 neque
311 1488 461 1546 auris
504 1486 732 1553 cudisit,
776 1501 941 1557 neque
977 1499 1072 1540 cor
1108 1482 1338 1538 hominis
1376 1482 1695 1551 cogitatione

106 1582 497 1653 comprehendit
525 1579 571 1636 ⁸.
601 1579 784 1650 Atque
812 1576 957 1634 banc
980 1574 1246 1644 elargitur
1276 1571 1343 1629 iis
1370 1572 1463 1642 qui
1498 1573 1695 1644 exiguo

111 1676 218 1732 boc
238 1682 484 1743 tempore
510 1670 783 1728 mandatis
813 1667 929 1726 suis
969 1667 1370 1736 obtemperant.
1406 1662 1561 1719 lianc
1592 1678 1694 1735 pro

1794 473 1926 528 mibi
1969 484 2195 543 peccata
2246 487 2386 528 mea.
2433 470 2537 539 Qui
2574 473 2698 529 talis
2720 483 2840 543 est,
2876 489 2984 529 non
3015 483 3137 530 orat
3180 485 3382 542 mente.

1792 566 1887 618 scd
1942 562 2103 619 labiis
2145 577 2267 616 enm
2319 562 2648 633 ignorantia.
2698 561 2800 630 Qui
2861 564 3010 619 enim
3055 563 3109 619 in
3155 565 3387 622 veritate

1793 667 1954 709 orare
1992 654 2105 708 vult
2135 652 2304 709 Deum
2341 654 2395 708 in
2439 652 2645 723 Spiritu
2694 664 2886 710 sancto
2930 662 2987 709 ct
3020 655 3188 712 corde
3215 670 3386 726 puro,

1793 747 2031 801 animum
2079 762 2235 803 snum
2303 746 2579 816 explorat,
2626 758 2920 817 antequam
2978 747 3047 802 ad
3115 749 3383 805 orandum

1792 841 2052 906 accedat,
2108 850 2289 895 utrum
2335 840 2445 896 odii
2498 840 2775 911 quidpiam
2827 841 3064 897 retineat
3114 841 3382 896 adversus

1796 932 2060 1004 aliquem.
2091 948 2160 988 an
2186 949 2318 1000 non,
2352 948 2420 989 ne
2447 948 2508 990 se
2535 935 2710 1004 ipsum
2740 933 3004 1003 decipiat,
3043 948 3165 989 cum
3201 932 3388 989 audiat

1793 1040 1979 1081 nemo.
2016 1024 2300 1095 Siquidem
2336 1039 2437 1080 nec
2472 1039 2627 1080 mens
2661 1024 2777 1095 ipsa
2807 1033 2970 1091 orat,
3003 1023 3106 1080 nisi
3148 1023 3383 1094 quodam

1792 1118 2207 1174 consuetudinis
2237 1117 2484 1173 instituto
2509 1118 2758 1177 borarias
2783 1131 2976 1186 preces
3007 1115 3381 1183 persolvendi.

1792 1208 2156 1278 Quamobrem
2189 1209 2234 1265 si
2273 1224 2465 1280 puram
2500 1211 2587 1266 vis
2626 1209 2931 1266 orationem
2967 1207 3204 1276 offerre,
3235 1207 3387 1278 prins

1792 1309 1989 1355 excute
2033 1310 2268 1356 mentem
2317 1311 2501 1365 tuam,
2545 1311 2712 1371 atque
2753 1301 2829 1357 ita
2881 1301 3187 1367 constitue,
3231 1309 3293 1358 ut
3335 1301 3385 1358 ei

1794 1391 2001 1448 dixeris
2042 1408 2060 1449 ι
2110 1391 2373 1450 Miserere
2409 1394 2551 1461 mei,
2588 1394 2706 1464 ipse
2749 1407 2966 1465 quoqne
3007 1393 3282 1465 preeuntis
3332 1401 3388 1452 te

1796 1483 2132 1541 miserearis.
2170 1484 2229 1541 Si
2259 1485 2510 1543 dixeris:
2553 1486 2778 1558 ignosce
2826 1488 2993 1555 mibi,
3027 1496 3084 1543 tu
3126 1487 3256 1544 item
3287 1488 3390 1544 ini-

1795 1574 1954 1631 micis
1995 1574 2247 1647 ignoscas
2289 1576 2415 1631 tuis.
2464 1576 2521 1632 Si
2569 1577 2775 1634 dixeris
2821 1595 2840 1634 z
2880 1577 2959 1633 Ne
3009 1579 3383 1635 reminiscaris

1796 1663 1990 1720 delicta
2022 1680 2142 1722 mea
2166 1707 2183 1734 ,
2215 1681 2316 1722 nec
2347 1677 2401 1722 tu
2443 1667 2678 1738 proximi
2714 1669 2788 1725 tui
2827 1670 3023 1728 delicta
3049 1671 3377 1728 recorderis.

109 1779 255 1840 pane
283 1773 339 1820 et
372 1778 513 1836 aqua
540 1771 599 1820 et
627 1758 974 1818 vestimentis
999 1772 1123 1829 quae
1153 1755 1485 1828 paoperibus
1511 1754 1692 1826 largiti
1724 1730 1766 1787 B
1800 1754 1859 1811 Si
1888 1756 2130 1813 dixeris:
2166 1758 2245 1814 Ne
2289 1760 2611 1817 memineris
2650 1773 3031 1832 peccatorum,
3061 1763 3264 1834 quibus
3297 1778 3387 1821 me

112 1856 409 1919 fuerimus.
438 1867 538 1925 pro
578 1849 921 1934 humanitate
941 1888 958 1915 ,
985 1861 1085 1919 pro
1119 1845 1369 1917 eorporis
1400 1845 1654 1901 castitate
1674 1881 1693 1910 .

112 1961 215 2020 pro
238 1945 418 2003 cordis
461 1941 773 2001 innocentia
798 1950 857 1998 et
883 1940 1108 2012 reliquis
1133 1938 1427 1995 virtutibus
1456 1937 1694 2007 accipie-

113 2054 257 2095 mus.
285 2036 433 2106 Quas
462 2035 682 2108 quidem
717 2033 949 2090 virtutes
978 2033 1071 2103 qui
1107 2031 1328 2096 colunt,
1367 2040 1423 2087 et
1449 2030 1692 2101 quietem

112 2131 393 2190 inveniunt
428 2129 484 2186 in
516 2131 619 2185 boc
655 2124 888 2191 saeculo,
921 2132 979 2181 et
1012 2124 1072 2179 in
1106 2123 1315 2178 honore
1368 2135 1430 2177 ac
1468 2134 1701 2175 venera-

116 2224 267 2281 tione
291 2231 418 2280 sust
436 2219 579 2292 apud
603 2217 886 2284 bemineru
922 2225 979 2274 et
1010 2231 1137 2272 cum
1168 2229 1202 2270 e
1232 2227 1463 2284 corpore
1505 2212 1697 2268 deces-

113 2317 321 2382 serint,
353 2313 605 2387 gaudium
638 2311 939 2385 percipient
966 2307 1382 2380 sempiternum.
1431 2305 1534 2373 Qui
1565 2318 1696 2363 vero

114 2405 505 2480 cupiditatibus
566 2403 845 2476 indulgent
910 2401 1027 2458 suis
1049 2439 1066 2466 ‚
1141 2414 1244 2456 nec
1312 2396 1696 2470 poenitsntiam

110 2507 303 2572 munt,
336 2497 433 2554 sed
460 2495 737 2567 voluptate
764 2493 1098 2557 detinentur,
1128 2501 1182 2546 et
1208 2490 1483 2560 opinionis
1508 2502 1699 2545 errore

105 2589 319 2661 decepti
358 2588 583 2646 delicias
631 2593 995 2656 aucupantur,
1043 2592 1101 2639 et
1143 2583 1276 2638 vitia
1313 2581 1686 2652 complectun-

107 2691 223 2749 tur,
260 2696 363 2737 nec
410 2679 505 2736 Dei
551 2677 817 2750 judicium
875 2673 1236 2731 reiormidant
1262 2712 1279 2739 ,
1335 2670 1697 2740 crudelesque

111 2781 243 2829 sunt
267 2781 433 2842 atque
464 2767 749 2825 inhumani
769 2767 1034 2824 adversus
1063 2777 1357 2836 pauperes,
1386 2773 1445 2819 et
1472 2764 1699 2833 reliquis

116 2876 245 2919 sese
278 2858 521 2931 peccatis
556 2857 904 2929 obstringunt
946 2863 1110 2926 atque
1136 2850 1557 2909 contaminant-2
1605 2851 1698 2906 isti

117 2966 247 3007 cnm
276 2951 327 3005 in
353 2951 457 3006 boc
484 2947 683 3004 saeculo
702 2945 1128 3012 confundentur,
1150 2941 1501 3012 despectique
1530 2950 1696 3013 atque

118 3042 283 3102 invisi
313 3051 473 3099 erunt
503 3041 642 3114 apud
680 3039 960 3106 bomines,
993 3048 1106 3094 tum
1139 3052 1306 3104 vero,
1333 3052 1455 3093 cum
1493 3052 1560 3094 ex
1592 3037 1697 3096 boc

119 3135 323 3194 mundo
366 3133 754 3207 migraverint,
786 3133 1023 3190 dedecus
1063 3144 1161 3187 eos
1186 3139 1244 3185 et
1291 3130 1588 3199 ignominia
1640 3131 1693 3185 in

117 3230 419 3300 gebennam
455 3234 841 3297 consequetur.
875 3224 1070 3280 Potest
1098 3230 1283 3277 autem
1330 3221 1473 3278 Deus
1503 3222 1700 3293 dignos

19 3306 33 3349 ²
114 3335 217 3378 nes
232 3318 453 3388 tacere,
488 3318 581 3390 qui
616 3318 671 3373 in
710 3316 969 3386 operibus
996 3313 1116 3385 eius
1149 3312 1503 3385 proficiamus
1529 3312 1700 3368 absti-

19 3402 29 3435 ''
106 3427 450 3483 nemusque
471 3412 541 3467 ab
561 3409 712 3468 omni
733 3422 901 3476 opere
927 3406 1093 3473 malo,
1114 3416 1173 3462 ut
1191 3408 1401 3463 servari
1428 3406 1700 3478 possimus

106 3507 169 3565 iu
196 3516 456 3572 tempore
480 3497 963 3567 tentationisque
989 3503 1211 3554 ventura
1241 3507 1326 3554 est
1352 3513 1518 3569 super
1546 3513 1703 3552 mun-

115 3598 253 3649 dum
283 3590 624 3643 universum.
648 3584 838 3658 Neque
857 3586 1003 3643 esim
1022 3588 1206 3646 tardat
1230 3592 1493 3649 Dominus
1515 3598 1704 3646 noster

121 3679 289 3736 'esus
316 3677 592 3746 Christus,
624 3678 719 3734 sed
767 3679 943 3735 veniet
982 3692 1165 3736 mum
1206 3682 1431 3752 proemia
1472 3679 1696 3750 [ει-01ης

120 3781 297 3842 atque
330 3769 526 3840 impios
548 3770 765 3841 quidem
790 3770 963 3828 mittet
982 3770 1037 3828 in
1069 3770 1248 3843 ignem
1268 3787 1567 3839 -aeternum,
1597 3774 1701 3844 piis

20 3864 29 3879 “
118 3876 313 3921 autem
344 3864 645 3919 mercedem
672 3863 905 3931 tribuet,
932 3874 990 3921 et
1014 3863 1394 3937 ingredientur
1424 3882 1547 3921 cum
1584 3866 1703 3937 ipso

19 3966 41 3997 ἓ
120 3959 182 4013 in
236 3969 463 4025 reguntur
508 3953 761 4023 etelsus,
806 3954 901 4013 ubl
956 3956 1348 4025 conquiescent
1399 3957 1453 4012 itt
1506 3957 1702 4013 saecula

20 4056 37 4089 =
118 4048 477 4107 saecuuaeum.
510 4049 703 4105 Arnen.
912 4064 921 4071 ·

664 4168 923 4245 omno
962 4180 1149 4241 xvnt.

544 4296 623 4355 Dc
638 4298 965 4368 injuriarum
990 4298 1271 4354 oblivione.

1799 1846 1884 1901 vel
1913 1848 2096 1905 rolens
2125 1848 2213 1907 vel
2235 1850 2437 1909 invitus
2463 1853 2756 1921 obstrinxi,
2782 1855 2898 1925 ipse
2917 1869 3160 1926 quoque,
3183 1854 3383 1927 quibus

1797 1938 1877 1995 sis
1903 1938 2128 1997 affectus
2155 1942 2371 2014 injuriis
2400 1984 2415 2010 ,
2446 1945 2812 2006 obliviscaris.
2841 1947 2966 2004 flaec
2988 1949 3093 2004 nisi
3122 1949 3389 2018 praestite-

1798 2030 1913 2097 ris,
1944 2030 2144 2089 frustra
2173 2036 2436 2105 precaris.
2479 2037 2666 2111 Neque
2692 2040 2837 2095 enim
2872 2050 2924 2097 te
2969 2042 3112 2098 Deus
3143 2042 3388 2111 exaudit,

1801 2128 1860 2179 'ut
1905 2139 2098 2182 omnes
2144 2125 2443 2199 Scripturae
2474 2138 2765 2188 testantur.
2797 2131 2892 2188 Sic
2917 2135 3064 2188 enim
3112 2134 3166 2188 in
3206 2133 3386 2191 Evan-

1799 2214 1943 2284 gelio
1968 2213 2206 2271 Matthaei
2231 2217 2479 2288 praecipit
2517 2233 2678 2274 orare
2707 2238 2722 2275 t
2771 2218 2842 2274 Et
2875 2220 3081 2277 dimitte
3113 2223 3263 2278 nobis
3291 2224 3384 2279 de-

1799 2306 1912 2362 bite
1969 2317 2192 2374 nostra,
2249 2309 2389 2363 sicat
2448 2319 2499 2364 et
2548 2325 2646 2365 nos
2697 2309 3020 2367 dimittimus
3064 2312 3386 2369 debitoribus
3465 2374 3471 2380 ,

1798 2398 2017 2456 nostris.
2054 2397 2117 2454 Si
2149 2398 2290 2453 enim
2324 2399 2634 2455 dimiseritis
2681 2401 2979 2456 hominibus
3027 2411 3242 2472 peccato
3289 2417 3384 2457 eo·

1800 2506 1943 2554 rum,
1975 2490 2201 2546 dimittet
2240 2499 2291 2546 et
2335 2491 2482 2545 vobis
2513 2489 2682 2548 Pater
2715 2502 2882 2549 vester
2916 2492 3139 2549 celestis
3167 2503 3384 2558 peccate

1798 2592 1970 2638 vestra
1995 2583 2041 2636 ⁸.
2078 2584 2147 2639 Et
2167 2584 2223 2638 in
2249 2582 2545 2655 Evangelio
2579 2582 2775 2640 Luem:
2805 2583 3083 2652 Dimittite,
3107 2584 3306 2654 inquit,
3333 2594 3384 2640 st

1798 2674 2094 2730 dimittetur
2115 2676 2258 2730 vobis
2278 2675 2323 2731 ⁰.
2363 2673 2433 2730 Et
2451 2675 2578 2731 alibi
2603 2675 2893 2747 discipulos
2914 2676 3124 2747 precari
3147 2677 3382 2735 docens:

1801 2764 1870 2821 Et
1915 2766 2124 2822 dimitte
2153 2766 2304 2822 nobis
2348 2775 2564 2837 peccata
2599 2777 2816 2836 nostra,
2868 2768 2918 2823 si
2953 2768 3165 2841 quidem
3210 2778 3259 2825 et
3290 2785 3388 2828 nos

1798 2857 2116 2914 dimittimus
2141 2860 2283 2915 omni
2310 2859 2520 2915 debenti
2544 2859 2693 2915 nobis
2730 2859 2798 2915 ¹0.

1872 2948 1936 3004 ΙΙ.
1972 2949 2166 3006 Totam
2211 2950 2498 3007 charitatis
2525 2950 2636 3006 vim
2664 2949 2876 3008 ostendi
2915 2950 3052 3017 tibi,
3083 2961 3145 3006 ut
3169 2954 3314 3022 quod
3354 2969 3383 3008 a

1805 3042 1916 3099 Deo
1945 3044 2030 3099 vis
2072 3042 2170 3100 tibi
2217 3041 2335 3101 fleri
2357 3087 2374 3114 ,
2407 3042 2463 3100 id
2491 3043 2641 3116 prior
2674 3043 2790 3115 ipse
2817 3041 3009 3100 facias.
3054 3041 3121 3100 Et
3159 3051 3290 3101 tunc
3316 3057 3382 3102 ea

1803 3149 2056 3192 mensura
2103 3150 2268 3206 quarn
2332 3136 2648 3193 hominibus
2703 3133 3030 3201 exhibuisti,
3074 3135 3382 3193 libr-aberis.

1799 3226 1993 3283 Cordis
2012 3226 2354 3284 affectionem
2392 3228 2538 3285 Deus
2571 3228 2837 3295 intuetur,
2864 3243 2971 3284 non
2999 3227 3196 3300 linguae
3218 3226 3382 3285 verba

1803 3328 2033 3374 tantum.
2088 3320 2196 3374 Cor
2241 3318 2408 3389 igitur
2457 3329 2605 3376 tuum
2652 3321 2724 3375 ita
2771 3319 3038 3377 confirma
3085 3328 3144 3376 st
3193 3334 3386 3379 omnes

1800 3409 2030 3479 injurias
2081 3410 2356 3466 oblivione
2404 3411 2587 3468 deleas
2649 3410 2991 3478 voluntari„
3054 3412 3190 3466 nibil
3238 3415 3384 3468 enim

1799 3501 2075 3556 vuluntate
2123 3500 2497 3555 vehementius
2542 3507 2655 3567 est,
2702 3499 2820 3555 sive
2864 3500 2932 3554 ad
2986 3509 3214 3556 mortem
3266 3501 3386 3558 sive

1802 3595 1871 3650 ad
1923 3595 2091 3648 vitam
2154 3592 2395 3649 inclinet.
2452 3590 2602 3648 Beati
2661 3590 2826 3662 igitur
2877 3591 2968 3662 qui
3016 3591 3185 3646 vitam
3225 3602 3388 3648 aeter-

1801 3702 1928 3743 nam
1961 3687 2226 3756 diligunt,
2259 3685 2384 3756 quia
2438 3699 2543 3740 non
2604 3680 2899 3741 offendent.
2953 3680 3009 3738 ln
3043 3696 3158 3738 earn
3199 3698 3384 3740 curam

1801 3779 1952 3836 omni
2001 3777 2186 3833 labore
2215 3784 2270 3832 et
2300 3776 2477 3832 studio
2508 3783 2592 3831 est
2636 3773 3088 3839 incumbendum,
3118 3784 3178 3829 ut
3211 3788 3382 3845 oppu-

1802 3879 2027 3943 gnantes
2055 3870 2328 3941 opprimas
2373 3867 2730 3938 cogitationes
2752 3907 2768 3932 ,
2796 3877 3082 3937 antequam
3117 3877 3382 3922 cortuum

1801 3965 2110 4019 vulnerent.
2166 3961 2220 4015 ld
2281 3974 2606 4031 assequere,
2659 3958 2707 4015 si
2762 3966 2981 4029 peccata
3030 3966 3121 4013 tua
3170 3972 3386 4029 semper

1801 4067 1929 4111 ante
1970 4054 2154 4110 oculos
2183 4052 2457 4109 habueris.
2505 4050 2619 4107 lloc
2642 4050 2789 4106 enim
2816 4059 2980 4120 pacto
3004 4051 3049 4107 si
3088 4066 3252 4133 qnam
3283 4052 3380 4106 tilii

1802 4150 1873 4204 ab
1897 4148 2080 4217 aliquo
2127 4144 2333 4201 illatam
2369 4143 2627 4216 injuriam
2669 4142 3035 4210 intellexeris,
3070 4142 3280 4197 facilins
3310 4156 3380 4198 ex

1803 4241 1988 4295 animo
2028 4247 2122 4294 tuo
2172 4236 2341 4308 pelles
2394 4250 2610 4291 omnem
2665 4234 2961 4292 ulciscendi
3004 4233 3381 4303 cupiditatem.

1802 4330 1955 4398 Quod
1995 4328 2039 4384 si
2092 4329 2342 4398 proximo
2380 4336 2473 4382 tuo
2521 4326 2828 4398 perrexeris
2875 4324 3236 4390 succendere,
3286 4338 3384 4395 ge-

199 4413 241 4469 l·
287 4411 519 4469 Sindus
546 4412 835 4483 Apostolus
866 4413 1217 4485 praecipiebat
1245 4413 1370 4470 ssffis
1398 4413 1512 4470 ⁸⁰3⁵
1540 4430 1555 4468 Ξ
1594 4410 1702 4467 0⁰·
1733 4432 1784 4492 1)
1812 4423 2008 4479 henna
2036 4421 2198 4477 timor
2229 4419 2449 4475 invadet
2478 4427 2563 4486 te;
2600 4427 2657 4474 et
2687 4432 2809 4473 eum
2839 4416 2934 4473 tibi
2967 4415 3168 4488 ignosci
3198 4424 3385 4486 postu·

110 4510 325 4575 minus,
360 4505 623 4577 inquiens,
652 4522 813 4577 prope
846 4517 924 4562 est
951 4521 973 4562 .·
1010 4505 1149 4561 nihil
1182 4506 1399 4562 solliciti
1427 4507 1545 4561 sitis
1569 4544 1586 4571 ,
1609 4507 1700 4560 sed

102 4604 173 4659 irs
226 4599 377 4656 omni
424 4600 659 4655 cretione
696 4609 745 4656 et
792 4598 1151 4654 obsecratione
1172 4637 1189 4666 ,
1241 4614 1360 4652 cnm
1404 4599 1699 4666 gratiarnm

102 4694 329 4751 actions
380 4692 657 4763 petitiones
706 4703 897 4748 oestroe
940 4690 1267 4745 innotescant
1320 4690 1460 4759 apud
1511 4688 1699 4743 Deum.

112 4784 194 4843 Et
228 4800 337 4854 pta
360 4784 480 4852 Dei,
513 4800 633 4857 (με
667 4793 883 4856 superat
922 4798 1124 4838 omnem
1152 4798 1361 4837 sensnm
1386 4819 1401 4846 ,
1444 4780 1706 4835 custodiet

114 4876 292 4933 sorde
310 4886 476 4933 vestra
499 4889 547 4932 st
579 4877 956 4948 intelligentias
978 4887 1178 4930 vestros
1201 4876 1243 4928 ⁸.
1270 4873 1337 4928 Et
1366 4872 1625 4928 Dominus
1650 4872 1703 4927 in

118 4966 417 5039 Evangetto
452 4986 469 5025 ε
509 4967 807 5036 Dimittite,
843 4970 1059 5039 inquit,
1092 4967 1270 5022 omnin
1311 4976 1525 5036 peccata
1556 4965 1705 5020 debi-

20 5092 29 5117 t
110 5060 329 5117 loribus
348 5061 558 5128 vestris,
589 5071 650 5116 st
686 5070 738 5115 et
768 5062 913 5115 vobis
941 5060 1171 5114 dimittat
1198 5056 1361 5112 Pater
1392 5068 1555 5112 nester
1584 5073 1704 5127 pec·

19 5178 53 5209 >
106 5158 243 5207 ests
282 5160 455 5205 vestra
481 5150 527 5205 ¹.
581 5149 817 5208 Verbum
872 5150 1084 5205 Domini
1123 5148 1364 5205 terribile
1407 5165 1471 5205 ac
1516 5148 1708 5205 sormi·

20 5271 29 5295 .-
100 5242 383 5301 dandum.
414 5240 532 5299 Nisi
566 5258 664 5299 cor
690 5253 843 5298 tuum
877 5243 1084 5298 videris
1113 5258 1240 5311 erga
1271 5258 1462 5298 omnes
1485 5258 1705 5314 purum,

20 5352 67 5393 ιι
98 5348 253 5393 cave
280 5340 438 5405 petas
465 5333 669 5406 aliquid
696 5348 728 5390 a
761 5333 892 5398 Deo,
917 5349 986 5390 ne
1020 5343 1076 5390 te
1109 5335 1284 5405 ipsum
1318 5333 1520 5391 afficias
1548 5335 1704 5405 igno-

100 5426 328 5496 minin,
354 5428 448 5499 qui
477 5437 731 5501 peccator
757 5442 879 5484 cum
909 5427 1008 5495 sis,
1037 5437 1091 5484 et
1115 5443 1437 5485 succenseas
1457 5428 1706 5501 proximo

1807 4514 2027 4579 laveris,
2069 4514 2143 4568 ita
2170 4519 2468 4583 coarguet:
2515 4509 2706 4566 Infelix
2750 4524 2813 4565 ac
2863 4508 3028 4564 miser
3077 4508 3274 4576 borno,
3313 4508 3384 4563 ad

1808 4604 1957 4660 bunc
1986 4617 2158 4674 usque
2182 4603 2322 4657 diem
2357 4611 2409 4656 te
2431 4600 2575 4657 Deus
2604 4602 2874 4672 patienter
2898 4601 3255 4670 exspectavit,
3283 4614 3386 4657 nec

1803 4706 2024 4769 peccata
2043 4706 2131 4751 tua
2157 4694 2441 4766 patefecit;
2462 4701 2516 4750 et
2540 4692 2789 4764 tu'palam
2813 4690 3067 4747 irasceris
3092 4688 3246 4751 fratri
3270 4697 3384 4756 tuo,

1802 4798 1859 4846 et
1875 4798 2095 4861 peccata
2113 4787 2230 4857 ejus
2253 4785 2452 4842 acerbe
2473 4786 2838 4858 persequeris,
2856 4796 2911 4841 et
2936 4797 3123 4854 speras
3148 4792 3199 4838 te
3220 4795 3247 4837 a
3275 4780 3386 4838 Deo

1801 4883 2023 4937 veniam
2079 4879 2541 4949 impetraturum?
2598 4877 2822 4934 Falleris
2844 4918 2860 4943 ,
2911 4875 3043 4932 mibi
3098 4876 3283 4931 crede.
3323 4874 3382 4930 Si

1805 4974 1972 5046 igitur
1999 4987 2097 5029 cor
2139 4981 2287 5028 tunm
2328 4972 2460 5029 mite
2509 4970 2671 5027 suerit
2712 4981 2767 5026 ct
2800 4969 2956 5025 facile
2989 4969 3055 5024 ad
3102 4969 3386 5039 ignoscen-

1802 5068 1953 5131 dum,
1986 5065 2125 5136 apud
2159 5066 2324 5121 Deum
2358 5063 2783 5120 misericordiam
2828 5063 3109 5128 invenies3
3160 5060 3244 5116 sin
3277 5060 3381 5114 du·

1804 5171 1923 5210 rum
1950 5156 2210 5211 adversus
2249 5155 2553 5228 proximum
2591 5153 2863 5209 exstiterit
2903 5161 2961 5206 et
2994 5152 3382 5216 inhumanum,

1804 5246 1946 5302 nulla
1978 5248 2052 5301 tui
2093 5248 2381 5303 habebitur
2408 5247 2545 5302 ratio
2576 5246 2627 5301 in
2660 5252 2950 5314 conspectu
2999 5243 3114 5298 Dei.
3157 5242 3381 5315 ignosce

1806 5338 1957 5394 milii.
1990 5338 2101 5410 Ego
2138 5340 2282 5394 enim
2322 5354 2525 5410 egenus
2565 5337 2723 5407 plane
2760 5351 2900 5400 sum,
2932 5342 2989 5391 et
3022 5336 3263 5405 pcccatis
3289 5335 3381 5393 ob-

1805 5430 2048 5487 strictus.
2084 5428 2151 5486 Et
2190 5432 2304 5487 baec
2335 5431 2581 5489 scribens
2604 5429 2913 5488 confundor
2951 5427 3006 5483 in
3034 5427 3202 5486 corde
3239 5442 3386 5484 meo.

20 5610 55 5707 Ξ
104 5582 215 5713 εἰ
252 5582 622 5720 ἰξοὶιιὲ,3;
650 5585 717 5709 4.·
755 5584 986 5656 Philipp.
1020 5600 1093 5641 tv.
1138 5584 1252 5641 5-7.
1328 5585 1349 5617 ⁷
1390 5583 1577 5641 Mattb.
1609 5601 1683 5654 vt,
1724 5585 1833 5651 ¹l3
1869 5584 2030 5643 Marc.
2074 5602 2149 5654 ιιι,
2178 5586 2275 5641 25.
2348 5587 2371 5619 ⁸
2397 5585 2588 5643 Mattlr.
2631 5603 2704 5654 vr,
2732 5586 2919 5644 ts-tt.
2994 5585 3017 5619 ⁰
3056 5583 3188 5642 Luc.
3233 5596 3318 5651 vt,
