3725 6125
237 327 341 382 ist

1199 327 1480 384 noutLtA
1514 326 1576 383 ll.
1617 325 1705 382 DE
1741 325 2112 383 OECONOMO
2147 324 2586 392 tfltQtJrrA‘rts.

3388 322 3490 379 ¹82

239 438 483 510 μάλιστα
510 438 542 490 ὁ
579 435 713 500 Θεδς
739 435 913 507 ἡμῶν,
941 436 1053 493 τῶν
1072 437 1284 511 θνητῶν
1309 439 1589 515 ὑπερέχει,
1623 437 1702 511 τῷ
1724 440 1810 494 ἀεὶ
1837 443 1882 502 Α
1912 442 2166 511 locuples,
2231 439 2571 509 postmodum
2611 452 2814 510 pauper
2850 436 3073 493 enectus
3091 474 3107 500 ‚
3177 450 3245 490 ne
3298 449 3488 504 panem

237 531 270 581 ό
297 528 469 591 αὐτὸς
497 522 641 581 εἶναι
660 568 675 593 ,
704 528 787 583 καί
809 528 1077 593 ὡσαύτως
1111 528 1285 601 ἔχειν,
1320 531 1418 586 καὶ
1452 529 1812 604 ἀναφαίρετον

242 619 558 690 κεκτῆσθαι
587 618 745 692 ζωὴν,
769 620 868 675 καὶ
900 618 1081 687 δόξαν,
1121 621 1217 674 καὶ
1245 619 1495 693 δύναμιν.

333 883 497 936 Πόθεν
521 875 610 935 οὖν
634 881 716 945 εἰς
743 881 954 953 ταύτην
979 877 1146 952 ἦλθον
1182 881 1285 952 τὴν
1311 880 1485 952 ἀρχὴν
1509 880 1604 934 τοῦ
1629 879 1809 949 λόγου,

260 974 292 1043 ἢ
332 973 454 1039 τάχα
477 968 752 1041 γνώριμον
783 970 886 1041 ἤδη
923 970 1178 1040 τυγχάνει
1206 972 1325 1033 τοῖς
1353 968 1477 1022 νοῦν
1507 967 1690 1039 ἔχουσι
1721 969 1818 1021 καὶ

253 1059 560 1127 φιλολόγοις.
609 1059 671 1112 ’0
710 1059 931 1122 Λουκᾶς
968 1060 1099 1128 ἡμῖν
1151 1046 1817 1129 παραδολὴνάναπλάσας

242 1148 529 1217 ὑπανέγνω
579 1148 827 1221 ἀρτίως,
862 1150 923 1205 ἐν
965 1144 999 1222 ᾖ
1041 1148 1132 1203 τὸν
1178 1147 1461 1220 οἰκονόμον
1495 1147 1605 1203 τῶν
1655 1147 1816 1202 άλλο-

231 1239 398 1311 τρίων
432 1240 749 1313 ὑπογράφει
778 1239 1095 1309 στενόμενον
1125 1239 1223 1294 καὶ
1249 1238 1598 1310 θλιδόμενον,
1630 1238 1816 1309 ἐπειδὴ

226 1329 307 1394 ὡς
328 1315 594 1401 παθητὴξ
609 1330 707 1384 καὶ
736 1329 1113 1393 πολυδάπανος
1159 1330 1393 1402 ἤκουσεν
1421 1328 1572 1401 παρὰ
1597 1328 1693 1383 τοῦ
1720 1345 1818 1382 xu-

234 1422 356 1493 ρίου
377 1420 491 1475 τῶν
521 1421 826 1494 χρημάτων
855 1421 950 1475 καὶ
978 1420 1086 1474 τῶν
1112 1420 1434 1492 κτημάτων,
1467 1420 1552 1473 δτι
1575 1418 1689 1483 Δὸς
1710 1417 1821 1473 τὸν

230 1514 425 1581 λόγον
460 1513 572 1581 τῆς
598 1512 984 1579 διοικήσεως,
1015 1513 1111 1568 καὶ
1144 1511 1472 1584 μετάστηθι·
1513 1511 1578 1565 οὗ
1607 1509 1716 1582 γάρ
1757 1525 1821 1563 σε

233 1607 352 1668 τοῖς
391 1604 568 1675 ὶμοίς,
611 1603 688 1668 ὡς
720 1602 906 1667 ἰδίοις,
935 1604 1207 1675 ἐντρυφᾷν
1231 1602 1512 1675 ἀνέξομαι.
1544 1600 1720 1656 Τοῦτο
1761 1600 1820 1656 δὲ

237 1695 415 1757 ἔστιν,
445 1695 510 1747 οὺ
541 1694 837 1765 γενομένου
868 1694 1187 1765 ιπράγματος
1210 1694 1487 1766 ἐξήγησις,
1519 1691 1657 1747 ἀλλὰ
1683 1690 1822 1745 πλά-

1914 532 2130 604 quidem
2158 531 2225 585 ad
2280 531 2402 584 vitae
2446 536 2806 585 commeatum
2855 527 2997 583 domi
3053 527 3234 582 ltabet.
3271 523 3491 598 Hocque

1915 620 2149 676 maxime
2175 620 2314 675 Deus
2338 618 2495 675 nobis
2515 616 2831 675 mortalibus
2860 625 3096 687 praestat,
3124 615 3519 687 qnodsemper,

1915 713 2056 768 idem
2100 711 2245 766 acin
2283 711 2470 765 eodem
2498 709 2568 763 sit
2615 712 2757 765 s'tatu
2784 751 2800 775 ,
2841 693 3114 779 vitamque
3158 717 3216 763 et
3262 707 3487 779 gloriam

1916 817 1980 857 ac
2015 801 2308 873 potentiam
2337 798 2730 855 inauferibilem
2764 799 2976 854 babeat.

1988 890 2106 959 Quo
2140 898 2317 945 autem
2357 889 2411 942 ln
2448 889 2715 944 sermonis
2748 889 2851 943 ltoc
2885 885 3165 943 exordium
3197 885 3477 951 venerim,

1887 981 2059 1038 'sorte
2099 980 2210 1050 Jam
2257 980 2616 1050 intelligentes
2656 994 2722 1035 ac
2773 977 2994 1033 litterati
3036 975 3193 1031 facile
3242 975 3490 1030 animad-

1918 1083 2155 1129 vertunt.
2212 1071 2507 1138 Nimirum,
2562 1072 2698 1125 lecta
2755 1071 2912 1124 modo
2970 1075 3051 1123 est
3102 1065 3398 1137 composita
3454 1078 3484 1119 a

1919 1165 2061 1220 Luca
2111 1163 2398 1233 parabola,
2446 1163 2500 1218 iu
2545 1177 2655 1231 qua
2701 1162 2823 1226 ille,
2862 1159 3161 1216 alienorum
3202 1159 3485 1228 dispensa·

1922 1262 2134 1319 torem,
2196 1254 2402 1307 tristem
2456 1251 2824 1320 afflictumque
2869 1249 3169 1316 describit,
3226 1247 3315 1304 ubi
3367 1258 3487 1302 tan-

1919 1358 2080 1415 quam
2117 1343 2370 1413 prodigus
2401 1356 2469 1397 ac
2500 1341 2808 1410 dissipator,
2841 1355 2905 1394 ex
2928 1340 3191 1394 bonorum
3216 1352 3277 1391 ac
3303 1349 3483 1391 rerum

1921 1433 2139 1488 domiuo
2196 1435 2470 1499 audisset,
2535 1430 2713 1487 Redde
2773 1430 3026 1484 rationem
3078 1428 3488 1497 dispensationis

1922 1530 2060 1586 tuoe,
2099 1536 2162 1576 ac
2207 1531 2368 1591 quant
2414 1521 2522 1576 cito
2566 1519 2821 1575 discede:
2860 1532 2961 1572 nec
3005 1518 3187 1581 enim,
3243 1517 3406 1572 rebus
3438 1526 3491 1570 te

1922 1611 2320 1684 meis,perinde
2351 1626 2416 1666 ae
2452 1611 2585 1676 tuis,
2622 1608 2891 1665 luxuriari
2933 1609 3132 1662 sinam.
3177 1606 3272 1662 Est
3310 1616 3487 1661 autem

1925 1701 2073 1767 baec,
2125 1717 2228 1758 non
2269 1716 2412 1757 νει-ω
2459 1702 2533 1757 rei
2580 1700 2849 1765 narratio,
2894 1700 2987 1756 sed
3034 1698 3157 1753 (icta
3196 1696 3485 1767 parabola,

246 1799 336 1846 «τις
377 1782 715 1854 ampsani-ig,
739 1786 853 1846 τοῖς
890 1784 1331 1853 &mansuevere
1354 1783 1458 1838 τῶν
1490 1783 1667 1852 λόγων
1702 1781 1824 1852 ἢθῑ·
1851 1794 1901 1856 Β
1927 1807 2043 1862 quae
2089 1807 2339 1848 sermone
2388 1792 2618 1863 quodam
2669 1792 3018 1858 adumbrato,
3070 1788 3327 1844 moralem
3388 1801 3490 1843 nos

252 1874 360 1944 κὴν
386 1872 587 1945 ἀρετὴν
617 1872 1034 1927 ἐκπαιδεύουσα.
1057 1874 1228 1928 Γνῶθι
1253 1875 1428 1929 τοίνυν
1444 1876 1698 1938 ἕκαστος,
1743 1872 1820 1937 ὡς

258 1962 560 2033 ἀλλοτρίων
581 1958 631 2015 εἲ.
651 1962 954 2032 διοικητὴς,
975 1962 1067 2014 καὶ
1095 1961 1249 2033 ῥίψας
1276 1963 1382 2017 &reb
1400 1963 1498 2034 τῆς
1522 1963 1701 2035 ψυχῆς
1726 1978 1821 2015 σου

259 2055 362 2126 τῆς
397 2053 686 2117 αύθεντίας
715 2052 818 2124 τὴν
854 2052 1230 2123 ὑπερηφανίαν
1249 2091 1265 2115 ,
1303 2053 1363 2106 τὸ
1396 2052 1487 2107 τοῦ
1522 2052 1822 2108 ὑπευθύνου

260 2146 359 2200 καὶ
379 2144 667 2215 οἰκονόμου
694 2142 936 2198 άνάλαδε
965 2143 1222 2196 ταπεινὸν
1245 2144 1341 2197 καὶ
1362 2141 1597 2207 εὐλαὸὶς,
1620 2142 1703 2197 &el
1729 2143 1823 2197 τὸν

254 2238 452 2309 κύριόν
484 2253 579 2291 σου
602 2237 922 2307 ἀναμένων,
966 2235 1060 2289 καί
1099 2236 1235 2306 μετὰ
1269 2234 1468 2299 δειλίας
1502 2236 1823 2307 συγγράφων

246 2329 351 2399 τῆς
380 2326 682 2395 ἀπολογίας
723 2326 788 2378 τὸ
822 2325 1150 2393 λογοθόσιον.
1184 2325 1451 2396 Πάροικος
1486 2326 1590 2398 γάρ
1615 2322 1686 2390 εἴ,
1720 2327 1827 2382 oh·

244 2419 531 2490 γοχρονίου
550 2418 805 2488 χρήσεως
826 2418 921 2470 καὶ
944 2414 1241 2487 παροδικῆς
1258 2414 1435 2470 λαὸὼν
1453 2416 1821 2490 συγχώρησιν.

244 2512 309 2565 Εἰ
354 2506 721 2579 άμφιδάλλεις
763 2507 860 2560 ἐπὶ
896 2508 1012 2569 τοῖς
1056 2506 1381 2577 γνωρίμοις,
1425 2509 1708 2581 κατάμαθε
1756 2509 1826 2565 τὰ

245 2600 523 2670 γινόμενα,
550 2598 646 2651 καὶ
676 2600 745 2669 τῇ
776 2594 1004 2666 ἀψευδεῖ
1026 2594 1348 2667 διδασκάλῳ,
1371 2600 1438 2670 τῇ
1467 2598 1658 2672 πείρᾳ,
1691 2616 1824 2654 παι-

247 2690 487 2762 δεύθητι.

329 2865 610 2935 Κέκτησαι
634 2862 851 2935 χωρίον,
873 2864 909 2936 ἢ
938 2863 1089 2937 παρά
1120 2864 1373 2936 πατέρων
1408 2864 1619 2933 kasam,
1652 2865 1686 2936 ἢ
1718 2866 1829 2920 ἀπό

263 2971 406 3019 τινος
443 2953 882 3025 συναλλάγματος
935 2954 1122 3026 κύριος
1163 2957 1424 3025 γεγονώς.
1478 2956 1826 3026 Ἀναλόγισαι

261 3042 353 3102 οὖν
376 3049 443 3119 τῇ
472 3047 666 3119 μνήμῃ
695 3046 791 3101 καὶ
814 3046 1195 3121 άπαρίθμησαι
1222 3048 1428 3114 πάντας
1445 3092 1460 3114 ,
1500 3051 1550 3103 εἰ
1578 3049 1824 3117 δύνασαι,

1925 1879 2176 1935 virtutem
2229 1882 2405 1937 docet.
2462 1880 2650 1950 ltaque
2704 1882 2921 1934 noveris
2961 1879 3211 1949 quisquis
3261 1890 3359 1942 es,
3406 1890 3490 1931 re·

1925 1984 2039 2023 rum
2091 1970 2183 2025 tibi
2241 1970 2538 2024 alienarum
2596 1968 3052 2037 dispensationem
3109 1981 3230 2023 esse
3280 1964 3492 2034 delega-

1928 2069 2061 2123 tam,
2114 2060 2392 2129 ejectaque
2439 2073 2660 2128 prorsus
2694 2074 2762 2112 ex
2817 2059 3001 2112 animo
3054 2054 3338 2126 potestatis
3394 2053 3489 2109 be·

1925 2148 2039 2202 rilis
2091 2147 2383 2216 superbia,
2449 2145 2843 2213 dispensatoris
2895 2143 3203 2198 rationibus
3262 2143 3488 2198 obnoxii

1924 2239 2281 2296 humilitatem
2333 2253 2400 2293 ac
2449 2236 2811 2293 reverentiam
2864 2248 3049 2296 sume,
3108 2234 3495 2301 dominumque

1923 2330 2136 2399 semper
2177 2337 2534 2398 exspectans,
2584 2322 2794 2377 tabulas
2842 2337 2906 2375 ac
2946 2321 3160 2375 codices
3213 2323 3483 2373 rationum

1923 2419 2153 2476 sollicite
2206 2434 2271 2475 ac
2342 2427 2577 2473 tremore
2633 2412 2936 2468 conscribe.
2995 2410 3293 2480 inquilinus
3344 2410 3489 2463 euim

1924 2528 2017 2578 es,
2065 2521 2227 2579 atque
2279 2510 2347 2566 ad
2396 2510 2561 2565 breve
2607 2515 2821 2575 tempus
2862 2517 2927 2558 ae
2980 2500 3209 2556 transitu
3270 2512 3487 2552 usuram

1924 2618 2238 2660 concessam
2299 2601 2490 2658 babes.
2555 2600 2705 2668 Quod
2767 2599 2813 2654 si
2874 2594 3038 2651 rebus
3082 2592 3216 2645 adeo
3271 2588 3480 2658 perspi·

1925 2689 2041 2745 cuis
2096 2690 2301 2755 ltaeres,
2362 2702 2432 2745 ex
2482 2703 2543 2742 re
2602 2688 2716 2757 ipsa
2780 2699 2845 2740 ac
2912 2680 3244 2752 experientia
3308 2676 3496 2744 disee,

1926 2794 2045 2849 quae
2098 2779 2350 2847 magistra
2404 2778 2536 2834 nibil
2588 2776 2749 2831 fallax
2775 2787 2881 2831 est.

1995 2870 2261 2925 Praedium
2305 2869 2545 2939 possides
2592 2868 2741 2938 (¹0),
2794 2865 2932 2935 ejus,
2981 2864 3063 2920 vel
3108 2877 3173 2919 ex
3229 2863 3492 2930 majerum

1928 2960 2273 3025 haereditate,
2328 2961 2411 3014 vel
2461 2966 2743 3014 contractu
2796 2957 2996 3025 aliquo,
3039 2954 3266 3023 adeptus
3319 2950 3494 3007 domi·

1929 3052 2096 3107 nium.
2140 3050 2394 3108 Memoria
2446 3049 2607 3121 igitur
2641 3058 2815 3104 tecum
2852 3055 3068 3117 repete.
3104 3059 3169 3100 ac
3198 3054 3489 3108 enumera,

259 3138 381 3201 τοὺς
409 3135 518 3208 πρὸ
556 3133 653 3190 σοῦ
686 3138 1089 3208 κατεσχηκότας
1128 3139 1294 3194 ati-ed·
1333 3139 1592 3194 ὶπίδαλλε
1633 3140 1690 3194 δὲ
1733 3142 1828 3197 καὶ
1854 3146 1898 3204 C
1931 3146 1974 3199 si
2010 3155 2192 3214 potes,
2229 3149 2492 3214 quotquot
2532 3141 2584 3196 id
2622 3141 2800 3211 ipsum
2840 3150 2964 3194 ante
3003 3148 3056 3193 te
3092 3135 3491 3205 possederunt:

258 3226 335 3297 τῷ
378 3225 629 3298 μέλλοντι
658 3227 835 3299 χρόνῳ
861 3227 955 3282 τὸν
996 3229 1161 3294 νοῦν,
1202 3230 1298 3284 καὶ
1329 3231 1487 3287 πόσοι
1527 3231 1693 3286 αὐτοῦ
1734 3250 1830 3287 κυ-

260 3317 533 3391 ριεύσουσι
566 3318 706 3390 μετά
744 3319 806 3373 σὲ
844 3321 1196 3392 κατανόησον.
1229 3322 1441 3394 Φράσον
1480 3323 1538 3375 δέ
1582 3340 1709 3395 μοι,
1752 3324 1829 3379 τί·

255 3427 343 3475 νος
371 3413 406 3482 ἡ
445 3410 755 3476 δεσποτεία,
788 3411 881 3466 καὶ
918 3413 1027 3466 τίσι
1056 3413 1177 3469 κατ’
1200 3411 1475 3486 ἐξαίρετον
1506 3413 1833 3485 διαφέρουσα

257 3504 368 3566 τοῖς
412 3501 679 3572 ἐσχηκόσι
692 3541 708 3566 ,
761 3505 877 3568 τοῖς
906 3502 1139 3573 ἔχουσιν,
1179 3503 1215 3575 ἢ
1253 3507 1367 3568 τοῖς
1403 3503 1717 3575 μέλλουσινς
1772 3505 1834 3559 Εἰ

261 3591 369 3663 γάρ
396 3608 487 3657 τις
506 3582 575 3646 ίκ
594 3593 843 3665 μηχανῆς
871 3593 1078 3658 πάντας
1102 3593 1426 3665 άθροίσειεν,
1450 3594 1834 3667 εὑρεθήσονται

265 3682 490 3744 πλείους
516 3683 627 3735 τῶν
654 3681 830 3752 βώλων
860 3686 913 3737 οἰ
942 3686 1282 3756 κεκτημένοι.
1327 3685 1543 3740 Μᾶλλον
1571 3687 1647 3746 δὲ,
1678 3688 1837 3761 εἰπερ

276 3769 530 3842 ὰκριδῶς
549 3770 725 3840 βούλει
750 3775 978 3829 κατιδεῖν
1003 3775 1108 3828 τίνι
1146 3776 1444 3848 παρόμοιος
1470 3778 1499 3830 ό
1527 3776 1638 3848 βίος
1657 3778 1834 3849 ἡμῶν,

294 3858 659 3929 μνημόνευσον
685 3865 855 3921 am·
887 3866 1008 3938 ὥρᾳ
1038 3866 1229 3938 θέρους
1262 3867 1586 3939 ὁδοιπορῶν,
1628 3867 1839 3924 ἐθεάσω

292 3948 497 4021 δένδρον
528 3951 831 4024 άμφιθαλὶς
852 3996 869 4021 ,
901 3959 992 4010 ἐπὶ
1026 3957 1161 4013 πολὺ
1200 3957 1295 4015 τοῦ
1335 3958 1570 4024 πλάτους
1608 3961 1702 4014 καὶ
1742 3960 1837 4013 τοῦ

278 4045 485 4116 μήκους
525 4047 713 4120 διῆκον
736 4090 752 4112 ,
807 4051 989 4106 ἰκανὸν
1039 4054 1105 4123 τῇ
1148 4053 1279 4123 σκιᾷ
1324 4053 1501 4117 οἰκίας
1553 4052 1838 4124 πληρῶσαι

274 4139 484 4208 χρείαν.
510 4139 698 4212 Τούτῳ
726 4141 981 4214 τερφθεὶς
1001 4142 1259 4214 ὑπῆλθες,
1290 4145 1403 4207 καὶ,
1427 4144 1511 4213 ἐφ’
1540 4145 1663 4198 ὅσον
1687 4144 1835 4214 ἐξῆν,

275 4228 454 4279 ἐκεῖσε
480 4228 820 4298 κατέμεινες.
864 4231 1016 4285 Ἐπεὶ
1051 4231 1109 4285 δὲ
1154 4231 1261 4284 ἔδει
1294 4231 1453 4285 πάλιν
1480 4233 1710 4304 ἀπᾶραι,
1747 4233 1840 4286 καὶ

274 4317 372 4371 σοῦ
402 4318 724 4391 βουλομένου
751 4323 851 4394 τὴν
873 4323 1076 4393 ἄφιξιν,
1099 4325 1284 4394 ἔτερος
1309 4323 1587 4395 όδοιπόρος
1613 4324 1835 4396 ἐπέστη.

1932 3244 2053 3305 post
2100 3236 2293 3290 deinde
2334 3234 2515 3288 animo
2546 3232 2833 3287 attendens
2868 3230 3105 3286 futurum
3141 3239 3379 3298 tempus,
3410 3234 3489 3280 te·

1932 3341 2053 3380 curn
2094 3335 2315 3394 reputa,
2345 3338 2506 3395 quam
2536 3323 2690 3379 multi
2735 3332 2858 3393 post
2908 3335 2963 3378 te
3009 3319 3124 3389 ejus
3174 3319 3283 3374 sint
3329 3315 3494 3372 futuri

1931 3418 2156 3475 domini.
2189 3419 2285 3474 Dic
2317 3433 2466 3484 vero,
2495 3418 2678 3484 sodes,
2705 3417 2987 3486 cujusnam
3018 3415 3135 3486 ejus
3161 3412 3455 3467 dominium
3475 3448 3494 3475 ,

1939 3511 2121 3564 autad
2155 3525 2288 3578 quos
2325 3509 2452 3563 illud
2487 3508 2743 3579 peculiari
2775 3507 3004 3574 quadam
3040 3503 3246 3557 ratione
3281 3515 3344 3553 ac
3380 3499 3494 3555 sitt-

1935 3601 2194 3672 gulariter
2247 3585 2519 3671 pertinet;
2575 3600 2644 3655 ad
2688 3611 2855 3652 eosne
2902 3594 2992 3664 qui
3035 3593 3369 3650 babuerunt,
3422 3602 3493 3644 att

1936 3693 2026 3764 qui
2059 3691 2257 3747 babent
2278 3734 2292 3754 ,
2323 3691 2407 3745 vel
2442 3691 2533 3759 qui
2563 3690 2817 3754 deinceps
2862 3693 2989 3739 sunt
3030 3680 3310 3737 babituri?
3355 3677 3493 3736 Nam

1937 3782 1982 3839 si
2015 3781 2135 3850 quis
2164 3791 2355 3833 omnes
2381 3776 2526 3832 velut
2551 3790 2585 3830 e
2611 3772 2862 3829 machina
2892 3769 3300 3839 congregaverit
3318 3806 3334 3832 ,
3372 3782 3495 3836 pos·

1936 3886 2176 3927 sessores
2208 3870 2387 3941 plures
2409 3875 2693 3923 occurrent
2727 3878 2887 3933 quam
2919 3860 3105 3932 gleboe.
3139 3859 3281 3926 Quin
3321 3873 3450 3913 vero
3476 3899 3494 3927 ,

1939 3970 1999 4016 ut
2023 3974 2336 4030 expressam
2381 3959 2565 4014 lubeas
2610 3954 2767 4024 liuius
2809 3954 2933 4010 vitae
2961 3953 3143 4007 videre
3171 3948 3495 4022 imaginem,

1939 4052 2224 4107 recordare
2243 4087 2259 4116 ,
2289 4049 2337 4105 si
2368 4048 2509 4103 sorte
2568 4045 2762 4103 accidit
2812 4052 2877 4100 ut
2907 4040 3198 4112 aliquando
3229 4055 3327 4110 per
3355 4039 3498 4095 aesti·

1942 4157 2063 4196 vum
2110 4151 2319 4209 tempus
2374 4139 2475 4193 iter
2518 4151 2688 4206 agens
2727 4133 2954 4188 viridem
2998 4130 3246 4186 arborem
3284 4127 3498 4198 conspi-

1950 4232 2187 4297 careris,
2241 4233 2476 4301 patulam
2528 4229 2674 4284 illam
2721 4241 2787 4280 ac
2821 4225 3020 4288 altam,
3071 4221 3280 4287 lataque
3316 4229 3495 4287 aptant

1941 4323 2161 4387 umbra,
2196 4333 2254 4376 ut
2285 4323 2367 4376 vel
2403 4322 2592 4375 domus
2621 4316 2867 4386 impleret
2895 4315 3085 4367 vicem.
3119 4309 3286 4379 Hujus
3320 4317 3374 4363 tu
3404 4309 3499 4363 de-

269 4408 385 4463 Ka't
420 4411 485 4465 σὺ
518 4412 620 4481 μὲν
640 4413 901 4485 ὲφόρτους
936 4414 1032 4486 τὴν
1054 4416 1396 4485 ἀποσκευήν·
1421 4417 1450 4468 ό
1487 4414 1546 4468 δὲ
1574 4416 1672 4486 τὴν
1708 4415 1841 4469 ἰδίαν
1943 4413 2172 4469 lectatus
2221 4412 2538 4465 amoenltate
2586 4406 2777 4463 subisti
2825 4404 3071 4459 umbrant
3093 4439 3109 4468 ,
3152 4400 3358 4469 subque
3396 4413 3457 4453 ea
3478 4436 3495 4464 ,

272 4498 524 4571 καθῄρει,
545 4503 641 4555 καὶ
660 4503 835 4556 πάντα
848 4503 917 4557 τά
931 4502 1205 4575 σὰάθρόον
1222 4501 1508 4568 διεδέξατο,
1533 4502 1628 4573 τὴν
1652 4502 1838 4557 στιδά-
1874 4483 1918 4540 ⁰
1943 4504 2173 4575 quandiu
2226 4502 2397 4568 licuit,
2439 4506 2804 4555 commoratus
2848 4510 2927 4550 es.
2972 4493 3106 4560 Quia
3150 4505 3276 4547 vero
3304 4490 3497 4545 iterum

271 4589 359 4655 δα,
370 4591 433 4645 τὸ
449 4591 585 4664 πῦρ,
604 4594 702 4666 τὴν
716 4593 810 4648 τοῦ
829 4595 1043 4667 δένδρου
1067 4595 1246 4660 σκιάν,
1263 4596 1322 4648 τὸ
1340 4595 1652 4667 παραρρέον
1675 4594 1838 4666 ὕδωρ.

272 4679 387 4733 Καὶ
413 4683 445 4735 δ
479 4681 582 4752 μὶν
611 4683 790 4754 εἴχετο
822 4684 923 4755 τῇς
960 4685 1358 4749 κατακλίσεως·
1400 4687 1465 4740 σὺ
1494 4684 1551 4739 δὲ
1570 4724 1584 4748 ,
1617 4685 1711 4739 τοῦ
1741 4702 1840 4740 πε·

276 4769 530 4842 ριπάτου.
571 4770 839 4844 Ἐτέρφθη
871 4773 1140 4838 κάκεῖνος,
1168 4767 1288 4827 εἶτα
1308 4773 1546 4843 άφῆκεψ
1579 4776 1672 4829 καὶ
1697 4774 1757 4827 τὸ
1781 4773 1840 4828 ἓν

350 4947 467 5020 (io)
504 4946 1051 5033 Proeditmtupossides.
1092 4951 1238 5024 Lego
1263 4967 1327 5007 ac
1359 4951 1590 5024 corrigo,
1636 4955 1832 5029 κέκτη-

281 5035 396 5099 σαι.
419 5032 521 5088 pro
556 5020 651 5073 καὶ
700 5035 898 5090 κτησαι
921 5037 935 5054 ·
976 5021 1118 5092 quod
1149 5021 1324 5076 minus
1347 5024 1599 5088 coltaeret,
1630 5039 1729 5080 nec
1748 5034 1834 5080 est

280 5088 423 5166 altud
453 5103 615 5160 quam
642 5090 927 5158 antiquarii
960 5091 1158 5159 lapsus.
1187 5089 1389 5146 lndicat
1418 5093 1658 5147 Asterius
1675 5109 1832 5150 ocea-

279 5170 484 5213 stonem
506 5160 818 5238 ‚sumpsisse
847 5160 1132 5214 enarrandi
1175 5160 1332 5244 hujus
1379 5160 1480 5214 loci
1509 5175 1573 5214 ex
1606 5162 1834 5219 lectione

279 5226 607 5296 evangelica,
637 5238 695 5281 ut
729 5243 843 5282 mos
874 5229 959 5283 ille
985 5230 1189 5299 legendi
1223 5228 1493 5298 Evangelii
1538 5230 1678 5286 inter
1704 5231 1832 5288 Mis·

281 5310 465 5373 sarum
491 5296 774 5362 solemnia,
805 5312 907 5352 non
943 5301 1098 5353 unius
1122 5298 1618 5368 llierosolyutitauae
1648 5300 1833 5356 Recte-

275 5368 881 5507 ssntziifitfzm53⁸s“
914 5377 1006 5492 ⁵25
1036 5370 1275 5491 dixisti:
1291 5367 1834 5494 εἶὲῗὲἓέἐῖἰηῗὶοῗὶἱο

278 5502 482 5569 munis,
517 5515 577 5559 ut
626 5504 771 5560 nullo
820 5475 942 5559 in'de
987 5517 1318 5578 argumento,
1378 5508 1498 5560 aliis
1551 5507 1835 5578 abrogatos

277 5584 579 5641 sermones,
603 5575 777 5629 eidem
803 5585 1035 5631 assertos
1061 5576 1238 5633 faciat.
1267 5572 1508 5645 Forsque
1534 5590 1639 5632 non
1667 5590 1833 5646 panea

277 5638 398 5706 elus
420 5643 487 5695 ad
511 5645 653 5700 idem
673 5655 988 5714 argumenta
1017 5645 1148 5700 nibil
1175 5645 1266 5699 illo
1296 5645 1563 5700 robustius
1583 5647 1832 5702 babeant.

278 5706 448 5766 Paulo
481 5712 705 5771 inferius
731 5712 817 5780 τὸ,
842 5711 1116 5777 δικάζεται
1144 5715 1236 5768 καὶ
1273 5713 1514 5784 φέρεται,
1541 5716 1741 5774 mutavi
1780 5716 1837 5774 in

1940 4596 2089 4651 abire
2144 4592 2463 4663 oportebat,
2519 4589 2840 4644 destinatum
2899 4587 3223 4654 cogitantem
3282 4580 3497 4646 locum,

1950 4686 2088 4741 alius
2136 4684 2406 4757 quispiam
2438 4680 2614 4736 viator
2644 4677 2874 4732 accessit
2900 4694 2915 4729 ε
2952 4691 3015 4729 ae
3051 4684 3105 4728 tu
3136 4670 3352 4744 quidem
3379 4685 3497 4725 sar-

1943 4777 2118 4831 cinam
2168 4771 2432 4830 sustulisti
2502 4769 2651 4842 (tt);
2693 4767 2785 4823 ille
2833 4766 3113 4835 deposuit,
3153 4774 3348 4832 tuaque
3382 4774 3498 4816 ont-

1934 4955 2181 5022 δικάζετε
2206 4963 2260 5010 et
2295 4956 2510 5028 φέρετε.
2542 4952 2734 5020 Liquet
2760 4950 2812 5006 in
2839 4949 3098 5017 ejusmodi
3126 4945 3299 5002 facilis
3333 4959 3496 5001 caco·

1936 5026 2180 5097 graphia.
2211 5026 2255 5081 T
2294 5043 2322 5078 ν
2346 5024 2642 5079 ὑπεύθυνον
2685 5021 2813 5074 dicit
2844 5017 3173 5084 πλεονεξίαν,
3216 5015 3283 5069 ad
3333 5029 3496 5084 quam

1938 5096 2115 5149 animo
2178 5110 2274 5164 pro
2315 5095 2559 5162 igandam
2618 5092 2862 5145 bortatur
2913 5088 3226 5151 auditores,
3283 5099 3390 5138 nou
3439 5092 3498 5139 ut

1943 5165 2171 5235 quisque
2233 5164 2498 5219 calculum
2573 5160 2967 5214 damnatorium
3034 5157 3171 5211 ferat
3238 5153 3500 5210 »ds-ersus

1938 5247 2089 5288 suam
2118 5233 2371 5296 anintam,
2405 5240 2465 5286 ut
2493 5232 2693 5284 absone
2723 5227 2950 5282 reddidit
2981 5225 3266 5293 interpres.

2008 5301 2120 5372 (ss)
2160 5301 2435 5355 sarcinam
2470 5298 2750 5361 sustulisti,
2797 5295 2882 5351 σὺ
2912 5294 3031 5365 μὲν·
3065 5294 3340 5365 ὲφόρεοις
3383 5291 3503 5362 τὴν

1937 5368 2307 5438 ἀποσκευήν,
2362 5369 2630 5439 interpres
2678 5382 2782 5421 non
2828 5367 3021 5421 reddit.
3079 5364 3302 5419 Dur-:eus
3350 5371 3501 5431 putat

1938 5440 2110 5493 locunt
2164 5441 2512 5503 mendosum,
2579 5438 2759 5506 aitque
2834 5434 3066 5489 fortasse
3109 5434 3450 5490 scribendum
3480 5447 3497 5485 s

1939 5506 2051 5563 Kal
2075 5509 2139 5562 σὺ
2177 5508 2275 5579 μὲν
2305 5506 2605 5578 ἐφόρτιζες.
2633 5504 2745 5574 Ego
2774 5503 2905 5558 nibil
2943 5512 3180 5558 erratum
3213 5513 3361 5571 puto.
3405 5497 3500 5555 sed

1945 5592 2097 5633 usum
2132 5577 2400 5631 Asterium
2428 5589 2557 5630 voce
2587 5576 2761 5628 minus
2786 5573 3080 5639 communi,
3132 5571 3274 5630 afflui
3314 5580 3491 5626 tamen

1941 5646 2039 5721 τιῖ»,
2071 5644 2329 5720 φορτίζω,
2353 5659 2419 5700 ac
2444 5658 2513 5700 ex
2539 5644 2725 5699 eadem
2750 5643 2972 5698 radicet
3001 5652 3062 5697 ut
3085 5656 3184 5713 pro
3211 5655 3278 5697 eo
3307 5635 3504 5695 melue-

1941 5717 2015 5772 rit
2042 5715 2278 5788 φορτόω·
2311 5715 2453 5785 quod
2479 5720 2765 5783 utrumque
2783 5712 2857 5769 sit
2878 5725 3057 5779 onere,
3085 5725 3217 5764 ortas
3233 5706 3379 5764 totto.
