3725 6125
299 305 412 373 3523

1581 293 1637 358 S.
1685 287 1958 356 Asissntt
2007 287 2309 357 AMASEN't

3469 296 3574 365 356

301 433 478 504 gratia
518 428 788 483 condonet
811 464 826 486 ,
878 430 934 476 et
974 416 1342 475 misericordia
1387 426 1536 472 curet
1579 425 1742 486 atque
1774 431 1871 471 ex·
1900 420 1949 477 A
1975 416 2112 488 πρὸς
2172 416 2382 480 πάντας
2438 414 2743 480 ὲκδοῶντος
2778 416 2883 483 ὅτι,
2917 415 3130 485 οὐδεὶς
3165 420 3432 489 καθαρὸς
3456 423 3577 480 ἀπὸ

301 526 434 595 piet.
471 520 604 589 Quis
637 526 817 573 autem
854 512 990 566 adeo
1034 511 1253 572 surdus,
1282 507 1373 577 qui
1409 508 1569 562 verba
1618 504 1720 561 Job
1773 522 1879 561 nou
1980 513 2205 581 ῥύπου,
2226 508 2413 581 ἡμέρα
2434 510 2560 565 οὐδ’
2586 509 2838 580 dlv-plavi
2861 507 2974 580 ζωὴ
2995 510 3185 566 αὑτοῦ
3208 509 3383 582 (Βίης
3408 516 3510 581 Τις
3530 515 3579 573 δ’

303 612 661 673 exaudiverit,
717 606 860 662 clara
915 617 1051 657 voce
1117 602 1200 657 sie
1260 614 1450 655 omnes
1512 599 1838 670 alloquentis
1866 618 1882 655 ι

307 706 478 763 Nemo
510 702 735 757 nnn-ndns
768 715 801 752 a
831 697 1007 760 sorde,
1056 712 1118 750 ne
1149 693 1328 762 itesam
1360 692 1593 761 quidem,
1627 692 1779 762 cujus
1809 702 1884 747 est

304 797 459 853 unius
483 793 589 846 diei
616 791 723 845 vita
736 803 901 873 ,super
920 795 1116 840 terram
1154 784 1199 819 ⁸⁹
1218 785 1243 839 ἲ
1263 784 1586 855 Quanquam
1639 786 1761 862 quis
1803 793 1890 841 est

1988 602 2056 657 ἂν
2085 600 2379 674 σωφρονῶν
2419 599 2673 656 τοσοῦτον
2710 598 3052 673 φρονήσειεν,
3094 601 3176 666 ὡς
3199 603 3583 677 ὑποκείμενος

1990 694 2264 760 εὐθύναις,
2294 689 2389 749 iat
2428 692 2629 758 ταύτας
2667 693 2726 749 ἐν
2747 694 3085 767 δικαστηρίῳ
3120 694 3285 761 Θεοῦ,
3326 699 3583 778 περιττόν

1993 784 2200 841 οἴεσθαι
2221 784 2575 856 συγγνώμην,
2614 786 2711 839 καὶ
2748 785 2968 856 ἀχρεῖον
3008 785 3099 839 τὸν
3127 784 3313 857 ἕλεονς

308 897 414 942 tam
438 882 599 951 frugi,
633 882 759 951 quis
788 892 896 934 tam
946 878 1195 956 modeste
1240 891 1300 931 se
1331 876 1489 945 gerit,
1523 877 1614 945 qui
1651 876 1696 930 si
1727 877 1886 932 modo
1924 879 2119 949 sapiat,
2147 892 2271 931 cum
2302 877 2562 932 rationem
2607 876 2775 931 totius
2803 875 2929 930 vitae
2961 889 3073 930 suae
3134 878 3451 938 redditurus
3489 882 3584 961 sit,

304 976 463 1049 mque
506 975 561 1029 in
613 972 709 1027 Dei
762 970 969 1041 judicio
1013 969 1375 1034 constitutus,
1427 984 1893 1038 supervacaneum
1917 979 2089 1043 putet.
2121 969 2273 1025 alteri
2330 970 2645 1039 ignoscere,
2689 976 2746 1024 et
2792 969 3223 1024 misericordiam
3262 972 3584 1042 impertiri?

328 1101 335 1109 ·
372 1068 524 1135 Quod
560 1066 604 1121 si
638 1066 704 1120 ad
731 1081 1005 1119 summum
1027 1063 1255 1132 justitiae
1283 1062 1683 1131 probitatisque
1725 1063 1886 1118 fasti-

302 1161 445 1232 gium
485 1156 882 1227 pervenissent,
941 1156 1079 1209 adeo
1098 1163 1183 1219 ut,
1241 1152 1701 1224 quemadmodum
1752 1155 1890 1210 scri·

302 1262 451 1323 ptum
497 1259 582 1304 est
626 1248 710 1315 ⁸⁸,
784 1262 948 1317 super
1003 1247 1318 1318 scorpiones
1356 1255 1555 1326 ⁸atque
1607 1258 1891 1317 serpentes

301 1343 594 1407 calcarent,
650 1340 1088 1412 pronuntiatique
1140 1347 1323 1393 essent
1386 1338 1679 1405 victores(
1713 1347 1768 1393 et
1822 1339 1891 1393 de

305 1444 529 1507 peccato
565 1434 892 1503 triumphum
943 1440 1350 1500 reportassent,
1403 1445 1509 1485 non
1560 1440 1739 1513 tamen
1784 1431 1884 1487 de-

304 1527 493 1581 berent
534 1524 762 1594 aliorum
794 1522 1039 1579 omniunt
1088 1522 1254 1575 vitam
1291 1522 1358 1576 ad
1405 1521 1735 1578 fortitudinis
1776 1536 1888 1576 snae

2055 1063 2119 1119 Εἰ
2163 1061 2222 1118 δὲ
2274 1063 2371 1118 καὶ
2417 1062 2555 1135 πρὸς
2596 1062 2659 1116 τὸ
2722 1061 3021 1135 άκρότατον
3074 1064 3431 1137 δικαιοσύνης
3484 1067 3583 1123 καὶ

1987 1154 2274 1228 άκριδείας
2301 1150 2443 1227 ἦσαν
2489 1153 2839 1225 ἐληλακότες,
2871 1154 3216 1227 πατήσαντες
3258 1156 3318 1210 δὲ
3344 1158 3575 1229 άληθῶς,

1986 1247 2126 1302 κατὰ
2154 1247 2215 1300 τὸ
2244 1246 2654 1317 γεγραμμένον,
2696 1245 2882 1299 ὲπάνω
2912 1245 3089 1315 ὄφεων
3135 1248 3232 1301 καὶ
3280 1251 3564 1321 σκορπίων,

1989 1337 2206 1408 νικηταί
2239 1337 2297 1390 δὲ
2330 1336 2426 1391 καὶ
2464 1338 2779 1404 στεφανῖται
2812 1337 2958 1390 κατά
3025 1337 3127 1407 τῆς
3173 1339 3437 1410 ἁμαρτίας
3473 1340 3564 1395 ἀν·

1988 1427 2364 1502 ηγορεύθησαν
2386 1448 2399 1460 ·
2425 1428 2531 1481 οὐδ’
2554 1427 2725 1493 οῦτως
2765 1430 2933 1501 ἐχρῆν
2968 1429 3106 1500 πρὸς
3134 1431 3233 1502 τὴν
3263 1432 3455 1485 οἰκείαν
3483 1433 3567 1487 ἀν·

1991 1520 2175 1593 δρείαν
2207 1520 2303 1575 καὶ
2331 1518 2443 1573 τῶν
2464 1519 2640 1574 ἄλλων
2672 1520 2929 1574 ἁπάντων
2970 1520 3274 1585 κανονίζειν
3301 1523 3393 1576 τδν
3432 1522 3569 1594 βίον·

305 1619 544 1685 regulam
570 1616 813 1685 ,dirigere
848 1621 904 1668 et
945 1611 1266 1682 explorare,
1327 1612 1419 1666 sed
1461 1610 1716 1664 virtutem
1760 1627 1889 1683 prn-
1919 1624 1960 1680 Β
1990 1612 2126 1669 ἀλλὰ
2157 1614 2258 1685 τῆς
2297 1612 2395 1684 μὲν
2434 1612 2572 1676 ἰδίας
2605 1610 3009 1684 εὐδοκιμήσεως
3060 1612 3140 1683 τῷ
3170 1613 3433 1668 δεδωκότι
3459 1613 3579 1686 Θεῷ

304 1712 475 1781 priam
524 1718 803 1776 acceptam
850 1703 1149 1759 referentes
1179 1702 1266 1770 ei,
1321 1703 1476 1771 eujus
1530 1701 1794 1758 beneflcio
1836 1709 1894 1755 et

303 1813 530 1856 munere
562 1796 752 1866 sdjmi,
785 1796 951 1850 vitam
982 1794 1257 1863 sapienter
1297 1792 1665 1857 instituentes,
1687 1791 1896 1846 Adver-

307 1889 438 1945 sarii
475 1884 869 1943 tentationibus
903 1898 1010 1938 non
1043 1881 1481 1944 succubuissent.
1512 1882 1893 1948 imbecilliori-

310 1983 410 2039 bus
437 1979 761 2051 afflictisque
788 1975 1042 2031 fraternae
1065 1972 1416 2044 benignitatis
1441 1973 1722 2029 dexteram
1761 1989 1891 2045 por-

305 2072 506 2144 rigere,
552 2083 755 2140 eosque
812 2081 844 2120 a
899 2064 1105 2136 peccati
1164 2063 1277 2119 luto
1319 2072 1374 2118 et
1434 2063 1894 2133 inquinationibus

305 2167 520 2236 eripere
573 2171 737 2231 atque
766 2156 1031 2225 excit—are.
1083 2153 1198 2209 [loc
1244 2154 1388 2210 enim
1432 2165 1590 2225 pacto
1629 2154 1894 2224 duplicem

307 2258 522 2313 landem
580 2251 838 2314 assecuti,
899 2259 1012 2304 tum
1083 2248 1319 2319 propriae
1367 2246 1721 2313 fortitudinis,
1778 2255 1893 2302 tum

304 2349 563 2404 fraternae
608 2340 990 2407 immanitatis,
1039 2338 1430 2394 misericordias
1481 2339 1702 2409 praemia
1757 2338 1897 2394 rcci-

304 2447 514 2509 perent.
569 2433 722 2490 Nunc
750 2442 969 2498 antem,
999 2446 1122 2486 cum
1164 2430 1415 2486 homines
1463 2431 1572 2484 sint
1605 2443 1671 2484 ex
1704 2443 1896 2485 eorum

307 2542 555 2591 numero,
606 2524 699 2594 qui
752 2521 904 2577 hmui
957 2531 1172 2591 repunt.
1224 2522 1506 2589 vitamque
1553 2519 1752 2592 degant
1788 2536 1895 2575 nou

306 2618 622 2689 angelorum
648 2624 703 2668 et
728 2612 1034 2667 coelestium
1066 2610 1280 2665 illarum
1311 2611 1602 2677 mentium,
1629 2626 1752 2679 quat
1775 2626 1899 2667 cor-

306 2724 442 2782 pore
463 2714 672 2769 carent,
703 2703 828 2758 vitae
859 2702 1116 2764 similent,
1143 2702 1235 2757 sed
1273 2702 1461 2766 talem,
1501 2716 1622 2772 quae
1656 2703 1710 2756 in
1755 2701 1901 2771 judi·

312 2801 458 2856 cium
492 2797 672 2854 vocari
706 2805 870 2866 atque
899 2794 1149 2866 redargui
1185 2795 1379 2863 possit,
1416 2809 1635 2849 severos
1663 2804 1715 2848 et
1749 2809 1898 2850 acer·

316 2894 414 2947 bos
469 2903 531 2946 se
586 2886 798 2958 judices
843 2884 1105 2956 praebent,
1163 2892 1553 2955 contractoque
1609 2884 1899 2954 supercilio

1990 1706 2091 1778 τὴν
2144 1706 2301 1779 χάριν
2363 1703 2666 1776 ὁμολογεῖν,
2715 1704 2799 1757 ὃτι
2850 1704 2947 1756 καὶ
3007 1702 3170 1773 φύσιν
3230 1705 3580 1777 ἡγεμονικῶς

1992 1794 2317 1869 ήνιόχησαν,
2351 1796 2445 1849 καὶ
2478 1795 2801 1866 πειρασμῶν
2841 1797 3146 1851 σατανικῶν
3184 1797 3289 1851 ούκ
3334 1798 3581 1867 ἐγένοντο

1994 1889 2240 1960 χείρους·
2273 1889 2388 1951 τοῖς
2427 1886 2486 1941 δὲ
2517 1886 2880 1959 άσθενήσασιν
2905 1886 3120 1959 ὀρέγειν
3169 1888 3582 1963 φιλανθρωπίας

1992 1978 2191 2045 δεξιάν,
2228 1980 2321 2032 καὶ
2367 1978 2673 2049 ἀνεγείρειν
2704 1980 2768 2031 ὲκ
2810 1977 2903 2033 τοῦ
2935 1979 3131 2050 πηλοῦ,
3170 1983 3267 2035 καὶ
3296 1982 3580 2055 καθαίρειν

1995 2074 2061 2126 ὲκ
2112 2071 2219 2126 τῶν
2275 2071 2657 2143 μολυσμάτων.
2707 2071 2938 2126 Διπλοῦν
2994 2073 3105 2145 γάρ
3151 2073 3219 2128 ἂν
3268 2073 3446 2140 οῦτως
3487 2076 3579 2132 τὸν

1994 2163 2216 2218 ἔπαινον
2260 2164 2481 2235 ήραντο,
2509 2162 2612 2233 τῆς
2641 2180 2701 2217 τε
2737 2164 2872 2229 ἰδίας
2901 2164 3271 2237 ἀνδραγαθίας
3300 2167 3439 2237 ὁμοῦ
3484 2169 3581 2222 καὶ

1994 2254 2099 2326 τῆς
2131 2254 2459 2326 φιλαδέλφου
2504 2257 2601 2310 καὶ
2646 2258 2887 2327 χρηστῆς
2938 2255 3285 2328 συμπαθείας
3333 2258 3401 2313 τά
3444 2260 3580 2332 γέρα

1994 2345 2385 2417 λαμὸάνοντες.
2417 2347 2554 2401 Νυνὶ
2584 2345 2640 2400 δὲ
2672 2346 2951 2417 ἄνθρωποί
2978 2364 3039 2400 τε
3075 2346 3230 2412 δντες
3260 2348 3378 2427 τῶν
3409 2351 3581 2421 χαμαὶ

1996 2440 2327 2511 ἐρχομένων,
2367 2438 2464 2495 καὶ
2501 2439 2700 2503 ζῶντες
2728 2438 2841 2508 βίον
2867 2440 2929 2492 ού
2959 2438 3051 2492 τὸν
3086 2439 3384 2509 άγγελικδν
3415 2443 3581 2512 ἐγγὺς

1996 2530 2105 2584 τῶν
2146 2532 2476 2601 ἀσωμάτων,
2516 2529 2651 2583 ἀλλά
2682 2530 2943 2591 τοιοῦτον,
2966 2524 3078 2585 οἷον
3120 2531 3188 2587 ἄν
3222 2548 3311 2597 τις
3352 2533 3448 2587 καὶ
3490 2531 3581 2588 ὑπ’

1998 2619 2230 2686 εὐθύνας
2249 2620 2449 2691 ἀγάγοι
2479 2622 2573 2675 καὶ
2599 2621 2894 2691 σκῶψειεν·
2922 2620 3238 2686 δικάζουσιν
3270 2623 3581 2697 αὐστηρῶς,

1999 2713 2092 2765 καὶ
2124 2710 2262 2782 μετά
2308 2710 2506 2782 πολλῆς
2550 2710 2649 2778 τῆς
2691 2709 2976 2773 αύθεντίας
3005 2710 3105 2780 τὴν
3151 2711 3584 2782 κατακρίνουσαν

2001 2802 2226 2873 φέρουσι
2255 2799 2436 2871 ψῆφον
2456 2817 2470 2831 ·
2503 2799 2579 2863 ὡς
2617 2799 2715 2870 ἐμὲ
2746 2798 3002 2862 πολλάκις
3028 2798 3136 2854 ύπδ
3166 2798 3265 2855 τοῦ
3292 2800 3463 2870 τύφου
3489 2802 3584 2857 καὶ

1998 2893 2099 2964 τῆς
2128 2892 2447 2957 ἀλαζονείας
2471 2890 2904 2962 ἀποπνιγόμενον
2935 2891 3113 2945 εἰπεῖν
3147 2892 3235 2945 ἐπ’
3259 2894 3448 2957 αὐτοῖς
3485 2893 3584 2958 τὰς

313 2980 639 3039 sententiam
671 2977 872 3040 ferunt.
902 2984 957 3031 et
988 2976 1268 3042 damnant,
1313 2983 1373 3029 ut
1414 2989 1603 3030 eorum
1643 2974 1899 3043 superbia
1927 2971 1970 3029 C
2003 2984 2366 3055 εὐαγγελιχὰς
2411 2986 2599 3057 ῥήσεις
2623 3026 2640 3050 ‚
2683 2984 2766 3038 ὅτι
2799 2983 2899 3049 τὰς
2929 2981 3124 3049 δοκοὺς
3163 2986 3225 3038 ὲν
3264 2988 3381 3060 ⁴⁹93<
3436 2986 3585 3051 [διας

315 3072 738 3145 arrogantiaque
767 3076 1073 3126 commotus
1097 3081 1263 3137 cogar
1292 3080 1388 3121 eos
1414 3064 1689 3133 Evangelii
1717 3064 1900 3119 verbis

316 3164 685 3236 compellare:
719 3161 808 3230 qui
854 3174 977 3215 cum
1016 3159 1195 3213 trabes
1227 3155 1465 3228 propriis
1500 3156 1554 3211 in
1595 3156 1771 3212 oculis
1798 3170 1900 3211 ex-

318 3260 574 3314 sistentes
597 3270 706 3311 non
740 3261 993 3318 cernant,
1027 3265 1094 3306 ex
1131 3249 1360 3304 aliorum
1394 3249 1566 3306 oculis
1612 3248 1781 3304 velint
1818 3247 1897 3303 l'e-

320 3360 506 3405 stucas
535 3338 733 3416 ejicere
778 3342 824 3376 ’¹
862 3359 878 3398 ι
919 3354 1150 3410 cumque
1182 3338 1502 3408 gravissima
1533 3353 1709 3397 onera
1736 3346 1901 3394 cate-

324 3454 509 3493 rorum
541 3436 782 3491 humeris
812 3435 1113 3502 imponant,
1159 3431 1333 3484 severi
1365 3429 1574 3496 judices
1619 3430 1899 3494 incedunt,

323 3544 521 3587 etcum
549 3527 843 3583 imbecilles
869 3524 968 3596 ipsi
991 3538 1129 3579 onus
1168 3537 1323 3577 suum
1357 3520 1499 3576 ferre
1531 3537 1636 3576 uon
1669 3523 1897 3590 possint,

321 3623 520 3680 Christi
550 3618 785 3673 tribunal
828 3622 1228 3687 praeoccupant,
1258 3623 1315 3668 et
1339 3612 1539 3683 judicis
1577 3616 1897 3668 sententiam

323 3713 660 3786 proripiunt.
697 3709 1254 3771 ServieontumaceS,
1285 3704 1378 3774 qui
1410 3703 1688 3760 conservis
1719 3703 1899 3758 immi

324 3819 408 3864 tes
438 3821 497 3861 se
529 3815 690 3876 atque
715 3800 1077 3857 inexorabiles
1109 3799 1374 3869 praebent.

396 3898 453 3952 Si
489 3898 651 3951 Deum
703 3893 900 3964 cupitis
950 3889 1217 3952 oetttttlari,
1258 3887 1401 3956 quod
1454 3887 1520 3941 ad
1554 3884 1669 3955 ejus
1710 3885 1902 3955 imagi-

325 4004 448 4045 nem
486 3988 611 4041 sacti
659 3987 799 4048 sitis,
856 3980 1165 4050 exemplum
1232 3978 1400 4047 ipsius
1431 3979 1738 4034 imitamini.
1770 3979 1900 4044 Vos,

325 4077 422 4147 qui
458 4073 746 4129 Christiani
775 4070 926 4136 estis,
963 4069 1054 4138 qui
1101 4068 1318 4121 nomine
1348 4067 1463 4135 ipso
1509 4069 1901 4123 humanitatem

328 4165 674 4239 profitemini,
703 4161 989 4216 imitamini
1018 4159 1221 4214 Cbristi
1263 4158 1606 4214 charitatem.
1645 4159 1905 4228 Benigni-

328 4259 458 4313 tatis
482 4257 601 4326 ejus
643 4254 861 4309 divitias
899 4251 1262 4314 considerate,
1304 4251 1396 4321 qui
1433 4267 1554 4304 cum
1602 4265 1697 4319 per
1723 4249 1901 4304 bomi-

331 4365 454 4406 uem
481 4352 546 4405 ad
579 4350 823 4404 homines
860 4356 1120 4399 venturus
1152 4353 1322 4406 esset,
1354 4345 1614 4413 praemisit
1637 4341 1899 4398 loannem

331 4438 664 4510 poeuitentiae
709 4451 1010 4507 proeconem
1037 4445 1091 4491 et
1131 4434 1343 4499 ducem,
1379 4442 1434 4490 et
1464 4445 1591 4488 ante
1637 4431 1900 4489 loannem

331 4524 623 4594 propbetas
669 4536 880 4586 onmes,
930 4521 1022 4591 qui
1058 4521 1317 4576 docerent
1365 4520 1631 4586 homines,
1679 4531 1739 4576 ut
1768 4524 1903 4578 resi-

330 4615 620 4688 piscerent,
665 4624 723 4666 nt
760 4613 998 4667 redirent
1034 4612 1086 4666 iu
1113 4612 1279 4677 viam,
1307 4624 1363 4665 et
1386 4615 1453 4666 ad
1478 4614 1759 4668 meliorem
1790 4615 1901 4669 iru-

331 4725 452 4781 gem
487 4720 607 4762 sese
638 4711 1038 4760 converterent..
1069 4701 1192 4757 Mox
1239 4705 1356 4774 ipse
1385 4704 1606 4759 veniens
1637 4718 1733 4759 ore
1775 4720 1903 4774 pro-

333 4800 450 4870 prio
480 4796 747 4853 clamabat
787 4807 855 4848 ex
883 4807 1112 4864 persona
1141 4809 1277 4849 sua:
1329 4790 1504 4848 Venite
1531 4794 1603 4848 ad
1641 4809 1754 4861 me,
1784 4810 1902 4846 om·

333 4907 442 4955 nes,
494 4889 583 4959 qui
635 4885 888 4940 laboratis
929 4892 977 4937 et
1015 4885 1218 4937 onerati
1263 4883 1418 4947 estis,
1453 4895 1500 4936 ει
1546 4899 1640 4953 eqo
1672 4875 1904 4950 reficiant

331 4998 422 5037 vos
482 4982 551 5033 ⁹¹¹.
589 4979 872 5048 Quomodo
918 4987 1100 5031 autem
1187 4990 1374 5029 vocem
1425 4990 1578 5030 suam
1627 4977 1906 5031 audientes

333 5071 586 5142 excepit?
639 5069 851 5125 facilem
901 5068 983 5123 eis
1031 5076 1376 5139 peecatorum
1421 5068 1625 5121 veniam
1682 5066 1907 5137 largitus

336 5173 439 5228 est,
473 5162 726 5218 celeriter
761 5162 908 5230 ipsos
947 5169 1002 5214 et
1037 5167 1311 5213 momentu
1342 5160 1602 5230 temporis
1652 5161 1720 5214 ab
1751 5161 1837 5225 iis,
1878 5176 1908 5217 a

334 5254 531 5324 quibus
560 5255 912 5323 angebantur,
949 5249 1233 5304 liberavitt
1277 5247 1509 5304 Verbum
1533 5261 1752 5307 sanctos
1784 5253 1906 5307 red·

336 5342 497 5408 diunt,
548 5342 782 5412 Spiritus
828 5340 1203 5406 confirmavit,
1248 5351 1401 5395 vetus
1458 5343 1618 5396 ltomo
1664 5343 1716 5396 in
1761 5357 1902 5411 aqua

336 5435 581 5506 sepultus
603 5450 706 5500 est,
736 5450 905 5491 noxus
951 5444 1259 5505 generatus,
1289 5435 1459 5504 gratia
1505 5433 1704 5491 floruit.
1759 5437 1903 5503 Quid

2000 3078 2298 3150 ὀφθαλμοῖς
2327 3077 2402 3148 μὴ
2442 3077 2753 3147 βλέποντες,
2779 3075 2891 3130 τῶν
2924 3075 3226 3153 ἀλλοτρίων
3250 3077 3426 3146 ὄψεων
3449 3080 3581 3133 ἀπο·

2002 3171 2209 3241 φυσᾶτε
2246 3168 2313 3223 τὰ
2362 3167 2548 3239 κάρφη
2569 3183 2583 3198 ·
2634 3167 2730 3222 καὶ
2779 3166 2847 3222 τά
2894 3165 3177 3238 βαρύτατα
3226 3170 3419 3243 φορτία
3465 3171 3577 3231 τοῖς

2001 3263 2182 3325 ἄλλοις
2222 3260 2597 3331 δεσμεύοντες,
2638 3262 3006 3331 περινοστεῖτε
3046 3259 3229 3332 βαρεῖς
3265 3261 3445 3332 κριταὶ
3475 3262 3569 3313 καὶ

2000 3348 2246 3414 ἀσθενεῖς
2289 3349 2608 3422 ἀχθοφόροι,
2638 3348 2700 3402 τὸ
2741 3348 2893 3419 βῆμα
2928 3347 3026 3402 τοῦ
3055 3346 3275 3421 Χριστοῦ
3315 3348 3560 3418 προλαμ-

2002 3441 2275 3504 6άνοντες,
2319 3437 2414 3493 καὶ
2439 3436 2555 3499 τοῦ
2588 3437 2779 3510 κριτοῦ
2827 3437 2925 3511 τὴν
2971 3438 3240 3527 ἀπόφασιν
3283 3440 3563 3515 προαρπά-

2002 3533 2218 3599 ζοντες’
2261 3530 2436 3585 δοῦλοι
2471 3526 2911 3601 καταφρονηταὶ,
2954 3527 3051 3583 καὶ
3084 3520 3435 3602 ἀπαραίτητοι
3458 3528 3569 3584 τῶν

2002 3622 2306 3695 ὁμοδούλων
2333 3621 2538 3695 κριταί.

2072 3887 2137 3942 Εἰ
2182 3886 2406 3959 ζηλοῦτε
2443 3885 2596 3952 Θεὸν,
2636 3884 2713 3950 ὡς
2744 3886 2866 3940 κατ’
2907 3882 3092 3940 εἰκόνα
3127 3883 3475 3954 κτισθέντες,
3505 3903 3590 3958 μι-

2008 3979 2255 4053 μήσασθε
2321 3978 2475 4049 ὑμῶν
2526 3977 2619 4032 τὸν
2668 3977 3006 4049 ἀρχέτυπον·
3062 3969 3108 4028 ὦ
3158 3977 3501 4048 Χριστιανοὶ,
3526 3975 3583 4028 τὸ

2005 4071 2383 4142 φιλάνθρωπον
2443 4069 2613 4140 δνομα
2637 4111 2653 4135 ,
2705 4066 2984 4140 ζηλώσατε
3026 4062 3121 4119 τοῦ
3179 4065 3429 4137 Χριστοῦ
3488 4064 3577 4134 τήν

2005 4165 2225 4234 ἀγάπην
2244 4179 2259 4195 ·
2295 4161 2638 4231 ἀποδλέψατε
2670 4160 2807 4232 πρὸς
2843 4159 2934 4213 τὸν
2970 4154 3201 4211 πλοῦτον
3241 4157 3346 4227 τῆς
3379 4156 3578 4209 ἐκείνου

2008 4256 2435 4328 φιλανθρωπίας.
2470 4255 2695 4310 Μέλλων
2723 4255 2832 4326 γάρ
2865 4249 3169 4324 ἀνθρώποις
3198 4247 3583 4317 ἐπιφαίνεσθαι

2006 4348 2071 4401 δι’
2106 4346 2417 4420 ἀνθρώπου,
2464 4344 2781 4418 προκαθῆκε
2822 4342 2921 4415 μὲν
2960 4341 3051 4395 τὸν
3088 4339 3372 4410 Ἰωάννην,
3422 4353 3584 4408 μετα-

2006 4440 2155 4503 νοίας
2203 4440 2419 4510 κήρυκα
2436 4477 2452 4503 ,
2501 4436 2859 4510 μεταμελείας
2891 4431 3211 4504 εἰσηγητὴν,
3249 4430 3348 4484 καὶ
3381 4431 3585 4492 πάντας

2008 4530 2115 4600 πρὸ
2165 4529 2411 4584 Ἰωάννου
2464 4527 2753 4600 προφήτας
2818 4523 3155 4594 ἐπιστροφῆς
3204 4520 3584 4581 διδασκάλους.

2007 4617 2142 4674 Εἶτα
2174 4620 2268 4672 καὶ
2308 4619 2467 4684 αὐτὸς
2511 4618 2627 4689 μετ’
2657 4618 2834 4686 ὀλίγον
2876 4615 3183 4686 ἐπιφανεὶς,
3210 4611 3395 4683 οἰκίᾳ
3434 4611 3585 4680 φωνῇ

2011 4710 2109 4782 βοᾷ
2139 4692 2604 4781 αύτοπροσὼπως·
2636 4707 2815 4762 Δεῦτε
2838 4707 2991 4776 πρὸς
3020 4706 3117 4776 μὲ,
3154 4703 3384 4770 πάντες
3411 4707 3467 4758 οἱ
3489 4719 3590 4756 κο-

2010 4801 2262 4869 πιῶντες
2319 4801 2421 4856 καί
2478 4798 2976 4870 πεφορτισμένοι,
3028 4797 3191 4868 κάγὼ
3247 4796 3586 4852 ἀναπαύσω

2009 4889 2185 4961 ὑμᾶς.
2212 4892 2349 4956 Τοὺς
2378 4890 2435 4945 δὲ
2456 4894 2523 4962 τῇ
2552 4890 2742 4960 κλήσει
2766 4888 3086 4953 πεισθέντας
3113 4887 3232 4951 πῶς
3256 4872 3582 4951 omagium

2014 4983 2244 5036 Ἀπονον
2279 4982 2477 5037 ἔδωκεν
2504 4981 2612 5036 τῶν
2637 4983 2856 5054 ἀμαρτη
2864 4981 3048 5053 μάτων
3074 4979 3173 5045 τὴν
3197 4978 3416 5048 ἄφεσιν,
3446 4977 3583 5030 ἀκα-

2017 5071 2195 5145 ριαίαν
2225 5073 2313 5126 καί
2345 5072 2605 5141 σύντομον
2632 5069 2731 5141 τὴν
2763 5070 2872 5124 τῶν
2899 5067 3209 5123 λυπούντων
3227 5062 3579 5134 ἀπαλλαγήν·

2014 5162 2186 5232 Λόγος
2213 5163 2460 5234 ἡγίασεν,
2479 5162 2702 5234 Πνεῦμα
2744 5163 3106 5235 ἐσφράγισεν·
3148 5159 3178 5212 ό
3221 5157 3453 5220 παλαιὸς
3493 5155 3591 5210 άν-

2015 5252 2229 5326 θρωπος
2263 5253 2519 5325 ὲνετάφη,
2544 5255 2573 5305 ὁ
2602 5251 2718 5315 νόος
2742 5251 2960 5322 ἐτέχθη,
2985 5247 3263 5319 ἀνηὸήσας
3288 5249 3354 5318 τῇ
3383 5246 3586 5317 χάριτι.

2012 5344 2078 5397 Τί
2116 5343 2187 5397 τά
2227 5343 2387 5415 ἐξῆς;
2427 5341 2485 5396 ‘0
2523 5341 2808 5414 ἅνθρωπος
2838 5343 3070 5405 οἰκεῖος,
3118 5339 3233 5391 ἀντ’
3278 5338 3588 5409 ἀλλοτρίου.

2012 5437 2127 5500 υίὸς
2168 5437 2287 5490 ἀντὶ
2333 5436 2506 5502 ξένου,
2542 5435 2749 5508 μύστης
2779 5437 2843 5489 ὲκ
2874 5434 3133 5506 βεδήλου,
3162 5430 3320 5500 ἅγιος
3366 5430 3429 5498 ἐξ
3461 5431 3594 5484 ἀσε-

296 5591 300 5594 .
353 5563 360 5570 ·
411 5548 459 5583 ⁸⁹
487 5547 589 5605 Job
617 5563 728 5613 xtv,
756 5548 927 5603 AEsec.
963 5545 1134 5602 Lxx.
1208 5548 1254 5579 ’⁰
1287 5547 1418 5604 Luc.
1446 5564 1502 5613 x,
1530 5547 1615 5603 19.
1658 5550 1704 5581 ’¹
1745 5548 1936 5606 Mattb.
1965 5567 2062 5617 vn,
2104 5552 2158 5616 5,
2188 5553 2234 5606 l.
2309 5552 2355 5585 0'
2395 5551 2584 5606 Mattlt.
2602 5568 2687 5616 xt,
2726 5550 2818 5606 28.

412 5659 545 5730 (w)
583 5657 878 5723 Οὐδείς-
903 5658 1109 5713 αὑτοῦ.
1144 5658 1317 5714 Locus
1352 5661 1668 5717 ιιιειιιοιίιει·
1705 5662 1925 5719 citatus.
1959 5661 2138 5718 Verba
2187 5660 2370 5734 ήμέρα
2400 5660 2512 5714 οὐδ
2547 5661 2616 5716 ἂν
2648 5661 2745 5733 μία
2784 5661 2911 5734 levi·
2936 5656 3242 5715 inversione
3284 5654 3369 5711 sie
3430 5652 3600 5711 milo·

338 5734 546 5787 canda.
580 5729 690 5784 οὐδ’
727 5732 793 5784 ἂν
823 5728 921 5799 μία
951 5729 1091 5799 ὴμές
1078 5745 1152 5782 α.
1184 5730 1341 5786 Εοιτ.
1373 5728 1619 5787 Parnoi..
