3725 6125
116 319 259 377 1⁰37

1133 309 1507 368 samoni!
1547 311 1616 367 M.
1659 308 1953 365 [innuis
1992 308 2372 368 EPISTOLAE.

3241 315 3379 374 {ozri

108 434 247 489 lium
285 427 511 495 asserit,
543 425 692 497 quod
737 420 1000 481 Dominus
1035 433 1221 482 noster
1246 424 1404 483 lesus
1446 424 1696 481 Christus
1725 433 1771 490 A
1802 434 2117 495 peccatum,
2191 425 2278 479 eni
2363 422 2720 495 nosmetipsos
2777 424 3107 496 subjecimus
3164 441 3378 499 sponte.

119 522 315 588 iniens,
345 517 497 588 quod
528 515 694 571 Pater
724 515 1038 571 tradidisset
1083 515 1136 570 in
1187 529 1380 572 manus
1420 530 1546 572 suas
1576 530 1696 570 om·

122 614 228 679 sia,
264 609 508 668 surrexit
542 608 613 664 de
640 621 817 674 coena,
845 615 899 664 et
924 608 1266 665 vestimentis
1291 609 1569 680 depositis,
1599 607 1702 663 lin-

124 720 212 764 πο
242 703 512 764 accincto,
540 709 595 754 et
635 699 813 755 infusa
844 698 897 754 in
933 700 1130 770 pelvim
1173 715 1334 770 aqua,
1366 701 1594 771 coeperit
1626 701 1702 755 la·

116 808 257 850 vare
285 792 453 864 pedes
476 790 863 860 discipulorum
887 805 1135 858 suorum,
1160 802 1216 847 et
1245 801 1455 863 tergere
1483 806 1576 848 eos
1601 793 1702 846 lin·

120 896 219 941 teo
248 900 357 957 quo
380 893 497 940 erat
519 883 798 940 accinctus
822 884 843 915 ¹
900 898 966 940 eo
998 885 1146 953 quod
1173 885 1421 956 discipuli
1458 885 1698 941 humiles

124 977 257 1034 sacti
281 985 452 1032 enrit-

166 1113 171 1117 .
196 1068 317 1125 Pari
343 1067 562 1140 quidem
599 1066 833 1132 ratione,
858 1066 1192 1123 dilectissimi
1223 1068 1276 1123 in
1297 1067 1545 1134 Domino,
1574 1085 1698 1126 cnm
1730 1103 1734 1108 ·

108 1162 225 1234 jem
250 1160 498 1217 videritis
526 1159 749 1231 gloriam
783 1158 1019 1224 Domini,
1047 1168 1101 1214 et
1128 1161 1493 1230 cognoveritis
1524 1162 1701 1217 luere-

114 1253 346 1307 ditatern
396 1249 515 1321 ejus
563 1264 724 1320 quam
777 1251 910 1305 estis
964 1252 1329 1320 consecuturi,
1368 1253 1621 1308 dimittite
1669 1270 1698 1310 a

110 1341 275 1397 vobis
309 1339 539 1411 gloriam
574 1340 875 1407 bominum,
904 1353 958 1397 et
983 1341 1258 1412 persistite
1284 1342 1337 1398 ln
1370 1344 1471 1400 bac
1505 1360 1702 1415 magna

112 1431 451 1498 bumilitate,
487 1446 591 1488 nec
641 1432 909 1488 secedatis
941 1433 1008 1488 de
1040 1430 1159 1488 loco
1190 1436 1244 1489 in
1277 1434 1455 1489 locum
1485 1448 1705 1507 propter

111 1524 345 1597 gloriam
378 1524 699 1591 bominum;
733 1523 1294 1581 oblivisceminienim
1314 1535 1507 1582 vestrae
1522 1528 1706 1598 pristi-

113 1633 202 1676 ιιι
232 1618 592 1690 paupertatis.
621 1615 758 1672 Nam
800 1618 958 1675 video
1003 1617 1290 1690 quosdam,
1324 1634 1554 1689 quorum
1589 1620 1705 1677 baec

112 1716 204 1766 est
254 1706 458 1781 imago,
517 1708 799 1765 bominum
852 1709 1066 1766 scilicet
1119 1709 1344 1781 gloriam
1402 1720 1655 1782 appetere
1686 1731 1701 1769 ε

114 1815 282 1875 qnam
314 1811 498 1857 autern
549 1801 595 1857 si
627 1801 904 1858 consecuti
938 1801 1141 1857 luerint
1180 1801 1234 1857 in
1282 1805 1704 1875 congregatione
1738 1817 1780 1872 Β

121 1907 234 1948 sisoe
265 1892 638 1959 habitationis,
667 1893 734 1947 ad
761 1893 898 1950 alias
926 1908 1049 1949 sese
1082 1895 1325 1964 recipere
1351 1906 1543 1950 curant
1570 1912 1703 1950 eon-

125 1983 484 2054 gregationes,
527 1994 586 2038 nt
630 1984 884 2041 humanae
945 1985 1131 2055 gloriae
1176 1986 1257 2041 eis
1307 1988 1401 2041 liat
1440 1989 1701 2044 accessio.

19 2089 29 2128 l
130 2074 503 2145 Agnoscentes
532 2076 721 2146 itaque
749 2076 872 2141 boc,
920 2074 1072 2131 tilioli
1106 2077 1234 2144 mei,
1276 2078 1443 2133 nolite
1472 2079 1539 2135 de
1575 2095 1707 2135 eon-

19 2183 35 2224 ι
130 2166 444 2235 gregatione
476 2167 531 2222 in
568 2168 1041 2238 congregationem
1078 2184 1173 2225 vos
1205 2170 1449 2241 recipere
1481 2184 1707 2244 propter

19 2265 42 2320 i
125 2255 406 2313 bominum
454 2255 712 2329 gloriarm
737 2272 925 2315 verum
956 2267 1130 2316 estote
1151 2275 1321 2331 penes
1344 2265 1706 2336 vosmetipsos

19 2369 45 2415 ι
120 2348 269 2409 sicut
291 2348 467 2424 pueri,
514 2356 567 2405 et
616 2347 899 2406 innitemini
933 2350 1069 2407 duos
1104 2352 1226 2408 illos
1255 2352 1483 2411 loannis
1524 2356 1708 2427 Bapti-

19 2427 53 2512 β
118 2453 223 2502 sta
266 2443 579 2517 discipulos,
626 2443 715 2513 qui
760 2458 1104 2513 nequaqnam
1139 2444 1288 2499 illum
1320 2448 1702 2517 destituerunt,

19 2561 59 2606 μ
110 2532 456 2592 attendentes
503 2533 647 2607 apud
693 2532 855 2588 ulium
888 2533 1115 2605 gloriam
1157 2538 1445 2606 aucupari3
1485 2541 1577 2594 sed
1604 2557 1706 2609 ρο-

19 2643 67 2702 s„
109 2637 459 2699 noscentes,
508 2626 657 2698 quod
713 2625 976 2681 Dotuiuus
1032 2623 1191 2682 Iesus
1240 2627 1494 2687 Christus
1523 2641 1707 2718 ‚esset

19 2740 65 2796 μ
115 2719 291 2784 major
334 2715 568 2783 joanne,
602 2717 913 2775 testimonio
956 2715 1200 2786 ejusdem
1234 2717 1461 2777 loannis
1511 2723 1579 2778 de
1618 2723 1707 2779 illo

19 2835 63 2888 δ
118 2807 421 2876 pet-bibito,
450 2809 625 2863 secuti
660 2815 791 2864 sunt
820 2820 938 2862 eum
985 2817 1044 2861 ιιι
1078 2808 1274 2865 fierent
1315 2825 1380 2865 ex
1432 2816 1708 2871 renovatis

19 2922 55 2980 Ι,
120 2898 334 2969 pueris.
376 2898 456 2953 lta
502 2913 633 2971 ergo
668 2896 835 2957 facite
863 2900 1009 2955 oanni
1063 2909 1326 2969 tempore,
1358 2904 1708 2973 quotiescun-

19 3033 43 3072 „
116 3003 233 3059 que
266 2988 335 3042 ad
374 2989 629 3057 maiorem
666 2985 819 3046 vobis
850 2988 1212 3054 accesseritis,
1254 3001 1312 3046 ut
1347 2992 1708 3064 adimpleatur

19 3126 41 3165 3
122 3082 185 3136 in
248 3080 399 3137 robis
442 3083 703 3153 seriptum
735 3100 751 3140 ι
786 3078 1149 3138 Renouabitur
1198 3083 1436 3151 irruemus
1482 3096 1597 3152 tun,
1646 3097 1702 3143 ut

1880 515 2207 581 Satagamus
2232 514 2395 586 igitur
2427 523 2626 570 terram
2657 514 3032 585 promissionis
3051 516 3281 590 ingredi,
3312 520 3379 573 ad

1804 622 1963 677 quam
2006 607 2232 678 ingressi
2274 606 2551 662 servitutis
2581 616 2780 662 nostrae
2812 621 2919 662 non
2961 607 3381 678 obliviscamnr3

1802 712 1989 751 verum
2042 712 2256 767 semper
2302 696 2443 752 illius
2481 697 2920 762 reminiscamur,
2956 711 3025 753 ne
3072 698 3297 755 edentes
3327 709 3383 756 et

1804 787 2050 843 bibentes
2100 788 2297 858 ingrati
2338 787 2655 843 emetiamur.
2709 786 2818 844 Nec
2861 787 3070 860 Moyses
3119 788 3384 847 duntaxat

1804 878 1918 933 baee
1946 893 2044 933 nos
2077 879 2266 945 doeet;
2306 880 2399 934 sed
2428 888 2481 935 et
2516 878 2709 950 reliqui
2743 879 3020 950 proplietae
3046 881 3249 951 pariter
3279 897 3379 938 nos

1804 969 2003 1024 docent
2031 977 2090 1023 ut
2119 984 2224 1025 non
2259 970 2643 1025 obliviscamur
2674 980 2982 1026 nostrorum
3009 980 3381 1041 peccatorum,

1803 1076 1924 1129 qnae
1950 1061 2063 1132 jam
2100 1062 2255 1117 nobis
2289 1063 2617 1119 condonavit
2660 1063 2832 1128 Deus,
2871 1078 3212 1136 quorumque
3240 1065 3383 1121 obli-

1805 1160 1893 1208 tus
1923 1162 2008 1208 est
2038 1151 2208 1219 Dens3
2253 1155 2347 1209 sed
2379 1163 2437 1208 ut
2482 1169 2668 1210 eorum
2704 1169 2931 1225 semper-
2947 1157 3384 1222 reminiscamur,

1805 1256 1862 1299 ut
1911 1254 2170 1316 perpetuo
2221 1244 2451 1302 humiles
2506 1246 2677 1302 simus
2716 1261 2902 1302 coram
2950 1248 3202 1313 Domino,
3238 1250 3381 1306 sieut

1805 1337 1897 1408 qni
1930 1345 2077 1392 stant
2104 1352 2286 1393 coram
2318 1352 2404 1404 eo,
2429 1339 2518 1393 eui
2549 1339 2728 1396 debito
2754 1349 2882 1396 sunt
2909 1342 3140 1398 astricti.
3170 1341 3387 1399 iutuea-

1807 1428 1938 1483 mini
1983 1429 2146 1484 etiam
2197 1428 2364 1483 David
2399 1431 2744 1500 proplietam,
2787 1434 2879 1504 qui
2920 1448 3040 1489 cum
3081 1435 3387 1506 peccaverit

1807 1517 1858 1570 in
1894 1530 2116 1571 uxorein
2147 1517 2307 1581 Uriae,
2338 1528 2392 1573 et
2422 1521 2832 1589 reprehenderit
2860 1536 2984 1578 eum
3014 1521 3226 1580 Nathan
3257 1542 3388 1596 pro-

1805 1607 1968 1676 pheta
1998 1608 2143 1664 illius
2174 1625 2359 1676 eausa,
2386 1619 2441 1664 et
2472 1623 2694 1681 propter
2725 1613 2778 1668 id
2806 1615 2948 1683 quod
2979 1615 3035 1672 in
3062 1618 3237 1673 virum
3269 1619 3388 1691 ejus

1805 1708 2231 1769 perpetraverat,
2281 1701 2465 1757 audita
2503 1704 2924 1772 reprehensione
2956 1707 3240 1766 confestim
3271 1726 3387 1782 μω-

1806 1791 2035 1847 nitentia
2062 1793 2255 1849 ductus
2304 1803 2408 1859 est,
2461 1805 2517 1850 et
2566 1795 2904 1853 humiliatus.
2950 1797 3132 1868 Quare
3160 1802 3299 1858 dixit
3335 1805 3386 1860 ei

1806 1883 2018 1940 Nathan
2056 1903 2069 1939 :
2102 1883 2229 1940 Iam
2258 1887 2455 1941 dimisit
2490 1888 2585 1943 tibi
2611 1887 2750 1944 Deus
2770 1900 2984 1960 peccata
3014 1902 3105 1948 tua
3125 1893 3192 1949 ¹¹.
3215 1893 3387 1953 David

1808 1990 1939 2031 vero
1971 1985 2318 2047 peccatorum
2345 1978 2499 2032 venia
2550 1990 2867 2050 consecuta,
2904 1982 3117 2039 illorum
3147 1987 3389 2054 proiecto

1807 2065 2008 2123 obiitus
2057 2081 2166 2122 non
2199 2076 2302 2133 est,
2350 2083 2450 2124 nec
2502 2086 2530 2123 a
2578 2084 2637 2125 se
2677 2074 2992 2129 memoriam
3034 2076 3262 2142 dimisit,
3294 2082 3389 2135 sed

1808 2173 1927 2214 eam
1958 2159 2265 2228 posteritati
2298 2162 2692 2231 consignavit¹¹
2722 2178 2736 2218 τ
2764 2164 3075 2238 factumque
3105 2178 3190 2225 est
3221 2170 3274 2226 id
3321 2174 3390 2228 ad

1808 2251 2126 2307 memoriam
2150 2253 2204 2308 in
2234 2253 2485 2310 omuibus
2510 2255 2951 2326 generationibus
2974 2272 3004 2314 a
3035 2262 3389 2328 generatione

1808 2342 1862 2397 in
1906 2344 2335 2414 generationem.
2381 2344 2446 2399 Et
2475 2353 2769 2402 consecuta
2810 2348 3028 2420 quidem
3058 2350 3237 2416 venia,
3265 2352 3384 2409 ait:

1812 2432 2014 2488 Docebo
2040 2434 2247 2503 iniquos
2268 2435 2378 2489 cios
2400 2443 2594 2501 tuos,ec
2619 2436 2768 2507 impii
2789 2439 2861 2492 od
2876 2447 2925 2493 te
2937 2449 3302 2497 convertentur
3321 2443 3386 2494 ⁸⁸.

1808 2522 1941 2591 Quae
1974 2524 2161 2595 utique
2187 2524 2369 2580 omnia
2400 2525 2539 2581 dixit
2566 2527 2756 2594 David,
2799 2539 2856 2584 ut
2882 2530 3166 2588 addiscant
3201 2535 3269 2588 ab
3297 2515 3386 2590 ilic

1807 2630 1998 2672 omnes
2048 2624 2384 2687 peccatores,
2432 2632 2638 2690 eosque
2671 2618 2932 2691 poenitea't
2956 2624 3021 2678 ad
3047 2624 3165 2695 ejus
3198 2627 3386 2682 simili-

1809 2708 2083 2773 tudinium
2121 2717 2176 2764 et
2205 2714 2263 2763 ut
2293 2724 2514 2765 suorum
2544 2720 2889 2781 peccatorum
2921 2728 3041 2784 qnae
3068 2714 3173 2770 illis
3201 2715 3388 2773 dimite-
3470 2726 3475 2732 '

1810 2807 1999 2855 tuntur
2036 2814 2145 2855 non
2192 2798 2603 2869 obliviscantur,
2649 2804 2743 2860 scd
2791 2804 3006 2860 illorum
3037 2821 3257 2880 semper
3277 2810 3391 2868 sint

1814 2907 2103 2947 memores.
2125 2891 2696 2952 SimiliterdixitDeus
2711 2897 3011 2967 per-isaiam
3032 2902 3344 2970 proplietam
3366 2922 3386 2964 ς
3465 2955 3470 2960 .

1811 2981 1948 3037 Ecce
1987 2984 2134 3038 deleo
2178 2986 2481 3055 iniquitates
2516 2997 2659 3054 tuas,
2693 2998 2742 3043 et
2780 2999 3110 3059 peccatorum
3152 3007 3257 3048 nott
3297 3009 3385 3050 re·

1810 3075 2184 3131 cordaborstu
2230 3092 2347 3132 uero
2397 3078 2610 3132 illorum
2659 3088 2780 3134 unte
2817 3081 2995 3136 omnio
3035 3084 3384 3153 reminiscere,

19 3216 43 3257 ,
118 3172 321 3245 “351oe
335 3172 379 3229 a·
431 3174 495 3230 Ε.
541 3174 705 3233 (ncne
735 3192 752 3230 =
783 3171 1110 3230 mmmm„
1162 3175 1348 3245 „uque
1391 3193 1600 3246 sumus,
1647 3189 1705 3239 eg
1731 3160 1776 3222 C
1808 3174 1869 3220 ut
1888 3165 2277 3237 justificerisst.
2297 3166 2477 3235 Quare
2505 3171 2777 3239 peccatori
2807 3187 2909 3244 par
2936 3182 3038 3236 e<t,
3069 3185 3126 3230 ut
3147 3190 3270 3233 cnm
3301 3177 3387 3234 di-

20 3306 75 3357 1.
110 3268 331 3339 plorate
391 3269 745 3339 vosmetipsos
795 3273 1021 3340 propter
1066 3280 1128 3320 ea
1178 3281 1300 3338 quae
1348 3268 1541 3327 inscite
1572 3268 1707 3328 feci·

32 3400 71 3437 ⁸
108 3358 238 3419 stis.
270 3359 336 3416 Et
365 3371 590 3433 propter
623 3362 730 3419 boc
756 3357 981 3433 quidem
1006 3370 1141 3415 vere
1167 3358 1270 3415 erit
1301 3360 1576 3417 vobiscum
1604 3379 1703 3420 vo-

19 3494 77 3539 .
102 3450 301 3511 inus
346 3451 591 3514 Domini,
616 3458 675 3505 et
714 3450 773 3502 in
804 3446 962 3502 vobis
1001 3463 1230 3518 operans
1261 3470 1275 3507 ε
1306 3453 1503 3523 quippe
1531 3454 1705 3512 bonus

19 3582 81 3623 -
108 3552 205 3598 est
224 3557 291 3596 ac
320 3541 606 3595 dimittens
628 3550 852 3608 peccata
872 3537 1108 3596 omnium
1136 3547 1520 3603 revertentium
1549 3551 1616 3605 ad
1644 3565 1705 3608 se

19 3682 77 3719 ι
119 3646 197 3684 ex
230 3629 487 3684 ornmbus
534 3627 871 3697 bominibus,
904 3642 1003 3687 nec
1036 3631 1250 3690 illorum
1286 3636 1480 3694 iterum
1518 3656 1703 3698 recor·

42 3751 85 3789 ,;
130 3718 375 3776 dabitur.
413 3718 793 3778 Verumtamen
826 3721 955 3788 vult,
1004 3732 1064 3782 ut
1118 3725 1221 3796 ipsi
1276 3744 1544 3788 memores
1598 3735 1706 3788 sint

19 3860 95 3913 ι,
128 3824 359 3868 suorum
386 3818 729 3882 ροοειιοηιιο
762 3828 885 3886 qna
912 3814 1182 3874 hactenus
1212 3828 1612 3890 perpetrarunt,
1641 3837 1708 3879 ne

84 3939 97 3991 3
122 3916 323 3958 norunt
362 3901 765 3970 obliviscentes,
792 3906 1057 3963 radonem
1096 3909 1321 3965 reddere
1349 3922 1614 3983 cogantur
1637 3916 1706 3971 dc

19 3966 79 4055 ⁵,
126 3991 207 4048 iis
239 3992 474 4064 peccetis
500 4008 621 4064 quo
643 3993 755 4064 Jsin
786 3996 889 4053 sibi
930 4006 1061 4055 sunt
1088 4003 1389 4058 condonata
1426 4023 1440 4060 ε
1474 4020 1595 4060 nam
1631 4007 1703 4061 ita

20 4054 93 4151 ἐξ
120 4096 267 4142 nano
288 4083 486 4141 accidit
526 4099 686 4142 sem
714 4086 813 4153 illi,
842 4089 930 4144 cui
964 4090 1252 4146 remiserat
1297 4095 1544 4153 dominus
1571 4112 1704 4154 suus

20 4243 25 4251 ι
60 4150 93 4195 ‘
118 4188 252 4246 qua
282 4173 357 4231 illi
398 4174 630 4232 debebat
674 4177 902 4234 talento.
934 4176 1302 4240 obliviscente
1334 4200 1464 4242 vero
1491 4189 1565 4245 rei
1601 4189 1704 4245 bu-

19 4248 93 4293 -
114 4264 449 4339 laneficii,
490 4271 549 4321 et
588 4264 773 4338 istique
813 4280 1010 4339 agente
1060 4271 1115 4326 in
1162 4286 1489 4331 conservum
1521 4293 1701 4345 suum,

19 4344 89 4388 ⁵¹
118 4359 343 4429 mpsim
371 4359 443 4414 no
480 4356 573 4413 nto
608 4357 868 4415 dominus
917 4375 1049 4418 suus
1090 4363 1352 4435 quidquid
1393 4369 1443 4424 ei
1473 4370 1706 4428 deheim

19 4436 269 4522 ..qnod
306 4449 365 4505 ei
404 4448 518 4521 jam
554 4450 853 4520 dimiserat,
889 4467 956 4508 eo
1000 4456 1145 4525 quod
1183 4458 1439 4516 misertus
1484 4476 1589 4518 non
1631 4464 1703 4519 sit

19 4530 393 4601 ⁵·‘oenservo
434 4556 558 4611 suo,
586 4543 911 4603 dimittendo
933 4547 982 4602 ei
1010 4558 1229 4604 centurn
1260 4552 1555 4621 denarios·,
1581 4569 1703 4626 quar

38 4624 337 4693 'numa
366 4648 538 4706 parva
566 4643 688 4691 erat
714 4648 961 4706 respectu
991 4638 1137 4694 illius
1168 4641 1311 4709 quod
1332 4643 1385 4696 ei
1417 4643 1700 4700 dimissum

19 4716 304 4787 ‘'n-ent
322 4730 371 4783 ⁸.
408 4726 622 4801 Moyses
669 4743 889 4802 quoque
936 4733 1195 4803 praecepit
1245 4733 1440 4805 populo
1487 4749 1608 4803 suo,
1647 4747 1705 4792 nt

19 4814 238 4897 ἔξω·
280 4818 692 4878 oblivisceretur
737 4837 960 4879 suorum
1019 4825 1259 4895 priorum
1320 4837 1700 4900 peccatorum,

19 4900 322 4969 “dicem
360 4910 443 4967 eis
467 4929 482 4968 ε
509 4911 876 4985 Ῑιι9ηάίειιιιι
914 4918 971 4973 in
1019 4927 1216 4972 terram
1261 4919 1587 4975 lioereditotis
1620 4936 1706 4976 re-

22 4994 275 5071 ξω,
302 5012 493 5073 eatae,
526 5014 585 5060 stt
616 5023 681 5063 ne
705 5025 827 5063 cum
852 5009 1009 5063 ditati
1050 5007 1282 5078 fueritis,
1322 5011 1488 5066 edatis
1532 5021 1581 5067 et
1622 5013 1704 5068 bi-

20 5116 33 5127 ·
72 5078 288 5160 stads.
308 5102 361 5150 et
398 5096 595 5168 ingrati
628 5100 968 5170 efficiamini,
996 5102 1086 5157 sed
1113 5104 1512 5158 reminiscimini
1535 5105 1704 5160 serui·

62 5178 259 5248 ‘tuscie
294 5200 477 5246 κειται
506 5192 563 5246 iu
592 5191 848 5263 AEyypto,
885 5203 1041 5260 atque
1069 5210 1249 5248 eorum
1285 5210 1489 5265 quoque
1517 5193 1704 5267 quibus

19 5262 183 5341 ..τά
216 5280 557 5338 hanoniam
585 5286 909 5355 provocastis
954 5284 1235 5339 Dominum
1271 5286 1329 5340 in
1362 5287 1563 5341 deserto
1595 5300 1615 5339 .·
1653 5294 1704 5340 et

19 5364 233 5437 Usaee
263 5376 517 5430 sternaris
555 5376 625 5431 sit
650 5376 791 5432 uobis
823 5385 935 5430 toto
965 5377 1284 5445 perdurante
1308 5388 1475 5433 vestra
1512 5379 1701 5434 uitn¹·-.

82 5444 111 5501 s
180 5464 261 5525 Et
292 5465 397 5522 boc
431 5483 586 5534 sane,
622 5468 771 5524 lilioli
801 5469 930 5535 mei,
964 5468 1032 5522 ad
1061 5475 1301 5524 nostram
1342 5468 1703 5527 eruditionem

20 5572 226 5647 ⁸2⁸1,
255 5575 384 5620 eum
417 5559 506 5616 ‘liu
558 5560 700 5616 servi
754 5557 1017 5616 fuerimus
1058 5560 1113 5616 in
1159 5558 1396 5634 AEgypto
1453 5578 1576 5635 quae
1625 5571 1709 5620 est

178 5673 390 5734 'luam
448 5690 568 5737 xiu,
613 5673 648 5728 3
695 5687 815 5743 sqq.
926 5673 1115 5730 ’PsaL
1167 5690 1263 5741 cn,
1305 5676 1358 5732 5.

1475 5675 1712 5731 ’Mattln
1751 5688 1907 5738 xviii,
1955 5673 2026 5729 st
2078 5692 2198 5747 sqq.

1811 3258 2022 3315 miserit
2049 3255 2126 3314 illi
2159 3258 2300 3316 Deus
2323 3268 2547 3330 peecata
2575 3277 2698 3330 sua,
2723 3260 2838 3332 ipse
2867 3263 3080 3321 illorum
3109 3283 3218 3323 non
3247 3270 3388 3325 obli·

1810 3351 2073 3415 viscatur,
2100 3352 2196 3408 sed
2230 3367 2437 3409 memor
2465 3353 2559 3418 sit,
2589 3362 2648 3409 ut
2670 3353 3015 3422 iustificetur.
3044 3356 3137 3413 Ait
3175 3374 3389 3431 quoqne

1812 3456 1911 3510 per
1931 3438 2219 3497 Ieremiam
2250 3445 2562 3513 prophetam
2589 3463 2604 3499 z
2636 3444 2976 3500 Reuertimini
3000 3449 3071 3501 ad
3097 3466 3198 3517 me,
3219 3456 3386 3509 omnis

1811 3537 2000 3590 domus
2029 3533 2237 3600 Israel:
2263 3549 2309 3591 et
2340 3554 2442 3591 non
2470 3536 2717 3593 inducam
2745 3539 3189 3608 reprehensionem
3221 3562 3386 3607 meant

1812 3644 1971 3697 super
1993 3644 2082 3681 ros
2106 3644 2125 3693 ,⁴
2154 3629 2400 3700 quoniam
2447 3630 2745 3685 misericors
2777 3648 2915 3698 sum,
2942 3633 3083 3688 dixit
3108 3636 3387 3710 Dominus,

1812 3733 1859 3776 et
1890 3736 1994 3776 non
2025 3720 2227 3775 irascor
2254 3720 2392 3774 vobis
2421 3719 2477 3773 in
2505 3730 2850 3790 perpetuum:
2875 3736 3227 3785 verumtamen
3258 3735 3389 3790 scito

1811 3812 2143 3884 iniquitatem
2169 3820 2336 3878 tuom,
2371 3826 2431 3865 eo
2455 3811 2594 3883 quod
2628 3815 2706 3867 eui
2751 3816 2913 3884 ipsius
2939 3818 3135 3877 inscius
3163 3838 3239 3889 es,
3264 3828 3388 3881 etin

1812 3903 1980 3960 Desint
2011 3914 2161 3958 tuum
2198 3904 2390 3972 impius
2425 3905 2638 3974 effectus
2661 3907 2789 3961 es¹⁸.

1888 3995 2090 4051 Eadem
2125 3995 2357 4062 ratione,
2381 3994 2529 4052 tilioli
2559 3998 2687 4064 mei,
2722 4014 2821 4056 nos
2845 4012 3083 4073 oportet,
3115 4016 3174 4062 ut
3202 4008 3385 4067 dimit-

1812 4095 1966 4142 tente
2013 4087 2171 4144 nobis
2201 4087 2429 4144 Domino
2461 4099 2648 4147 nostro
2678 4103 2898 4163 peecata
2931 4105 3136 4166 nostra,
3165 4102 3388 4159 minime

1808 4194 1877 4236 ea
1906 4180 2176 4237 nobismet
2212 4180 2342 4251 ipsis
2375 4183 2733 4253 dimittamus,
2762 4186 2858 4241 sed
2900 4201 3087 4245 eornm
3117 4195 3387 4261 poenltcn-

1814 4271 1905 4328 tiae
1931 4273 2282 4329 renovatione
2310 4289 2527 4345 semper
2552 4290 2822 4334 memores
2845 4279 3035 4341 simus.
3061 4280 3199 4341 Hinc
3223 4283 3386 4342 loan-

1812 4379 1912 4419 nes
1930 4362 2190 4436 Baptists,
2214 4365 2341 4420 dum
2362 4366 2615 4438 populum
2650 4371 2718 4425 ad
2742 4371 3118 4435 remissionem
3147 4377 3387 4450 baptiza·

1812 4452 1927 4518 bat,
1959 4456 2210 4525 praecepit
2257 4456 2337 4511 eis
2369 4457 2593 4514 dicens:
2623 4457 2802 4518 Nolite
2843 4478 3095 4523 curarum
3127 4484 3247 4527 esse
3289 4488 3380 4529 ex·

1811 4555 1994 4616 pertes
2022 4547 2093 4601 ob
2123 4549 2497 4606 remissionem
2528 4563 2877 4619 peccatorum
2923 4569 3252 4632 vestrorum,
3291 4570 3386 4622 sed

1812 4633 1998 4691 Facite
2026 4637 2229 4705 fructus
2259 4638 2449 4708 diones
2495 4643 2848 4711 munemne,-
2869 4649 2989 4717 Jnm
3017 4653 3155 4707 enini
3191 4660 3387 4711 securis

1810 4727 1985 4797 posito
2020 4736 2096 4781 est
2140 4727 2213 4783 ad
2264 4728 2468 4784 radices
2513 4731 2760 4790 orborum
2779 4753 2806 4802 ,t
2829 4741 2999 4795 omnis
3027 4754 3202 4799 autem
3231 4749 3388 4800 orbor

1808 4832 1915 4871 non
1937 4817 2262 4886 fructificans
2279 4820 2508 4888 [ructum
2532 4824 2744 4893 bonum,
2762 4829 3034 4884 excidetur
3062 4844 3112 4888 et
3142 4837 3195 4889 in
3215 4837 3386 4907 iynem

1810 4908 2128 4963 mincius-¹⁸.
2155 4907 2285 4975 Quae
2312 4912 2526 4980 quidem
2558 4915 2610 4969 in
2637 4929 2870 4974 vestram
2905 4926 3149 4980 revocavi
3180 4943 3379 4984 memo-

1812 5002 1972 5067 riaro,
2027 5003 2363 5059 dilectissimi
2407 5008 2532 5072 mei,
2594 5023 2717 5064 eum
2777 5023 3078 5073 vestrarum
3125 5021 3382 5077 virtutum

1812 5094 2203 5165 magnitudinis
2232 5109 2443 5152 memor
2467 5098 2601 5166 sim:
2632 5111 2769 5158 etne
2794 5106 3188 5177 negligentibus
3213 5113 3382 5179 vobis,

1812 5190 2137 5244 obscuretur
2176 5188 2356 5245 lumen
2402 5201 2675 5260 vestrnm;
2712 5209 2774 5250 ac
2816 5208 3099 5267 praeterea,
3134 5212 3191 5257 nt
3234 5205 3387 5263 vobis

1812 5280 2056 5335 accessio
2116 5283 2208 5335 liat
2266 5280 2535 5338 fructuum
2581 5284 2866 5357 dignorum
2912 5300 3095 5349 vestro
3144 5297 3388 5368 angelico

1810 5373 2001 5429 babitu
2033 5388 2142 5445 quo
2170 5375 2305 5432 estis
2327 5376 2522 5432 induti.
2555 5378 2669 5437 lloc
2692 5382 2856 5437 etiam
2881 5385 3085 5451 sciatis,
3116 5395 3386 5460 quomodo

1814 5466 2088 5550 videlicet,
2126 5468 2405 5526 inveniens
2437 5472 2599 5528 bomo
2632 5474 2721 5531 ille
2755 5478 3062 5535 thesaurum
3097 5482 3386 5540 abscondi-

1815 5567 1927 5614 tum
1959 5560 2012 5615 in
2041 5575 2193 5633 agro,
2222 5563 2458 5619 vendidit
2481 5568 2659 5622 omnia
2693 5585 2810 5639 quae
2834 5573 3164 5641 possidebat,
3183 5585 3239 5632 et
3254 5578 3385 5635 emit

2334 5679 2378 5709 ¹⁰
2410 5678 2562 5736 lieni.
2605 5696 2721 5745 vm,
2762 5683 2819 5738 Ιί
2867 5701 2987 5753 ειμι.
3096 5687 3136 5719 ¹¹
3175 5689 3216 5742 lt
3251 5691 3378 5753 iio-n.

19 5749 336 5853 -ttt,13.
419 5744 633 5801 ”Peab
685 5759 740 5809 ι,
786 5744 807 5797 1
860 5758 979 5816 sqq.
1092 5744 1132 5778 ¹³
1178 5747 1308 5803 ibid.
1352 5746 1435 5803 ¹5.
1516 5745 1693 5839 ”lsa-
1726 5745 2118 5816 uttt‚‘25,2li.
2199 5746 2820 5821 ¹·Jerem.ni,12,13.
2897 5757 2938 5787 ¹⁴⁸
2974 5756 3405 5823 [mamza-
