<?xml version="1.0" encoding="UTF-8"?>
<!DOCTYPE html PUBLIC "-//W3C//DTD XHTML 1.0 Transitional//EN"
    "http://www.w3.org/TR/xhtml1/DTD/xhtml1-transitional.dtd">
<html xmlns="http://www.w3.org/1999/xhtml" xml:lang="en" lang="en">
 <head>
  <title>
</title>
<meta http-equiv="Content-Type" content="text/html;charset=utf-8" />
  <meta name='ocr-system' content='tesseract 3.04.00' />
  <meta name='ocr-capabilities' content='ocr_page ocr_carea ocr_par ocr_line ocrx_word'/>
</head>
<body>
  <div class='ocr_page' id='page_1' title='image "./patrologicursus103migngoog_0687.png"; bbox 0 0 3725 6125; ppageno 0'>
   <div class='ocr_carea' id='block_1_1' title="bbox 232 238 3553 330">
    <p class='ocr_par' dir='ltr' id='par_1_1' title="bbox 232 238 3553 330">
     <span class='ocr_line' id='line_1_1' title="bbox 232 238 3553 330; baseline 0.006 -23"><span class='ocrx_word' id='word_1_1' title='bbox 232 264 371 323; x_wconf 66' lang='lat' dir='ltr'>nm</span> <span class='ocrx_word' id='word_1_2' title='bbox 523 238 535 252; x_wconf 88' lang='grc'><em>·</em></span> <span class='ocrx_word' id='word_1_3' title='bbox 1390 254 1665 311; x_wconf 68' lang='lat' dir='ltr'>earnes</span> <span class='ocrx_word' id='word_1_4' title='bbox 1700 251 2003 312; x_wconf 63' lang='lat' dir='ltr'>AEcxrrtt</span> <span class='ocrx_word' id='word_1_5' title='bbox 2045 256 2313 317; x_wconf 69' lang='lat' dir='ltr'>SAEctJtJ</span> <span class='ocrx_word' id='word_1_6' title='bbox 2359 262 2443 317; x_wconf 79' lang='lat' dir='ltr'>tv.</span> <span class='ocrx_word' id='word_1_7' title='bbox 3427 273 3553 330; x_wconf 73' lang='lat' dir='ltr'>naa</span> 
     </span>
    </p>
   </div>
   <div class='ocr_carea' id='block_1_2' title="bbox 228 371 1831 537">
    <p class='ocr_par' dir='ltr' id='par_1_2' title="bbox 228 371 1831 537">
     <span class='ocr_line' id='line_1_2' title="bbox 228 371 1831 445; baseline -0.007 -8"><span class='ocrx_word' id='word_1_8' title='bbox 228 390 282 437; x_wconf 84' lang='lat' dir='ltr'>et</span> <span class='ocrx_word' id='word_1_9' title='bbox 304 387 523 435; x_wconf 74' lang='lat' dir='ltr'>venusta</span> <span class='ocrx_word' id='word_1_10' title='bbox 554 387 767 445; x_wconf 74' lang='lat' dir='ltr'>aspectu</span> <span class='ocrx_word' id='word_1_11' title='bbox 791 376 859 432; x_wconf 74' lang='lat'>‘⁸.</span> <span class='ocrx_word' id='word_1_12' title='bbox 885 375 1088 430; x_wconf 84' lang='lat' dir='ltr'>Prioris</span> <span class='ocrx_word' id='word_1_13' title='bbox 1113 374 1298 427; x_wconf 82' lang='lat' dir='ltr'>uxoris</span> <span class='ocrx_word' id='word_1_14' title='bbox 1327 372 1470 427; x_wconf 88' lang='lat' dir='ltr'>oculi</span> <span class='ocrx_word' id='word_1_15' title='bbox 1503 373 1629 443; x_wconf 90' lang='lat' dir='ltr'>lippi</span> <span class='ocrx_word' id='word_1_16' title='bbox 1661 371 1831 441; x_wconf 80' lang='lat' dir='ltr'>signi·</span> 
     </span>
     <span class='ocr_line' id='line_1_3' title="bbox 231 466 1822 537; baseline -0.008 -8"><span class='ocrx_word' id='word_1_17' title='bbox 231 472 401 529; x_wconf 76' lang='lat' dir='ltr'>fleant</span> <span class='ocrx_word' id='word_1_18' title='bbox 431 469 708 525; x_wconf 87' lang='lat' dir='ltr'>bominem</span> <span class='ocrx_word' id='word_1_19' title='bbox 749 468 873 524; x_wconf 88' lang='lat' dir='ltr'>dum</span> <span class='ocrx_word' id='word_1_20' title='bbox 915 469 970 523; x_wconf 94' lang='lat' dir='ltr'>in</span> <span class='ocrx_word' id='word_1_21' title='bbox 1004 466 1251 537; x_wconf 85' lang='lat' dir='ltr'>corporis</span> <span class='ocrx_word' id='word_1_22' title='bbox 1286 466 1564 521; x_wconf 79' lang='lat' dir='ltr'>laboribus</span> <span class='ocrx_word' id='word_1_23' title='bbox 1594 480 1822 532; x_wconf 85' lang='lat' dir='ltr'>occupa-</span> 
     </span>
    </p>
   </div>
   <div class='ocr_carea' id='block_1_3' title="bbox 128 556 1822 629">
    <p class='ocr_par' dir='ltr' id='par_1_3' title="bbox 128 556 1822 629">
     <span class='ocr_line' id='line_1_4' title="bbox 128 556 1822 629; baseline -0.002 -12"><span class='ocrx_word' id='word_1_24' title='bbox 128 615 141 624; x_wconf 85' lang='lat'>,</span> <span class='ocrx_word' id='word_1_25' title='bbox 234 573 360 629; x_wconf 87' lang='lat' dir='ltr'>tur,</span> <span class='ocrx_word' id='word_1_26' title='bbox 404 562 642 616; x_wconf 89' lang='lat' dir='ltr'>nondum</span> <span class='ocrx_word' id='word_1_27' title='bbox 686 574 872 614; x_wconf 80' lang='lat' dir='ltr'>veram</span> <span class='ocrx_word' id='word_1_28' title='bbox 918 558 1434 627; x_wconf 86' lang='lat' dir='ltr'>contemplationem</span> <span class='ocrx_word' id='word_1_29' title='bbox 1471 557 1692 612; x_wconf 90' lang='lat' dir='ltr'>intueri.</span> <span class='ocrx_word' id='word_1_30' title='bbox 1729 556 1822 613; x_wconf 79' lang='grc' dir='ltr'>Ιη-</span> 
     </span>
    </p>
   </div>
   <div class='ocr_carea' id='block_1_4' title="bbox 189 651 1830 2731">
    <p class='ocr_par' dir='ltr' id='par_1_4' title="bbox 189 651 1830 2731">
     <span class='ocr_line' id='line_1_5' title="bbox 234 651 1824 723; baseline -0.001 -15"><span class='ocrx_word' id='word_1_31' title='bbox 234 653 570 709; x_wconf 78' lang='lat' dir='ltr'>tet-mittendi</span> <span class='ocrx_word' id='word_1_32' title='bbox 604 662 733 709; x_wconf 84' lang='lat' dir='ltr'>sunt</span> <span class='ocrx_word' id='word_1_33' title='bbox 771 652 954 723; x_wconf 77' lang='lat' dir='ltr'>igitur.</span> <span class='ocrx_word' id='word_1_34' title='bbox 989 652 1250 718; x_wconf 81' lang='lat' dir='ltr'>Quamvis</span> <span class='ocrx_word' id='word_1_35' title='bbox 1279 652 1425 706; x_wconf 90' lang='lat' dir='ltr'>enim</span> <span class='ocrx_word' id='word_1_36' title='bbox 1464 651 1679 721; x_wconf 88' lang='lat' dir='ltr'>paulum</span> <span class='ocrx_word' id='word_1_37' title='bbox 1711 666 1824 706; x_wconf 84' lang='lat' dir='ltr'>ces-</span> 
     </span>
     <span class='ocr_line' id='line_1_6' title="bbox 239 742 1823 808; baseline 0 -10"><span class='ocrx_word' id='word_1_38' title='bbox 239 743 507 808; x_wconf 76' lang='lat' dir='ltr'>saverint,</span> <span class='ocrx_word' id='word_1_39' title='bbox 537 742 760 799; x_wconf 90' lang='lat' dir='ltr'>dabitur</span> <span class='ocrx_word' id='word_1_40' title='bbox 800 752 979 799; x_wconf 88' lang='lat' dir='ltr'>tamen</span> <span class='ocrx_word' id='word_1_41' title='bbox 1014 744 1081 798; x_wconf 91' lang='lat' dir='ltr'>ad</span> <span class='ocrx_word' id='word_1_42' title='bbox 1125 743 1245 797; x_wconf 90' lang='lat' dir='ltr'>illos</span> <span class='ocrx_word' id='word_1_43' title='bbox 1290 743 1517 798; x_wconf 83' lang='lat' dir='ltr'>reditus.</span> <span class='ocrx_word' id='word_1_44' title='bbox 1551 742 1823 798; x_wconf 83' lang='lat' dir='ltr'>Praebcbit</span> 
     </span>
     <span class='ocr_line' id='line_1_7' title="bbox 235 835 1823 906; baseline 0 -17"><span class='ocrx_word' id='word_1_45' title='bbox 235 836 382 890; x_wconf 88' lang='lat' dir='ltr'>enim</span> <span class='ocrx_word' id='word_1_46' title='bbox 409 835 531 890; x_wconf 90' lang='lat' dir='ltr'>viro</span> <span class='ocrx_word' id='word_1_47' title='bbox 556 850 654 890; x_wconf 79' lang='lat' dir='ltr'>suo</span> <span class='ocrx_word' id='word_1_48' title='bbox 689 835 785 890; x_wconf 86' lang='lat' dir='ltr'>Lia</span> <span class='ocrx_word' id='word_1_49' title='bbox 814 835 1073 906; x_wconf 81' lang='lat' dir='ltr'><strong>zelpham</strong></span> <span class='ocrx_word' id='word_1_50' title='bbox 1106 835 1389 899; x_wconf 72' lang='lat' dir='ltr'>ancillam,</span> <span class='ocrx_word' id='word_1_51' title='bbox 1407 850 1570 904; x_wconf 84' lang='lat' dir='ltr'>atque</span> <span class='ocrx_word' id='word_1_52' title='bbox 1598 836 1669 890; x_wconf 91' lang='lat' dir='ltr'>ita</span> <span class='ocrx_word' id='word_1_53' title='bbox 1700 851 1823 890; x_wconf 90' lang='lat' dir='ltr'>rur·</span> 
     </span>
     <span class='ocr_line' id='line_1_8' title="bbox 235 928 1820 999; baseline -0.001 -15"><span class='ocrx_word' id='word_1_54' title='bbox 235 939 355 984; x_wconf 75' lang='lat' dir='ltr'>siim</span> <span class='ocrx_word' id='word_1_55' title='bbox 399 928 599 983; x_wconf 88' lang='lat' dir='ltr'>liberos</span> <span class='ocrx_word' id='word_1_56' title='bbox 647 928 826 996; x_wconf 89' lang='lat' dir='ltr'>tollet;</span> <span class='ocrx_word' id='word_1_57' title='bbox 876 928 1201 999; x_wconf 76' lang='lat' dir='ltr'>vocabitque</span> <span class='ocrx_word' id='word_1_58' title='bbox 1244 941 1443 983; x_wconf 91' lang='lat' dir='ltr'>nomen</span> <span class='ocrx_word' id='word_1_59' title='bbox 1499 928 1627 996; x_wconf 83' lang='lat' dir='ltr'>lilii,</span> <span class='ocrx_word' id='word_1_60' title='bbox 1663 930 1820 995; x_wconf 73' lang='lat' dir='ltr'>Aser,</span> 
     </span>
     <span class='ocr_line' id='line_1_9' title="bbox 189 1020 1822 1091; baseline 0.001 -17"><span class='ocrx_word' id='word_1_61' title='bbox 189 1029 201 1047; x_wconf 84' lang='lat'><em>&#39;</em></span> <span class='ocrx_word' id='word_1_62' title='bbox 235 1020 380 1091; x_wconf 89' lang='lat' dir='ltr'>quod</span> <span class='ocrx_word' id='word_1_63' title='bbox 424 1030 507 1076; x_wconf 85' lang='lat' dir='ltr'>est</span> <span class='ocrx_word' id='word_1_64' title='bbox 556 1022 769 1075; x_wconf 77' lang='lat' dir='ltr'>diritioe.</span> <span class='ocrx_word' id='word_1_65' title='bbox 820 1021 990 1076; x_wconf 86' lang='lat' dir='ltr'>Porro</span> <span class='ocrx_word' id='word_1_66' title='bbox 1036 1036 1158 1077; x_wconf 89' lang='lat' dir='ltr'>cum</span> <span class='ocrx_word' id='word_1_67' title='bbox 1201 1037 1395 1091; x_wconf 88' lang='lat' dir='ltr'>parere</span> <span class='ocrx_word' id='word_1_68' title='bbox 1439 1022 1662 1077; x_wconf 74' lang='lat' dir='ltr'><strong>desierit</strong></span> <span class='ocrx_word' id='word_1_69' title='bbox 1705 1021 1822 1088; x_wconf 86' lang='lat' dir='ltr'>Lia,</span> 
     </span>
     <span class='ocr_line' id='line_1_10' title="bbox 242 1114 1826 1187; baseline 0.001 -18"><span class='ocrx_word' id='word_1_70' title='bbox 242 1124 367 1170; x_wconf 87' lang='lat' dir='ltr'>tnnc</span> <span class='ocrx_word' id='word_1_71' title='bbox 406 1114 549 1170; x_wconf 81' lang='lat' dir='ltr'>Deus</span> <span class='ocrx_word' id='word_1_72' title='bbox 578 1116 958 1171; x_wconf 89' lang='lat' dir='ltr'>recordabitur</span> <span class='ocrx_word' id='word_1_73' title='bbox 991 1116 1220 1171; x_wconf 81' lang='lat' dir='ltr'>Rachel.</span> <span class='ocrx_word' id='word_1_74' title='bbox 1252 1114 1388 1170; x_wconf 87' lang='lat' dir='ltr'>Cum</span> <span class='ocrx_word' id='word_1_75' title='bbox 1420 1115 1584 1187; x_wconf 82' lang='lat' dir='ltr'>igitur</span> <span class='ocrx_word' id='word_1_76' title='bbox 1612 1115 1826 1171; x_wconf 86' lang='lat' dir='ltr'>labores</span> 
     </span>
     <span class='ocr_line' id='line_1_11' title="bbox 239 1207 1828 1277; baseline 0.002 -17"><span class='ocrx_word' id='word_1_77' title='bbox 239 1209 484 1277; x_wconf 83' lang='lat' dir='ltr'>corporis</span> <span class='ocrx_word' id='word_1_78' title='bbox 525 1223 718 1263; x_wconf 88' lang='lat' dir='ltr'>sensus</span> <span class='ocrx_word' id='word_1_79' title='bbox 755 1208 1130 1271; x_wconf 76' lang='lat' dir='ltr'>edomuerint,</span> <span class='ocrx_word' id='word_1_80' title='bbox 1164 1217 1221 1261; x_wconf 88' lang='lat' dir='ltr'>et</span> <span class='ocrx_word' id='word_1_81' title='bbox 1267 1222 1297 1261; x_wconf 92' lang='lat' dir='ltr'>a</span> <span class='ocrx_word' id='word_1_82' title='bbox 1333 1207 1828 1275; x_wconf 72' lang='lat' dir='ltr'>perturbationibus</span> 
     </span>
     <span class='ocr_line' id='line_1_12' title="bbox 239 1298 1827 1366; baseline -0.001 -13"><span class='ocrx_word' id='word_1_83' title='bbox 239 1298 614 1364; x_wconf 78' lang='lat' dir='ltr'>liberaverint,</span> <span class='ocrx_word' id='word_1_84' title='bbox 664 1309 792 1354; x_wconf 91' lang='lat' dir='ltr'>tunc</span> <span class='ocrx_word' id='word_1_85' title='bbox 836 1312 965 1353; x_wconf 90' lang='lat' dir='ltr'>vera</span> <span class='ocrx_word' id='word_1_86' title='bbox 996 1298 1386 1366; x_wconf 84' lang='lat' dir='ltr'>contemplatio</span> <span class='ocrx_word' id='word_1_87' title='bbox 1433 1299 1604 1366; x_wconf 88' lang='lat' dir='ltr'>aperit</span> <span class='ocrx_word' id='word_1_88' title='bbox 1644 1299 1827 1352; x_wconf 89' lang='lat' dir='ltr'>animo</span> 
     </span>
     <span class='ocr_line' id='line_1_13' title="bbox 241 1388 1823 1462; baseline -0.003 -16"><span class='ocrx_word' id='word_1_89' title='bbox 241 1390 491 1462; x_wconf 69' lang='lat' dir='ltr'>gloriam.</span> <span class='ocrx_word' id='word_1_90' title='bbox 533 1390 614 1444; x_wconf 78' lang='lat' dir='ltr'>Ac</span> <span class='ocrx_word' id='word_1_91' title='bbox 658 1391 874 1446; x_wconf 88' lang='lat' dir='ltr'>tametsi</span> <span class='ocrx_word' id='word_1_92' title='bbox 921 1390 1014 1445; x_wconf 87' lang='lat' dir='ltr'>filii</span> <span class='ocrx_word' id='word_1_93' title='bbox 1047 1389 1156 1444; x_wconf 82' lang='lat' dir='ltr'>Liae</span> <span class='ocrx_word' id='word_1_94' title='bbox 1195 1388 1367 1446; x_wconf 84' lang='lat' dir='ltr'>Jacob</span> <span class='ocrx_word' id='word_1_95' title='bbox 1411 1398 1568 1445; x_wconf 89' lang='lat' dir='ltr'>erant</span> <span class='ocrx_word' id='word_1_96' title='bbox 1606 1389 1823 1455; x_wconf 83' lang='lat' dir='ltr'>auxilio,</span> 
     </span>
     <span class='ocr_line' id='line_1_14' title="bbox 242 1465 1821 1552; baseline 0 -15"><span class='ocrx_word' id='word_1_97' title='bbox 242 1465 421 1537; x_wconf 66' lang='lat' dir='ltr'>{alneu</span> <span class='ocrx_word' id='word_1_98' title='bbox 468 1484 700 1538; x_wconf 81' lang='lat' dir='ltr'>maxime</span> <span class='ocrx_word' id='word_1_99' title='bbox 748 1485 988 1538; x_wconf 88' lang='lat' dir='ltr'>omnium</span> <span class='ocrx_word' id='word_1_100' title='bbox 1031 1482 1229 1552; x_wconf 69' lang='lat' dir='ltr'>ioseph</span> <span class='ocrx_word' id='word_1_101' title='bbox 1271 1484 1545 1551; x_wconf 80' lang='lat' dir='ltr'>diligebat.</span> <span class='ocrx_word' id='word_1_102' title='bbox 1596 1481 1654 1537; x_wconf 85' lang='lat' dir='ltr'>ld</span> <span class='ocrx_word' id='word_1_103' title='bbox 1710 1493 1821 1549; x_wconf 85' lang='lat' dir='ltr'>est,</span> 
     </span>
     <span class='ocr_line' id='line_1_15' title="bbox 240 1572 1815 1643; baseline 0.003 -19"><span class='ocrx_word' id='word_1_104' title='bbox 240 1572 491 1643; x_wconf 80' lang='lat' dir='ltr'>quamvis</span> <span class='ocrx_word' id='word_1_105' title='bbox 528 1575 771 1643; x_wconf 86' lang='lat' dir='ltr'>corporis</span> <span class='ocrx_word' id='word_1_106' title='bbox 799 1574 1011 1630; x_wconf 77' lang='lat' dir='ltr'>iabores</span> <span class='ocrx_word' id='word_1_107' title='bbox 1041 1575 1109 1629; x_wconf 90' lang='lat' dir='ltr'>ab</span> <span class='ocrx_word' id='word_1_108' title='bbox 1140 1574 1364 1630; x_wconf 88' lang='lat' dir='ltr'>inimico</span> <span class='ocrx_word' id='word_1_109' title='bbox 1405 1572 1676 1629; x_wconf 88' lang='lat' dir='ltr'>bominem</span> <span class='ocrx_word' id='word_1_110' title='bbox 1716 1574 1815 1629; x_wconf 90' lang='lat' dir='ltr'>de·</span> 
     </span>
     <span class='ocr_line' id='line_1_16' title="bbox 243 1664 1823 1738; baseline 0 -19"><span class='ocrx_word' id='word_1_111' title='bbox 243 1665 485 1733; x_wconf 87' lang='lat' dir='ltr'>fendant,</span> <span class='ocrx_word' id='word_1_112' title='bbox 529 1673 706 1722; x_wconf 86' lang='lat' dir='ltr'>tamen</span> <span class='ocrx_word' id='word_1_113' title='bbox 755 1682 881 1721; x_wconf 77' lang='lat' dir='ltr'>vera</span> <span class='ocrx_word' id='word_1_114' title='bbox 913 1664 1301 1738; x_wconf 82' lang='lat' dir='ltr'>contemplatio</span> <span class='ocrx_word' id='word_1_115' title='bbox 1357 1666 1637 1738; x_wconf 83' lang='lat' dir='ltr'>conjungit</span> <span class='ocrx_word' id='word_1_116' title='bbox 1676 1666 1823 1722; x_wconf 88' lang='lat' dir='ltr'>illum</span> 
     </span>
     <span class='ocr_line' id='line_1_17' title="bbox 244 1756 1825 1828; baseline 0.003 -19"><span class='ocrx_word' id='word_1_117' title='bbox 244 1771 366 1811; x_wconf 88' lang='lat' dir='ltr'>cum</span> <span class='ocrx_word' id='word_1_118' title='bbox 398 1756 529 1813; x_wconf 85' lang='lat' dir='ltr'>Deo.</span> <span class='ocrx_word' id='word_1_119' title='bbox 569 1757 930 1826; x_wconf 82' lang='lat' dir='ltr'>Posteaquam</span> <span class='ocrx_word' id='word_1_120' title='bbox 975 1757 1104 1811; x_wconf 79' lang='lat' dir='ltr'>vidit</span> <span class='ocrx_word' id='word_1_121' title='bbox 1150 1756 1381 1828; x_wconf 74' lang='lat' dir='ltr'>loseph,</span> <span class='ocrx_word' id='word_1_122' title='bbox 1421 1758 1620 1814; x_wconf 85' lang='lat' dir='ltr'>reverti</span> <span class='ocrx_word' id='word_1_123' title='bbox 1655 1756 1825 1813; x_wconf 89' lang='lat' dir='ltr'>voluit</span> 
     </span>
     <span class='ocr_line' id='line_1_18' title="bbox 243 1848 1826 1919; baseline 0.001 -17"><span class='ocrx_word' id='word_1_124' title='bbox 243 1848 313 1903; x_wconf 84' lang='lat' dir='ltr'>ad</span> <span class='ocrx_word' id='word_1_125' title='bbox 346 1858 600 1917; x_wconf 85' lang='lat' dir='ltr'>parentes</span> <span class='ocrx_word' id='word_1_126' title='bbox 625 1863 782 1915; x_wconf 78' lang='lat' dir='ltr'>suoS,</span> <span class='ocrx_word' id='word_1_127' title='bbox 810 1864 931 1902; x_wconf 88' lang='lat' dir='ltr'>cum</span> <span class='ocrx_word' id='word_1_128' title='bbox 964 1849 1148 1919; x_wconf 88' lang='lat' dir='ltr'>utique</span> <span class='ocrx_word' id='word_1_129' title='bbox 1171 1850 1273 1904; x_wconf 83' lang='lat' dir='ltr'>sibi</span> <span class='ocrx_word' id='word_1_130' title='bbox 1297 1864 1421 1903; x_wconf 90' lang='lat' dir='ltr'>eum</span> <span class='ocrx_word' id='word_1_131' title='bbox 1453 1858 1643 1906; x_wconf 90' lang='lat' dir='ltr'>natum</span> <span class='ocrx_word' id='word_1_132' title='bbox 1669 1863 1826 1919; x_wconf 87' lang='lat' dir='ltr'>aspe-</span> 
     </span>
     <span class='ocr_line' id='line_1_19' title="bbox 245 1939 1824 2010; baseline 0.001 -17"><span class='ocrx_word' id='word_1_133' title='bbox 245 1939 438 2007; x_wconf 80' lang='lat' dir='ltr'>xisset,</span> <span class='ocrx_word' id='word_1_134' title='bbox 478 1940 570 2010; x_wconf 88' lang='lat' dir='ltr'>qui</span> <span class='ocrx_word' id='word_1_135' title='bbox 604 1954 695 1994; x_wconf 83' lang='lat' dir='ltr'>rex</span> <span class='ocrx_word' id='word_1_136' title='bbox 730 1939 865 1994; x_wconf 86' lang='lat' dir='ltr'>foret</span> <span class='ocrx_word' id='word_1_137' title='bbox 902 1941 1045 1994; x_wconf 90' lang='lat' dir='ltr'>inter</span> <span class='ocrx_word' id='word_1_138' title='bbox 1073 1941 1269 1996; x_wconf 88' lang='lat' dir='ltr'>fratres</span> <span class='ocrx_word' id='word_1_139' title='bbox 1298 1956 1445 1998; x_wconf 84' lang='lat' dir='ltr'>suos.</span> <span class='ocrx_word' id='word_1_140' title='bbox 1477 1940 1610 1997; x_wconf 89' lang='lat' dir='ltr'>Cum</span> <span class='ocrx_word' id='word_1_141' title='bbox 1640 1949 1824 1996; x_wconf 89' lang='lat' dir='ltr'>autem</span> 
     </span>
     <span class='ocr_line' id='line_1_20' title="bbox 245 2027 1825 2101; baseline 0.002 -17"><span class='ocrx_word' id='word_1_142' title='bbox 245 2029 377 2084; x_wconf 89' lang='lat' dir='ltr'>dicit</span> <span class='ocrx_word' id='word_1_143' title='bbox 405 2036 700 2084; x_wconf 82' lang='lat' dir='ltr'>torrentem</span> <span class='ocrx_word' id='word_1_144' title='bbox 725 2027 890 2085; x_wconf 76' lang='lat' dir='ltr'>Jacob</span> <span class='ocrx_word' id='word_1_145' title='bbox 913 2044 1101 2085; x_wconf 87' lang='lat' dir='ltr'>omnes</span> <span class='ocrx_word' id='word_1_146' title='bbox 1128 2045 1257 2085; x_wconf 90' lang='lat' dir='ltr'>suas</span> <span class='ocrx_word' id='word_1_147' title='bbox 1286 2030 1472 2101; x_wconf 84' lang='lat' dir='ltr'>copias</span> <span class='ocrx_word' id='word_1_148' title='bbox 1518 2030 1825 2100; x_wconf 82' lang='lat' dir='ltr'>trajecisse,</span> 
     </span>
     <span class='ocr_line' id='line_1_21' title="bbox 247 2120 1826 2193; baseline 0.001 -17"><span class='ocrx_word' id='word_1_149' title='bbox 247 2120 531 2189; x_wconf 82' lang='lat' dir='ltr'>solumque</span> <span class='ocrx_word' id='word_1_150' title='bbox 590 2122 955 2186; x_wconf 88' lang='lat' dir='ltr'>remansisse,</span> <span class='ocrx_word' id='word_1_151' title='bbox 1016 2130 1070 2177; x_wconf 89' lang='lat' dir='ltr'>et</span> <span class='ocrx_word' id='word_1_152' title='bbox 1119 2121 1517 2178; x_wconf 86' lang='lat' dir='ltr'>benedictionis</span> <span class='ocrx_word' id='word_1_153' title='bbox 1567 2123 1826 2193; x_wconf 78' lang='lat' dir='ltr'>gaudium</span> 
     </span>
     <span class='ocr_line' id='line_1_22' title="bbox 247 2205 1827 2282; baseline 0.004 -18"><span class='ocrx_word' id='word_1_154' title='bbox 247 2214 578 2282; x_wconf 79' lang='lat' dir='ltr'>percepisse,</span> <span class='ocrx_word' id='word_1_155' title='bbox 619 2213 834 2269; x_wconf 86' lang='lat' dir='ltr'>dicente</span> <span class='ocrx_word' id='word_1_156' title='bbox 866 2212 1096 2269; x_wconf 90' lang='lat' dir='ltr'>Domino</span> <span class='ocrx_word' id='word_1_157' title='bbox 1131 2232 1146 2269; x_wconf 90' lang='lat'>:</span> <span class='ocrx_word' id='word_1_158' title='bbox 1193 2205 1318 2269; x_wconf 83' lang='lat' dir='ltr'>Non</span> <span class='ocrx_word' id='word_1_159' title='bbox 1363 2215 1465 2270; x_wconf 81' lang='lat' dir='ltr'>erit</span> <span class='ocrx_word' id='word_1_160' title='bbox 1505 2216 1600 2269; x_wconf 80' lang='lat' dir='ltr'>tibi</span> <span class='ocrx_word' id='word_1_161' title='bbox 1640 2232 1827 2270; x_wconf 81' lang='lat' dir='ltr'>nomen</span> 
     </span>
     <span class='ocr_line' id='line_1_23' title="bbox 245 2303 1826 2378; baseline 0.002 -19"><span class='ocrx_word' id='word_1_162' title='bbox 245 2303 410 2359; x_wconf 70' lang='lat' dir='ltr'>Jacob</span> <span class='ocrx_word' id='word_1_163' title='bbox 431 2343 447 2369; x_wconf 88' lang='lat'>,</span> <span class='ocrx_word' id='word_1_164' title='bbox 473 2305 565 2359; x_wconf 79' lang='lat' dir='ltr'>aed</span> <span class='ocrx_word' id='word_1_165' title='bbox 595 2303 768 2360; x_wconf 73' lang='lat' dir='ltr'>lsrael</span> <span class='ocrx_word' id='word_1_166' title='bbox 793 2306 864 2372; x_wconf 78' lang='lat'>⁸⁸,</span> <span class='ocrx_word' id='word_1_167' title='bbox 893 2304 1059 2361; x_wconf 80' lang='lat' dir='ltr'>Jacob</span> <span class='ocrx_word' id='word_1_168' title='bbox 1089 2306 1394 2378; x_wconf 86' lang='lat' dir='ltr'>appellatus</span> <span class='ocrx_word' id='word_1_169' title='bbox 1423 2316 1505 2364; x_wconf 87' lang='lat' dir='ltr'>est</span> <span class='ocrx_word' id='word_1_170' title='bbox 1524 2346 1539 2373; x_wconf 88' lang='lat'>,</span> <span class='ocrx_word' id='word_1_171' title='bbox 1570 2308 1826 2378; x_wconf 87' lang='lat' dir='ltr'>quoniam</span> 
     </span>
     <span class='ocr_line' id='line_1_24' title="bbox 245 2395 1830 2469; baseline 0.003 -18"><span class='ocrx_word' id='word_1_172' title='bbox 245 2395 644 2468; x_wconf 78' lang='lat' dir='ltr'>supplantavit,</span> <span class='ocrx_word' id='word_1_173' title='bbox 674 2397 876 2467; x_wconf 81' lang='lat' dir='ltr'>-quoad</span> <span class='ocrx_word' id='word_1_174' title='bbox 929 2397 1312 2454; x_wconf 86' lang='lat' dir='ltr'>benedictione</span> <span class='ocrx_word' id='word_1_175' title='bbox 1357 2399 1551 2469; x_wconf 83' lang='lat' dir='ltr'>dignus</span> <span class='ocrx_word' id='word_1_176' title='bbox 1603 2397 1830 2455; x_wconf 75' lang='lat' dir='ltr'>effeetus</span> 
     </span>
     <span class='ocr_line' id='line_1_25' title="bbox 245 2489 1828 2560; baseline 0.001 -17"><span class='ocrx_word' id='word_1_177' title='bbox 245 2497 363 2554; x_wconf 67' lang='lat' dir='ltr'>est,</span> <span class='ocrx_word' id='word_1_178' title='bbox 394 2498 451 2544; x_wconf 80' lang='lat' dir='ltr'>et</span> <span class='ocrx_word' id='word_1_179' title='bbox 491 2503 687 2545; x_wconf 85' lang='lat' dir='ltr'>sensus</span> <span class='ocrx_word' id='word_1_180' title='bbox 739 2504 871 2545; x_wconf 87' lang='lat' dir='ltr'>suos</span> <span class='ocrx_word' id='word_1_181' title='bbox 914 2489 1174 2551; x_wconf 79' lang='lat' dir='ltr'>servavit.</span> <span class='ocrx_word' id='word_1_182' title='bbox 1225 2489 1317 2560; x_wconf 89' lang='lat' dir='ltr'>qui</span> <span class='ocrx_word' id='word_1_183' title='bbox 1365 2499 1521 2545; x_wconf 90' lang='lat' dir='ltr'>erant</span> <span class='ocrx_word' id='word_1_184' title='bbox 1573 2490 1626 2544; x_wconf 88' lang='lat' dir='ltr'>in</span> <span class='ocrx_word' id='word_1_185' title='bbox 1664 2505 1828 2545; x_wconf 89' lang='lat' dir='ltr'>manu</span> 
     </span>
     <span class='ocr_line' id='line_1_26' title="bbox 249 2575 1830 2650; baseline 0.003 -19"><span class='ocrx_word' id='word_1_186' title='bbox 249 2575 476 2633; x_wconf 85' lang='lat' dir='ltr'>inimici.</span> <span class='ocrx_word' id='word_1_187' title='bbox 525 2578 884 2648; x_wconf 79' lang='lat' dir='ltr'>Posteaquam</span> <span class='ocrx_word' id='word_1_188' title='bbox 939 2580 1103 2650; x_wconf 78' lang='lat' dir='ltr'>igitur</span> <span class='ocrx_word' id='word_1_189' title='bbox 1142 2579 1355 2634; x_wconf 91' lang='lat' dir='ltr'>liberati</span> <span class='ocrx_word' id='word_1_190' title='bbox 1412 2588 1560 2645; x_wconf 82' lang='lat' dir='ltr'>sunt,</span> <span class='ocrx_word' id='word_1_191' title='bbox 1602 2590 1830 2635; x_wconf 85' lang='lat' dir='ltr'>vocatus</span> 
     </span>
     <span class='ocr_line' id='line_1_27' title="bbox 250 2666 1829 2731; baseline 0.001 -10"><span class='ocrx_word' id='word_1_192' title='bbox 250 2675 337 2721; x_wconf 69' lang='lat' dir='ltr'>est</span> <span class='ocrx_word' id='word_1_193' title='bbox 369 2666 556 2731; x_wconf 85' lang='lat' dir='ltr'>lsrael,</span> <span class='ocrx_word' id='word_1_194' title='bbox 597 2668 700 2722; x_wconf 86' lang='lat' dir='ltr'>hoe</span> <span class='ocrx_word' id='word_1_195' title='bbox 738 2677 824 2722; x_wconf 87' lang='lat' dir='ltr'>est</span> <span class='ocrx_word' id='word_1_196' title='bbox 859 2684 1002 2722; x_wconf 73' lang='lat' dir='ltr'>mens</span> <span class='ocrx_word' id='word_1_197' title='bbox 1030 2667 1198 2723; x_wconf 80' lang='lat' dir='ltr'>Deum</span> <span class='ocrx_word' id='word_1_198' title='bbox 1227 2668 1427 2723; x_wconf 79' lang='lat' dir='ltr'>videm.</span> <span class='ocrx_word' id='word_1_199' title='bbox 1458 2666 1671 2725; x_wconf 81' lang='lat' dir='ltr'>Etenim</span> <span class='ocrx_word' id='word_1_200' title='bbox 1707 2683 1829 2723; x_wconf 85' lang='lat' dir='ltr'>cnm</span> 
     </span>
    </p>
   </div>
   <div class='ocr_carea' id='block_1_5' title="bbox 252 2756 1837 2829">
    <p class='ocr_par' dir='ltr' id='par_1_5' title="bbox 252 2756 1837 2829">
     <span class='ocr_line' id='line_1_28' title="bbox 252 2756 1837 2829; baseline 0.003 -21"><span class='ocrx_word' id='word_1_201' title='bbox 252 2771 319 2809; x_wconf 86' lang='lat' dir='ltr'>en</span> <span class='ocrx_word' id='word_1_202' title='bbox 350 2757 661 2826; x_wconf 87' lang='lat' dir='ltr'>pervenerit</span> <span class='ocrx_word' id='word_1_203' title='bbox 702 2772 886 2820; x_wconf 87' lang='lat' dir='ltr'>mens,</span> <span class='ocrx_word' id='word_1_204' title='bbox 919 2767 975 2811; x_wconf 91' lang='lat' dir='ltr'>ut</span> <span class='ocrx_word' id='word_1_205' title='bbox 999 2756 1312 2815; x_wconf 88' lang='lat' dir='ltr'>Divinitatis</span> <span class='ocrx_word' id='word_1_206' title='bbox 1358 2757 1587 2829; x_wconf 75' lang='lat' dir='ltr'>gloriam</span> <span class='ocrx_word' id='word_1_207' title='bbox 1630 2757 1837 2823; x_wconf 81' lang='lat' dir='ltr'>videat,</span> 
     </span>
    </p>
   </div>
   <div class='ocr_carea' id='block_1_6' title="bbox 253 2841 1833 3013">
    <p class='ocr_par' dir='ltr' id='par_1_6' title="bbox 253 2841 1833 3013">
     <span class='ocr_line' id='line_1_29' title="bbox 254 2841 1832 2921; baseline 0.002 -21"><span class='ocrx_word' id='word_1_208' title='bbox 254 2841 514 2903; x_wconf 81' lang='lat' dir='ltr'>metuitur</span> <span class='ocrx_word' id='word_1_209' title='bbox 539 2848 607 2904; x_wconf 90' lang='lat' dir='ltr'>ab</span> <span class='ocrx_word' id='word_1_210' title='bbox 637 2847 875 2905; x_wconf 84' lang='lat' dir='ltr'>inimico.</span> <span class='ocrx_word' id='word_1_211' title='bbox 919 2848 1177 2917; x_wconf 85' lang='lat' dir='ltr'>Quamvis</span> <span class='ocrx_word' id='word_1_212' title='bbox 1210 2850 1375 2921; x_wconf 76' lang='lat' dir='ltr'>igitur</span> <span class='ocrx_word' id='word_1_213' title='bbox 1417 2850 1602 2905; x_wconf 85' lang='lat' dir='ltr'>veniat</span> <span class='ocrx_word' id='word_1_214' title='bbox 1642 2848 1695 2902; x_wconf 90' lang='lat' dir='ltr'>in</span> <span class='ocrx_word' id='word_1_215' title='bbox 1741 2863 1832 2903; x_wconf 90' lang='lat' dir='ltr'>oc·</span> 
     </span>
     <span class='ocr_line' id='line_1_30' title="bbox 253 2939 1833 3013; baseline 0 -18"><span class='ocrx_word' id='word_1_216' title='bbox 253 2955 468 2995; x_wconf 83' lang='lat' dir='ltr'>cursum</span> <span class='ocrx_word' id='word_1_217' title='bbox 498 2941 614 3013; x_wconf 74' lang='lat' dir='ltr'>ejus</span> <span class='ocrx_word' id='word_1_218' title='bbox 646 2942 785 2997; x_wconf 82' lang='lat' dir='ltr'>Esau</span> <span class='ocrx_word' id='word_1_219' title='bbox 826 2956 948 2995; x_wconf 92' lang='lat' dir='ltr'>cum</span> <span class='ocrx_word' id='word_1_220' title='bbox 988 2943 1305 3004; x_wconf 82' lang='lat' dir='ltr'>acerbitate,</span> <span class='ocrx_word' id='word_1_221' title='bbox 1353 2941 1632 2999; x_wconf 80' lang='lat' dir='ltr'>humilitas</span> <span class='ocrx_word' id='word_1_222' title='bbox 1663 2939 1833 2997; x_wconf 83' lang='lat' dir='ltr'>Jacob</span> 
     </span>
    </p>
   </div>
   <div class='ocr_carea' id='block_1_7' title="bbox 1859 371 3551 1371">
    <p class='ocr_par' dir='ltr' id='par_1_7' title="bbox 1859 371 3551 1371">
     <span class='ocr_line' id='line_1_31' title="bbox 1859 371 3550 450; baseline 0.009 -22"><span class='ocrx_word' id='word_1_223' title='bbox 1859 371 1906 428; x_wconf 80' lang='lat' dir='ltr'>A</span> <span class='ocrx_word' id='word_1_224' title='bbox 1936 383 2268 445; x_wconf 82' lang='lat' dir='ltr'>conaturque</span> <span class='ocrx_word' id='word_1_225' title='bbox 2296 377 2365 431; x_wconf 88' lang='lat' dir='ltr'>ad</span> <span class='ocrx_word' id='word_1_226' title='bbox 2400 376 2628 448; x_wconf 83' lang='lat' dir='ltr'>pristina</span> <span class='ocrx_word' id='word_1_227' title='bbox 2657 387 2890 450; x_wconf 81' lang='lat' dir='ltr'>peccata</span> <span class='ocrx_word' id='word_1_228' title='bbox 2933 378 3225 435; x_wconf 82' lang='lat' dir='ltr'>reducere</span> <span class='ocrx_word' id='word_1_229' title='bbox 3255 398 3274 436; x_wconf 71' lang='grc' dir='ltr'><strong>ε</strong></span> <span class='ocrx_word' id='word_1_230' title='bbox 3303 384 3398 438; x_wconf 81' lang='lat' dir='ltr'>sed</span> <span class='ocrx_word' id='word_1_231' title='bbox 3421 386 3550 445; x_wconf 78' lang='lat' dir='ltr'>illam</span> 
     </span>
     <span class='ocr_line' id='line_1_32' title="bbox 1925 467 3551 548; baseline 0.003 -24"><span class='ocrx_word' id='word_1_232' title='bbox 1925 467 2135 538; x_wconf 80' lang='lat' dir='ltr'>repellit</span> <span class='ocrx_word' id='word_1_233' title='bbox 2153 469 2367 523; x_wconf 85' lang='lat' dir='ltr'>assidua</span> <span class='ocrx_word' id='word_1_234' title='bbox 2386 485 2508 525; x_wconf 93' lang='lat' dir='ltr'>cum</span> <span class='ocrx_word' id='word_1_235' title='bbox 2528 469 2638 526; x_wconf 81' lang='lat' dir='ltr'>Deo</span> <span class='ocrx_word' id='word_1_236' title='bbox 2654 470 3055 538; x_wconf 74' lang='lat' dir='ltr'>familiaritas,</span> <span class='ocrx_word' id='word_1_237' title='bbox 3075 487 3259 542; x_wconf 86' lang='lat' dir='ltr'>quam</span> <span class='ocrx_word' id='word_1_238' title='bbox 3279 482 3551 548; x_wconf 73' lang='lat' dir='ltr'>temperan-</span> 
     </span>
     <span class='ocr_line' id='line_1_33' title="bbox 1925 562 3549 641; baseline 0.007 -25"><span class='ocrx_word' id='word_1_239' title='bbox 1925 563 1997 616; x_wconf 85' lang='lat' dir='ltr'>tia</span> <span class='ocrx_word' id='word_1_240' title='bbox 2023 562 2211 634; x_wconf 73' lang='lat' dir='ltr'>gignit.</span> <span class='ocrx_word' id='word_1_241' title='bbox 2239 564 2651 634; x_wconf 80' lang='lat' dir='ltr'>temperantiam</span> <span class='ocrx_word' id='word_1_242' title='bbox 2669 579 2838 634; x_wconf 89' lang='lat' dir='ltr'>porro</span> <span class='ocrx_word' id='word_1_243' title='bbox 2864 566 3149 635; x_wconf 85' lang='lat' dir='ltr'>corporis</span> <span class='ocrx_word' id='word_1_244' title='bbox 3164 563 3392 622; x_wconf 76' lang='lat' dir='ltr'>afflictio</span> <span class='ocrx_word' id='word_1_245' title='bbox 3412 576 3549 641; x_wconf 84' lang='lat' dir='ltr'>parit.</span> 
     </span>
     <span class='ocr_line' id='line_1_34' title="bbox 1926 654 3549 732; baseline 0.006 -23"><span class='ocrx_word' id='word_1_246' title='bbox 1926 654 2020 710; x_wconf 82' lang='lat' dir='ltr'>His</span> <span class='ocrx_word' id='word_1_247' title='bbox 2051 656 2349 711; x_wconf 82' lang='lat' dir='ltr'>rationibus</span> <span class='ocrx_word' id='word_1_248' title='bbox 2373 654 2535 714; x_wconf 85' lang='lat' dir='ltr'>lsrael</span> <span class='ocrx_word' id='word_1_249' title='bbox 2563 656 2858 713; x_wconf 84' lang='lat' dir='ltr'>liberatur.</span> <span class='ocrx_word' id='word_1_250' title='bbox 2896 658 2973 712; x_wconf 81' lang='lat' dir='ltr'>Et</span> <span class='ocrx_word' id='word_1_251' title='bbox 3001 667 3151 713; x_wconf 86' lang='lat' dir='ltr'>tune</span> <span class='ocrx_word' id='word_1_252' title='bbox 3178 658 3353 715; x_wconf 82' lang='lat' dir='ltr'>bomo</span> <span class='ocrx_word' id='word_1_253' title='bbox 3380 666 3549 732; x_wconf 65' lang='lat' dir='ltr'>gratias</span> 
     </span>
     <span class='ocr_line' id='line_1_35' title="bbox 1926 746 3549 820; baseline 0.006 -21"><span class='ocrx_word' id='word_1_254' title='bbox 1926 748 2034 818; x_wconf 81' lang='lat' dir='ltr'>agit</span> <span class='ocrx_word' id='word_1_255' title='bbox 2049 748 2158 802; x_wconf 90' lang='lat' dir='ltr'>Deo</span> <span class='ocrx_word' id='word_1_256' title='bbox 2175 765 2189 801; x_wconf 70' lang='grc' dir='ltr'><strong>ι</strong></span> <span class='ocrx_word' id='word_1_257' title='bbox 2206 746 2339 820; x_wconf 79' lang='lat' dir='ltr'>Ego,</span> <span class='ocrx_word' id='word_1_258' title='bbox 2358 748 2898 820; x_wconf 51' lang='lat' dir='ltr'>inquietissimi-mus</span> <span class='ocrx_word' id='word_1_259' title='bbox 2911 763 3050 804; x_wconf 78' lang='lat' dir='ltr'>sum</span> <span class='ocrx_word' id='word_1_260' title='bbox 3069 756 3134 804; x_wconf 79' lang='lat' dir='ltr'>et</span> <span class='ocrx_word' id='word_1_261' title='bbox 3151 748 3549 817; x_wconf 54' lang='lat' dir='ltr'>imbecillum&amp;</span> 
     </span>
     <span class='ocr_line' id='line_1_36' title="bbox 1928 837 3543 913; baseline 0.004 -21"><span class='ocrx_word' id='word_1_262' title='bbox 1928 848 1981 892; x_wconf 88' lang='lat' dir='ltr'>tu</span> <span class='ocrx_word' id='word_1_263' title='bbox 2009 839 2224 909; x_wconf 83' lang='lat' dir='ltr'>adjutor</span> <span class='ocrx_word' id='word_1_264' title='bbox 2246 855 2397 895; x_wconf 89' lang='lat' dir='ltr'>meus</span> <span class='ocrx_word' id='word_1_265' title='bbox 2414 857 2441 895; x_wconf 89' lang='lat' dir='ltr'>a</span> <span class='ocrx_word' id='word_1_266' title='bbox 2466 841 2821 913; x_wconf 82' lang='lat' dir='ltr'>generatione</span> <span class='ocrx_word' id='word_1_267' title='bbox 2846 841 2909 895; x_wconf 87' lang='lat' dir='ltr'>in</span> <span class='ocrx_word' id='word_1_268' title='bbox 2935 837 3402 909; x_wconf 76' lang='lat' dir='ltr'>generationem.</span> <span class='ocrx_word' id='word_1_269' title='bbox 3429 841 3543 904; x_wconf 62' lang='lat' dir='ltr'>&#39;ralis</span> 
     </span>
     <span class='ocr_line' id='line_1_37' title="bbox 1929 931 3529 1004; baseline 0.003 -18"><span class='ocrx_word' id='word_1_270' title='bbox 1929 931 2027 988; x_wconf 86' lang='lat' dir='ltr'>fuit</span> <span class='ocrx_word' id='word_1_271' title='bbox 2060 943 2115 988; x_wconf 85' lang='lat' dir='ltr'>ct</span> <span class='ocrx_word' id='word_1_272' title='bbox 2147 947 2376 1002; x_wconf 80' lang='lat' dir='ltr'>magnus</span> <span class='ocrx_word' id='word_1_273' title='bbox 2409 935 2671 1004; x_wconf 85' lang='lat' dir='ltr'>propheta</span> <span class='ocrx_word' id='word_1_274' title='bbox 2712 932 2909 996; x_wconf 84' lang='lat' dir='ltr'>Elias,</span> <span class='ocrx_word' id='word_1_275' title='bbox 2952 934 3058 1004; x_wconf 91' lang='lat' dir='ltr'>qui</span> <span class='ocrx_word' id='word_1_276' title='bbox 3105 948 3326 989; x_wconf 82' lang='lat' dir='ltr'>omues</span> <span class='ocrx_word' id='word_1_277' title='bbox 3357 939 3529 1004; x_wconf 70' lang='lat' dir='ltr'>turpitu-</span> 
     </span>
     <span class='ocr_line' id='line_1_38' title="bbox 1928 1025 3514 1096; baseline 0.004 -17"><span class='ocrx_word' id='word_1_278' title='bbox 1928 1026 2074 1082; x_wconf 81' lang='lat' dir='ltr'>dinis</span> <span class='ocrx_word' id='word_1_279' title='bbox 2116 1028 2410 1096; x_wconf 82' lang='lat' dir='ltr'>propbetas</span> <span class='ocrx_word' id='word_1_280' title='bbox 2446 1026 2545 1081; x_wconf 79' lang='lat' dir='ltr'>sibi</span> <span class='ocrx_word' id='word_1_281' title='bbox 2582 1026 2961 1080; x_wconf 81' lang='lat' dir='ltr'>adversantes</span> <span class='ocrx_word' id='word_1_282' title='bbox 3007 1025 3232 1081; x_wconf 89' lang='lat' dir='ltr'>delere</span> <span class='ocrx_word' id='word_1_283' title='bbox 3281 1040 3376 1082; x_wconf 80' lang='lat' dir='ltr'>noa</span> <span class='ocrx_word' id='word_1_284' title='bbox 3393 1032 3514 1096; x_wconf 70' lang='lat' dir='ltr'>punit</span> 
     </span>
     <span class='ocr_line' id='line_1_39' title="bbox 1928 1114 3493 1186; baseline 0 -15"><span class='ocrx_word' id='word_1_285' title='bbox 1928 1117 2078 1186; x_wconf 88' lang='lat' dir='ltr'>prius</span> <span class='ocrx_word' id='word_1_286' title='bbox 2119 1130 2281 1186; x_wconf 81' lang='lat' dir='ltr'>quant</span> <span class='ocrx_word' id='word_1_287' title='bbox 2313 1115 2593 1171; x_wconf 83' lang='lat' dir='ltr'>duodecim</span> <span class='ocrx_word' id='word_1_288' title='bbox 2643 1114 2931 1185; x_wconf 78' lang='lat' dir='ltr'>lapidibus</span> <span class='ocrx_word' id='word_1_289' title='bbox 2975 1114 3191 1170; x_wconf 82' lang='lat' dir='ltr'>altare</span> <span class='ocrx_word' id='word_1_290' title='bbox 3219 1125 3493 1185; x_wconf 64' lang='lat' dir='ltr'>construet,</span> 
     </span>
     <span class='ocr_line' id='line_1_40' title="bbox 1928 1206 3496 1283; baseline -0.001 -19"><span class='ocrx_word' id='word_1_291' title='bbox 1928 1218 1982 1264; x_wconf 88' lang='lat' dir='ltr'>et</span> <span class='ocrx_word' id='word_1_292' title='bbox 2015 1209 2175 1279; x_wconf 81' lang='lat' dir='ltr'>lignis</span> <span class='ocrx_word' id='word_1_293' title='bbox 2213 1211 2485 1283; x_wconf 77' lang='lat' dir='ltr'>congestis</span> <span class='ocrx_word' id='word_1_294' title='bbox 2532 1222 2731 1277; x_wconf 88' lang='lat' dir='ltr'>aquam</span> <span class='ocrx_word' id='word_1_295' title='bbox 2776 1206 3183 1273; x_wconf 70' lang='lat' dir='ltr'>infunderet,</span> <span class='ocrx_word' id='word_1_296' title='bbox 3240 1219 3299 1263; x_wconf 89' lang='lat' dir='ltr'>et</span> <span class='ocrx_word' id='word_1_297' title='bbox 3343 1222 3496 1264; x_wconf 71' lang='lat' dir='ltr'>sama</span> 
     </span>
     <span class='ocr_line' id='line_1_41' title="bbox 1930 1299 3509 1371; baseline 0.001 -16"><span class='ocrx_word' id='word_1_298' title='bbox 1930 1301 2259 1357; x_wconf 85' lang='lat' dir='ltr'>sacrificium</span> <span class='ocrx_word' id='word_1_299' title='bbox 2292 1302 2593 1371; x_wconf 80' lang='lat' dir='ltr'>imponeret</span> <span class='ocrx_word' id='word_1_300' title='bbox 2629 1302 2698 1355; x_wconf 65' lang='lat'>¹⁸4</span> <span class='ocrx_word' id='word_1_301' title='bbox 2735 1299 2811 1355; x_wconf 81' lang='lat' dir='ltr'>Et</span> <span class='ocrx_word' id='word_1_302' title='bbox 2847 1299 3014 1371; x_wconf 77' lang='lat' dir='ltr'>ignis</span> <span class='ocrx_word' id='word_1_303' title='bbox 3047 1302 3293 1357; x_wconf 86' lang='lat' dir='ltr'>divinus</span> <span class='ocrx_word' id='word_1_304' title='bbox 3331 1318 3509 1356; x_wconf 71' lang='lat' dir='ltr'>cons-a·</span> 
     </span>
    </p>
   </div>
   <div class='ocr_carea' id='block_1_8' title="bbox 1931 1389 3529 1544">
    <p class='ocr_par' dir='ltr' id='par_1_8' title="bbox 1931 1389 3529 1544">
     <span class='ocr_line' id='line_1_42' title="bbox 1931 1389 3522 1461; baseline 0.005 -21"><span class='ocrx_word' id='word_1_305' title='bbox 1931 1391 2038 1461; x_wconf 75' lang='lat' dir='ltr'>psit</span> <span class='ocrx_word' id='word_1_306' title='bbox 2068 1389 2257 1453; x_wconf 85' lang='lat' dir='ltr'>altare,</span> <span class='ocrx_word' id='word_1_307' title='bbox 2298 1400 2354 1445; x_wconf 91' lang='lat' dir='ltr'>et</span> <span class='ocrx_word' id='word_1_308' title='bbox 2388 1406 2505 1457; x_wconf 76' lang='lat' dir='ltr'>quae</span> <span class='ocrx_word' id='word_1_309' title='bbox 2537 1405 2706 1460; x_wconf 86' lang='lat' dir='ltr'>super</span> <span class='ocrx_word' id='word_1_310' title='bbox 2742 1390 2923 1445; x_wconf 86' lang='lat' dir='ltr'>altari</span> <span class='ocrx_word' id='word_1_311' title='bbox 2959 1398 3152 1445; x_wconf 81' lang='lat' dir='ltr'>erant</span> <span class='ocrx_word' id='word_1_312' title='bbox 3203 1392 3398 1461; x_wconf 80' lang='lat' dir='ltr'>posita.</span> <span class='ocrx_word' id='word_1_313' title='bbox 3422 1392 3522 1448; x_wconf 65' lang='lat' dir='ltr'>Tm</span> 
     </span>
     <span class='ocr_line' id='line_1_43' title="bbox 1934 1462 3529 1544; baseline 0.002 -15"><span class='ocrx_word' id='word_1_314' title='bbox 1934 1471 2183 1529; x_wconf 82' lang='lat' dir='ltr'>fiduciam</span> <span class='ocrx_word' id='word_1_315' title='bbox 2219 1475 2449 1544; x_wconf 80' lang='lat' dir='ltr'>stirupsit</span> <span class='ocrx_word' id='word_1_316' title='bbox 2470 1462 2667 1530; x_wconf 76' lang='lat' dir='ltr'>&#39;contra</span> <span class='ocrx_word' id='word_1_317' title='bbox 2700 1474 3101 1530; x_wconf 81' lang='lat' dir='ltr'>adversarios</span> <span class='ocrx_word' id='word_1_318' title='bbox 3146 1492 3322 1543; x_wconf 85' lang='lat' dir='ltr'>suos,</span> <span class='ocrx_word' id='word_1_319' title='bbox 3369 1487 3417 1533; x_wconf 88' lang='lat' dir='ltr'>et</span> <span class='ocrx_word' id='word_1_320' title='bbox 3447 1495 3529 1532; x_wconf 78' lang='lat' dir='ltr'>tun</span> 
     </span>
    </p>
   </div>
   <div class='ocr_carea' id='block_1_9' title="bbox 1915 1565 3534 3018">
    <p class='ocr_par' dir='ltr' id='par_1_9' title="bbox 1915 1565 3534 2556">
     <span class='ocr_line' id='line_1_44' title="bbox 1931 1565 3532 1641; baseline 0.004 -23"><span class='ocrx_word' id='word_1_321' title='bbox 1931 1581 2027 1622; x_wconf 77' lang='lat' dir='ltr'>eos</span> <span class='ocrx_word' id='word_1_322' title='bbox 2062 1566 2129 1620; x_wconf 91' lang='lat' dir='ltr'>ad</span> <span class='ocrx_word' id='word_1_323' title='bbox 2164 1566 2597 1627; x_wconf 80' lang='lat' dir='ltr'>internecionem</span> <span class='ocrx_word' id='word_1_324' title='bbox 2633 1579 2819 1635; x_wconf 87' lang='lat' dir='ltr'>usque</span> <span class='ocrx_word' id='word_1_325' title='bbox 2857 1565 3218 1632; x_wconf 77' lang='lat' dir='ltr'>delevisset,-</span> <span class='ocrx_word' id='word_1_326' title='bbox 3245 1569 3439 1638; x_wconf 70' lang='lat' dir='ltr'>gratias</span> <span class='ocrx_word' id='word_1_327' title='bbox 3458 1572 3532 1641; x_wconf 71' lang='lat' dir='ltr'>egit</span> 
     </span>
     <span class='ocr_line' id='line_1_45' title="bbox 1936 1656 3534 1732; baseline 0.003 -20"><span class='ocrx_word' id='word_1_328' title='bbox 1936 1658 2043 1713; x_wconf 90' lang='lat' dir='ltr'>Deo</span> <span class='ocrx_word' id='word_1_329' title='bbox 2070 1677 2083 1713; x_wconf 89' lang='lat'>:</span> <span class='ocrx_word' id='word_1_330' title='bbox 2106 1656 2211 1725; x_wconf 86' lang='lat' dir='ltr'>Tu,</span> <span class='ocrx_word' id='word_1_331' title='bbox 2239 1657 2506 1728; x_wconf 87' lang='lat' dir='ltr'>inquiens,</span> <span class='ocrx_word' id='word_1_332' title='bbox 2538 1657 2593 1713; x_wconf 89' lang='lat' dir='ltr'>in</span> <span class='ocrx_word' id='word_1_333' title='bbox 2628 1658 2713 1713; x_wconf 87' lang='lat' dir='ltr'>bis</span> <span class='ocrx_word' id='word_1_334' title='bbox 2746 1658 3045 1713; x_wconf 71' lang='lat' dir='ltr'>onittilius</span> <span class='ocrx_word' id='word_1_335' title='bbox 3070 1674 3161 1715; x_wconf 88' lang='lat' dir='ltr'>es.</span> <span class='ocrx_word' id='word_1_336' title='bbox 3197 1658 3456 1732; x_wconf 88' lang='lat' dir='ltr'>Scriptum</span> <span class='ocrx_word' id='word_1_337' title='bbox 3479 1674 3534 1717; x_wconf 54' lang='lat' dir='ltr'>est</span> 
     </span>
     <span class='ocr_line' id='line_1_46' title="bbox 1931 1750 3531 1825; baseline 0.002 -18"><span class='ocrx_word' id='word_1_338' title='bbox 1931 1751 2075 1807; x_wconf 91' lang='lat' dir='ltr'>enim</span> <span class='ocrx_word' id='word_1_339' title='bbox 2122 1766 2247 1807; x_wconf 87' lang='lat' dir='ltr'>eum</span> <span class='ocrx_word' id='word_1_340' title='bbox 2298 1753 2440 1807; x_wconf 88' lang='lat' dir='ltr'>inter</span> <span class='ocrx_word' id='word_1_341' title='bbox 2475 1764 2648 1821; x_wconf 74' lang='lat' dir='ltr'>genua</span> <span class='ocrx_word' id='word_1_342' title='bbox 2698 1765 2808 1807; x_wconf 79' lang='lat' dir='ltr'>sua</span> <span class='ocrx_word' id='word_1_343' title='bbox 2871 1750 3107 1807; x_wconf 76' lang='lat' dir='ltr'>faciem</span> <span class='ocrx_word' id='word_1_344' title='bbox 3158 1754 3419 1825; x_wconf 83' lang='lat' dir='ltr'>posuisse.</span> <span class='ocrx_word' id='word_1_345' title='bbox 3454 1755 3531 1810; x_wconf 65' lang='lat' dir='ltr'>araz</span> 
     </span>
     <span class='ocr_line' id='line_1_47' title="bbox 1927 1839 3528 1912; baseline -0.001 -13"><span class='ocrx_word' id='word_1_346' title='bbox 1927 1844 2072 1899; x_wconf 87' lang='lat' dir='ltr'>enim</span> <span class='ocrx_word' id='word_1_347' title='bbox 2126 1856 2281 1897; x_wconf 85' lang='lat' dir='ltr'>mens</span> <span class='ocrx_word' id='word_1_348' title='bbox 2310 1840 2595 1912; x_wconf 78' lang='lat' dir='ltr'>diligenter</span> <span class='ocrx_word' id='word_1_349' title='bbox 2634 1839 2784 1895; x_wconf 89' lang='lat' dir='ltr'>inter</span> <span class='ocrx_word' id='word_1_350' title='bbox 2826 1855 3059 1896; x_wconf 86' lang='lat' dir='ltr'>sensus</span> <span class='ocrx_word' id='word_1_351' title='bbox 3103 1857 3247 1898; x_wconf 88' lang='lat' dir='ltr'>suos</span> <span class='ocrx_word' id='word_1_352' title='bbox 3277 1842 3348 1899; x_wconf 88' lang='lat' dir='ltr'>sit</span> <span class='ocrx_word' id='word_1_353' title='bbox 3371 1846 3528 1899; x_wconf 75' lang='lat' dir='ltr'>coesti-</span> 
     </span>
     <span class='ocr_line' id='line_1_48' title="bbox 1915 1932 3526 2005; baseline 0.003 -18"><span class='ocrx_word' id='word_1_354' title='bbox 1915 1942 2075 1999; x_wconf 67' lang='lat' dir='ltr'>tuta,</span> <span class='ocrx_word' id='word_1_355' title='bbox 2104 1943 2159 1987; x_wconf 88' lang='lat' dir='ltr'>et</span> <span class='ocrx_word' id='word_1_356' title='bbox 2205 1933 2385 1989; x_wconf 90' lang='lat' dir='ltr'>sobria</span> <span class='ocrx_word' id='word_1_357' title='bbox 2435 1943 2691 2002; x_wconf 86' lang='lat' dir='ltr'>castaque</span> <span class='ocrx_word' id='word_1_358' title='bbox 2740 1932 2956 2005; x_wconf 79' lang='lat' dir='ltr'>vigilet</span> <span class='ocrx_word' id='word_1_359' title='bbox 3019 1936 3295 2005; x_wconf 78' lang='lat' dir='ltr'>assidue,</span> <span class='ocrx_word' id='word_1_360' title='bbox 3325 1948 3526 1993; x_wconf 67' lang='lat' dir='ltr'>aterum</span> 
     </span>
     <span class='ocr_line' id='line_1_49' title="bbox 1931 2024 3525 2101; baseline 0.003 -22"><span class='ocrx_word' id='word_1_361' title='bbox 1931 2027 2392 2095; x_wconf 72' lang='lat' dir='ltr'>nonassequitur</span> <span class='ocrx_word' id='word_1_362' title='bbox 2429 2024 2789 2091; x_wconf 77' lang='lat' dir='ltr'>felicitatem,</span> <span class='ocrx_word' id='word_1_363' title='bbox 2824 2040 2972 2095; x_wconf 77' lang='lat' dir='ltr'>quae</span> <span class='ocrx_word' id='word_1_364' title='bbox 3022 2029 3184 2086; x_wconf 74' lang='lat' dir='ltr'>lianc</span> <span class='ocrx_word' id='word_1_365' title='bbox 3235 2028 3314 2085; x_wconf 91' lang='lat' dir='ltr'>illi</span> <span class='ocrx_word' id='word_1_366' title='bbox 3358 2029 3525 2101; x_wconf 55' lang='lat' dir='ltr'>plorem</span> 
     </span>
     <span class='ocr_line' id='line_1_50' title="bbox 1929 2114 3522 2188; baseline 0.004 -18"><span class='ocrx_word' id='word_1_367' title='bbox 1929 2116 2107 2171; x_wconf 67' lang='lat' dir='ltr'>affirt.</span> <span class='ocrx_word' id='word_1_368' title='bbox 2138 2114 2206 2169; x_wconf 80' lang='lat' dir='ltr'>Et</span> <span class='ocrx_word' id='word_1_369' title='bbox 2228 2116 2272 2171; x_wconf 90' lang='lat' dir='ltr'>si</span> <span class='ocrx_word' id='word_1_370' title='bbox 2318 2115 2566 2170; x_wconf 89' lang='lat' dir='ltr'>minister</span> <span class='ocrx_word' id='word_1_371' title='bbox 2593 2114 2728 2170; x_wconf 78' lang='lat' dir='ltr'>Eliae</span> <span class='ocrx_word' id='word_1_372' title='bbox 2763 2119 3139 2188; x_wconf 79' lang='lat' dir='ltr'>prospiciat,</span> <span class='ocrx_word' id='word_1_373' title='bbox 3190 2129 3252 2177; x_wconf 86' lang='lat' dir='ltr'>et</span> <span class='ocrx_word' id='word_1_374' title='bbox 3289 2122 3522 2177; x_wconf 68' lang='lat' dir='ltr'>canumet</span> 
     </span>
     <span class='ocr_line' id='line_1_51' title="bbox 1932 2208 3515 2285; baseline 0.004 -21"><span class='ocrx_word' id='word_1_375' title='bbox 1932 2219 2140 2277; x_wconf 70' lang='lat' dir='ltr'>septem</span> <span class='ocrx_word' id='word_1_376' title='bbox 2164 2208 2314 2263; x_wconf 86' lang='lat' dir='ltr'>vitiis</span> <span class='ocrx_word' id='word_1_377' title='bbox 2335 2221 2662 2279; x_wconf 81' lang='lat' dir='ltr'>consurgere</span> <span class='ocrx_word' id='word_1_378' title='bbox 2695 2208 2930 2276; x_wconf 83' lang='lat' dir='ltr'>videat,</span> <span class='ocrx_word' id='word_1_379' title='bbox 2969 2220 3122 2268; x_wconf 86' lang='lat' dir='ltr'>tunc</span> <span class='ocrx_word' id='word_1_380' title='bbox 3153 2214 3332 2269; x_wconf 85' lang='lat' dir='ltr'>ceruit</span> <span class='ocrx_word' id='word_1_381' title='bbox 3353 2230 3515 2285; x_wconf 77' lang='lat' dir='ltr'>parra·</span> 
     </span>
     <span class='ocr_line' id='line_1_52' title="bbox 1932 2298 3510 2375; baseline 0.002 -18"><span class='ocrx_word' id='word_1_382' title='bbox 1932 2303 2128 2358; x_wconf 86' lang='lat' dir='ltr'>nubem</span> <span class='ocrx_word' id='word_1_383' title='bbox 2158 2302 2333 2357; x_wconf 89' lang='lat' dir='ltr'>instar</span> <span class='ocrx_word' id='word_1_384' title='bbox 2366 2298 2597 2355; x_wconf 81' lang='lat' dir='ltr'>bominis</span> <span class='ocrx_word' id='word_1_385' title='bbox 2623 2313 2688 2356; x_wconf 81' lang='lat' dir='ltr'>ex</span> <span class='ocrx_word' id='word_1_386' title='bbox 2738 2300 2901 2356; x_wconf 84' lang='lat' dir='ltr'>mari</span> <span class='ocrx_word' id='word_1_387' title='bbox 2947 2317 3182 2375; x_wconf 82' lang='lat' dir='ltr'>aquam</span> <span class='ocrx_word' id='word_1_388' title='bbox 3223 2305 3510 2364; x_wconf 68' lang='lat' dir='ltr'>afferentem:</span> 
     </span>
     <span class='ocr_line' id='line_1_53' title="bbox 1932 2391 3499 2464; baseline 0.006 -20"><span class='ocrx_word' id='word_1_389' title='bbox 1932 2394 2076 2464; x_wconf 84' lang='lat' dir='ltr'>quod</span> <span class='ocrx_word' id='word_1_390' title='bbox 2111 2391 2377 2463; x_wconf 88' lang='lat' dir='ltr'>Spiritum</span> <span class='ocrx_word' id='word_1_391' title='bbox 2411 2400 2660 2448; x_wconf 85' lang='lat' dir='ltr'>sanctum</span> <span class='ocrx_word' id='word_1_392' title='bbox 2708 2391 3035 2464; x_wconf 67' lang='lat' dir='ltr'>signin-,at</span> <span class='ocrx_word' id='word_1_393' title='bbox 3069 2396 3134 2452; x_wconf 86' lang='lat' dir='ltr'>in</span> <span class='ocrx_word' id='word_1_394' title='bbox 3180 2397 3357 2454; x_wconf 84' lang='lat' dir='ltr'>auimo</span> <span class='ocrx_word' id='word_1_395' title='bbox 3380 2409 3499 2453; x_wconf 72' lang='lat' dir='ltr'>arsin</span> 
     </span>
     <span class='ocr_line' id='line_1_54' title="bbox 1933 2483 3481 2556; baseline 0.001 -16"><span class='ocrx_word' id='word_1_396' title='bbox 1933 2486 2429 2556; x_wconf 86' lang='lat' dir='ltr'>conquiescentem.</span> <span class='ocrx_word' id='word_1_397' title='bbox 2475 2483 2535 2539; x_wconf 85' lang='lat' dir='ltr'>ln</span> <span class='ocrx_word' id='word_1_398' title='bbox 2566 2484 2668 2539; x_wconf 88' lang='lat' dir='ltr'>boc</span> <span class='ocrx_word' id='word_1_399' title='bbox 2695 2484 2860 2540; x_wconf 89' lang='lat' dir='ltr'>enim</span> <span class='ocrx_word' id='word_1_400' title='bbox 2905 2486 3038 2543; x_wconf 85' lang='lat' dir='ltr'>sita</span> <span class='ocrx_word' id='word_1_401' title='bbox 3081 2499 3183 2545; x_wconf 88' lang='lat' dir='ltr'>est</span> <span class='ocrx_word' id='word_1_402' title='bbox 3220 2489 3414 2552; x_wconf 63' lang='lat' dir='ltr'>felicita,</span> <span class='ocrx_word' id='word_1_403' title='bbox 3444 2499 3481 2541; x_wconf 84' lang='lat' dir='ltr'>rt</span> 
     </span>
    </p>

    <p class='ocr_par' dir='ltr' id='par_1_10' title="bbox 1935 2575 3464 2654">
     <span class='ocr_line' id='line_1_55' title="bbox 1935 2575 3464 2654; baseline 0.001 -24"><span class='ocrx_word' id='word_1_404' title='bbox 1935 2586 2117 2633; x_wconf 88' lang='lat' dir='ltr'>nostra</span> <span class='ocrx_word' id='word_1_405' title='bbox 2154 2576 2374 2634; x_wconf 91' lang='lat' dir='ltr'>virtutis</span> <span class='ocrx_word' id='word_1_406' title='bbox 2406 2576 2580 2632; x_wconf 87' lang='lat' dir='ltr'>studia</span> <span class='ocrx_word' id='word_1_407' title='bbox 2625 2575 2852 2646; x_wconf 80' lang='lat' dir='ltr'>integra</span> <span class='ocrx_word' id='word_1_408' title='bbox 2908 2586 3108 2651; x_wconf 87' lang='lat' dir='ltr'>atque</span> <span class='ocrx_word' id='word_1_409' title='bbox 3154 2580 3464 2654; x_wconf 60' lang='lat' dir='ltr'>perpetuant,</span> 
     </span>
    </p>

    <p class='ocr_par' dir='ltr' id='par_1_11' title="bbox 1933 2664 3478 2743">
     <span class='ocr_line' id='line_1_56' title="bbox 1933 2664 3478 2743; baseline -0.001 -20"><span class='ocrx_word' id='word_1_410' title='bbox 1933 2678 1988 2723; x_wconf 89' lang='lat' dir='ltr'>et</span> <span class='ocrx_word' id='word_1_411' title='bbox 2017 2681 2083 2723; x_wconf 92' lang='lat' dir='ltr'>ne</span> <span class='ocrx_word' id='word_1_412' title='bbox 2114 2675 2450 2722; x_wconf 88' lang='lat' dir='ltr'>revertamur</span> <span class='ocrx_word' id='word_1_413' title='bbox 2475 2664 2541 2720; x_wconf 90' lang='lat' dir='ltr'>ad</span> <span class='ocrx_word' id='word_1_414' title='bbox 2573 2678 2659 2731; x_wconf 90' lang='lat' dir='ltr'>ea,</span> <span class='ocrx_word' id='word_1_415' title='bbox 2696 2678 2970 2735; x_wconf 87' lang='lat' dir='ltr'>quorum</span> <span class='ocrx_word' id='word_1_416' title='bbox 3004 2671 3248 2726; x_wconf 84' lang='lat' dir='ltr'>veniam</span> <span class='ocrx_word' id='word_1_417' title='bbox 3273 2671 3478 2743; x_wconf 62' lang='lat' dir='ltr'>impana-</span> 
     </span>
    </p>

    <p class='ocr_par' dir='ltr' id='par_1_12' title="bbox 1937 2756 3492 2819">
     <span class='ocr_line' id='line_1_57' title="bbox 1937 2756 3492 2819; baseline 0.003 -7"><span class='ocrx_word' id='word_1_418' title='bbox 1937 2775 2074 2814; x_wconf 87' lang='lat' dir='ltr'>mus.</span> <span class='ocrx_word' id='word_1_419' title='bbox 2120 2756 2178 2814; x_wconf 87' lang='lat' dir='ltr'>Si</span> <span class='ocrx_word' id='word_1_420' title='bbox 2210 2758 2354 2814; x_wconf 88' lang='lat' dir='ltr'>enim</span> <span class='ocrx_word' id='word_1_421' title='bbox 2396 2756 2613 2812; x_wconf 89' lang='lat' dir='ltr'>labores</span> <span class='ocrx_word' id='word_1_422' title='bbox 2643 2770 2708 2812; x_wconf 89' lang='lat' dir='ltr'>ac</span> <span class='ocrx_word' id='word_1_423' title='bbox 2737 2756 2955 2814; x_wconf 84' lang='lat' dir='ltr'>studia</span> <span class='ocrx_word' id='word_1_424' title='bbox 2997 2771 3211 2818; x_wconf 82' lang='lat' dir='ltr'>nostra</span> <span class='ocrx_word' id='word_1_425' title='bbox 3244 2760 3492 2819; x_wconf 59' lang='lat' dir='ltr'>neotum</span> 
     </span>
    </p>

    <p class='ocr_par' dir='ltr' id='par_1_13' title="bbox 1934 2851 3502 3018">
     <span class='ocr_line' id='line_1_58' title="bbox 1934 2851 3500 2924; baseline 0 -18"><span class='ocrx_word' id='word_1_426' title='bbox 1934 2860 2182 2923; x_wconf 87' lang='lat' dir='ltr'>accepta,</span> <span class='ocrx_word' id='word_1_427' title='bbox 2215 2851 2512 2907; x_wconf 88' lang='lat' dir='ltr'>adversarii</span> <span class='ocrx_word' id='word_1_428' title='bbox 2545 2851 2718 2906; x_wconf 89' lang='lat' dir='ltr'>nostri</span> <span class='ocrx_word' id='word_1_429' title='bbox 2757 2867 2885 2907; x_wconf 88' lang='lat' dir='ltr'>non</span> <span class='ocrx_word' id='word_1_430' title='bbox 2934 2863 3226 2924; x_wconf 82' lang='lat' dir='ltr'>poterunt</span> <span class='ocrx_word' id='word_1_431' title='bbox 3247 2855 3500 2912; x_wconf 77' lang='lat' dir='ltr'>consistere.</span> 
     </span>
     <span class='ocr_line' id='line_1_59' title="bbox 1934 2941 3502 3018; baseline -0.001 -17"><span class='ocrx_word' id='word_1_432' title='bbox 1934 2945 2065 3001; x_wconf 88' lang='lat' dir='ltr'>Cum</span> <span class='ocrx_word' id='word_1_433' title='bbox 2094 2946 2238 3001; x_wconf 91' lang='lat' dir='ltr'>enim</span> <span class='ocrx_word' id='word_1_434' title='bbox 2285 2942 2517 3000; x_wconf 88' lang='lat' dir='ltr'>viderint</span> <span class='ocrx_word' id='word_1_435' title='bbox 2561 2941 2844 3000; x_wconf 86' lang='lat' dir='ltr'>voluntati</span> <span class='ocrx_word' id='word_1_436' title='bbox 2899 2947 3177 3018; x_wconf 86' lang='lat' dir='ltr'>ipsorum</span> <span class='ocrx_word' id='word_1_437' title='bbox 3219 2963 3247 3002; x_wconf 88' lang='lat' dir='ltr'>a</span> <span class='ocrx_word' id='word_1_438' title='bbox 3272 2946 3502 3004; x_wconf 76' lang='lat' dir='ltr'>anbisuon</span> 
     </span>
    </p>
   </div>
   <div class='ocr_carea' id='block_1_10' title="bbox 255 3033 3502 3112">
    <p class='ocr_par' dir='ltr' id='par_1_14' title="bbox 255 3033 3502 3112">
     <span class='ocr_line' id='line_1_60' title="bbox 255 3033 3502 3112; baseline 0.002 -26"><span class='ocrx_word' id='word_1_439' title='bbox 255 3033 551 3102; x_wconf 77' lang='lat' dir='ltr'>exstinguit</span> <span class='ocrx_word' id='word_1_440' title='bbox 577 3034 837 3088; x_wconf 77' lang='lat' dir='ltr'>malitiam</span> <span class='ocrx_word' id='word_1_441' title='bbox 867 3034 1058 3102; x_wconf 83' lang='lat' dir='ltr'>ipsius,</span> <span class='ocrx_word' id='word_1_442' title='bbox 1087 3047 1186 3088; x_wconf 89' lang='lat' dir='ltr'>nee</span> <span class='ocrx_word' id='word_1_443' title='bbox 1217 3033 1285 3088; x_wconf 86' lang='lat' dir='ltr'>ab</span> <span class='ocrx_word' id='word_1_444' title='bbox 1310 3046 1373 3088; x_wconf 94' lang='lat' dir='ltr'>eo</span> <span class='ocrx_word' id='word_1_445' title='bbox 1396 3033 1626 3106; x_wconf 86' lang='lat' dir='ltr'>amplius</span> <span class='ocrx_word' id='word_1_446' title='bbox 1657 3048 1830 3103; x_wconf 87' lang='lat' dir='ltr'>oppu·</span> <span class='ocrx_word' id='word_1_447' title='bbox 1859 3052 1903 3112; x_wconf 79' lang='lat' dir='ltr'>c</span> <span class='ocrx_word' id='word_1_448' title='bbox 1936 3037 2296 3105; x_wconf 70' lang='lat' dir='ltr'>obtemperari</span> <span class='ocrx_word' id='word_1_449' title='bbox 2324 3076 2341 3103; x_wconf 95' lang='lat'>,</span> <span class='ocrx_word' id='word_1_450' title='bbox 2393 3046 2522 3094; x_wconf 89' lang='lat' dir='ltr'>tunc</span> <span class='ocrx_word' id='word_1_451' title='bbox 2573 3050 2670 3106; x_wconf 88' lang='lat' dir='ltr'>per</span> <span class='ocrx_word' id='word_1_452' title='bbox 2707 3050 2769 3091; x_wconf 81' lang='lat' dir='ltr'>se</span> <span class='ocrx_word' id='word_1_453' title='bbox 2816 3037 3256 3096; x_wconf 83' lang='lat' dir='ltr'>dissolventur.</span> <span class='ocrx_word' id='word_1_454' title='bbox 3285 3038 3502 3099; x_wconf 67' lang='lat' dir='ltr'>tumne,</span> 
     </span>
    </p>
   </div>
   <div class='ocr_carea' id='block_1_11' title="bbox 254 3123 1836 3205">
    <p class='ocr_par' dir='ltr' id='par_1_15' title="bbox 254 3123 1836 3205">
     <span class='ocr_line' id='line_1_61' title="bbox 254 3123 1836 3205; baseline 0 -27"><span class='ocrx_word' id='word_1_455' title='bbox 254 3133 472 3194; x_wconf 77' lang='lat' dir='ltr'>gnatur.</span> <span class='ocrx_word' id='word_1_456' title='bbox 506 3124 657 3191; x_wconf 90' lang='lat' dir='ltr'>Quod</span> <span class='ocrx_word' id='word_1_457' title='bbox 690 3126 736 3178; x_wconf 82' lang='lat' dir='ltr'>si</span> <span class='ocrx_word' id='word_1_458' title='bbox 763 3124 942 3178; x_wconf 84' lang='lat' dir='ltr'>adbuc</span> <span class='ocrx_word' id='word_1_459' title='bbox 985 3125 1176 3178; x_wconf 79' lang='lat' dir='ltr'>saeviat</span> <span class='ocrx_word' id='word_1_460' title='bbox 1213 3123 1486 3190; x_wconf 86' lang='lat' dir='ltr'>inimicus,</span> <span class='ocrx_word' id='word_1_461' title='bbox 1534 3126 1749 3205; x_wconf 81' lang='lat' dir='ltr'>projicit</span> <span class='ocrx_word' id='word_1_462' title='bbox 1780 3125 1836 3186; x_wconf 81' lang='lat' dir='ltr'>in</span> 
     </span>
    </p>
   </div>
   <div class='ocr_carea' id='block_1_12' title="bbox 192 3213 1835 5489">
    <p class='ocr_par' dir='ltr' id='par_1_16' title="bbox 252 3213 1835 4199">
     <span class='ocr_line' id='line_1_62' title="bbox 253 3213 1833 3289; baseline 0.001 -19"><span class='ocrx_word' id='word_1_463' title='bbox 253 3223 545 3284; x_wconf 88' lang='lat' dir='ltr'>conspectu</span> <span class='ocrx_word' id='word_1_464' title='bbox 581 3213 695 3270; x_wconf 86' lang='lat' dir='ltr'>Dei.</span> <span class='ocrx_word' id='word_1_465' title='bbox 732 3214 796 3269; x_wconf 80' lang='lat' dir='ltr'>Et</span> <span class='ocrx_word' id='word_1_466' title='bbox 830 3227 956 3270; x_wconf 81' lang='lat' dir='ltr'>enm</span> <span class='ocrx_word' id='word_1_467' title='bbox 985 3215 1075 3271; x_wconf 91' lang='lat' dir='ltr'>ille</span> <span class='ocrx_word' id='word_1_468' title='bbox 1102 3230 1353 3286; x_wconf 80' lang='lat' dir='ltr'>magnam</span> <span class='ocrx_word' id='word_1_469' title='bbox 1387 3218 1566 3280; x_wconf 72' lang='lat' dir='ltr'>videat</span> <span class='ocrx_word' id='word_1_470' title='bbox 1606 3216 1833 3289; x_wconf 78' lang='lat' dir='ltr'>gloriam</span> 
     </span>
     <span class='ocr_line' id='line_1_63' title="bbox 253 3305 1832 3384; baseline 0.001 -23"><span class='ocrx_word' id='word_1_471' title='bbox 253 3321 417 3384; x_wconf 89' lang='lat' dir='ltr'>quam</span> <span class='ocrx_word' id='word_1_472' title='bbox 446 3309 674 3376; x_wconf 84' lang='lat' dir='ltr'>accepit,</span> <span class='ocrx_word' id='word_1_473' title='bbox 708 3305 759 3362; x_wconf 84' lang='lat' dir='ltr'>ei</span> <span class='ocrx_word' id='word_1_474' title='bbox 787 3307 896 3362; x_wconf 80' lang='lat' dir='ltr'>vim</span> <span class='ocrx_word' id='word_1_475' title='bbox 928 3306 1125 3363; x_wconf 75' lang='lat' dir='ltr'>afferre</span> <span class='ocrx_word' id='word_1_476' title='bbox 1152 3320 1261 3374; x_wconf 89' lang='lat' dir='ltr'>nop</span> <span class='ocrx_word' id='word_1_477' title='bbox 1290 3316 1489 3379; x_wconf 87' lang='lat' dir='ltr'>potest.</span> <span class='ocrx_word' id='word_1_478' title='bbox 1517 3306 1661 3373; x_wconf 78' lang='lat' dir='ltr'>Deus</span> <span class='ocrx_word' id='word_1_479' title='bbox 1688 3307 1832 3365; x_wconf 86' lang='lat' dir='ltr'>enim</span> 
     </span>
     <span class='ocr_line' id='line_1_64' title="bbox 254 3399 1833 3472; baseline 0.001 -18"><span class='ocrx_word' id='word_1_480' title='bbox 254 3400 330 3454; x_wconf 89' lang='lat' dir='ltr'>illi</span> <span class='ocrx_word' id='word_1_481' title='bbox 365 3399 685 3471; x_wconf 88' lang='lat' dir='ltr'>opitulatur,</span> <span class='ocrx_word' id='word_1_482' title='bbox 716 3402 859 3461; x_wconf 90' lang='lat' dir='ltr'>sicut</span> <span class='ocrx_word' id='word_1_483' title='bbox 896 3402 1157 3472; x_wconf 85' lang='lat' dir='ltr'>scriptum</span> <span class='ocrx_word' id='word_1_484' title='bbox 1189 3411 1274 3458; x_wconf 83' lang='lat' dir='ltr'>est</span> <span class='ocrx_word' id='word_1_485' title='bbox 1305 3421 1318 3458; x_wconf 75' lang='grc' dir='ltr'><strong><em>ε</em></strong></span> <span class='ocrx_word' id='word_1_486' title='bbox 1354 3401 1623 3456; x_wconf 78' lang='lat' dir='ltr'>Revertere</span> <span class='ocrx_word' id='word_1_487' title='bbox 1646 3403 1701 3456; x_wconf 85' lang='lat' dir='ltr'>in</span> <span class='ocrx_word' id='word_1_488' title='bbox 1731 3414 1833 3457; x_wconf 82' lang='lat' dir='ltr'>ter-</span> 
     </span>
     <span class='ocr_line' id='line_1_65' title="bbox 254 3495 1835 3561; baseline 0.003 -16"><span class='ocrx_word' id='word_1_489' title='bbox 254 3508 369 3546; x_wconf 82' lang='lat' dir='ltr'>ram</span> <span class='ocrx_word' id='word_1_490' title='bbox 402 3496 752 3561; x_wconf 59' lang='lat' dir='ltr'>yenit-rationis</span> <span class='ocrx_word' id='word_1_491' title='bbox 784 3505 919 3558; x_wconf 79' lang='lat' dir='ltr'>tttoe,</span> <span class='ocrx_word' id='word_1_492' title='bbox 949 3505 996 3549; x_wconf 84' lang='lat' dir='ltr'>et</span> <span class='ocrx_word' id='word_1_493' title='bbox 1029 3511 1118 3549; x_wconf 85' lang='lat' dir='ltr'>ero</span> <span class='ocrx_word' id='word_1_494' title='bbox 1146 3505 1312 3549; x_wconf 82' lang='lat' dir='ltr'>tecum</span> <span class='ocrx_word' id='word_1_495' title='bbox 1343 3496 1410 3550; x_wconf 78' lang='lat'>⁸⁸.</span> <span class='ocrx_word' id='word_1_496' title='bbox 1457 3495 1649 3549; x_wconf 83' lang='lat' dir='ltr'>Postea</span> <span class='ocrx_word' id='word_1_497' title='bbox 1688 3495 1835 3550; x_wconf 85' lang='lat' dir='ltr'>venit</span> 
     </span>
     <span class='ocr_line' id='line_1_66' title="bbox 254 3585 1833 3656; baseline 0.001 -18"><span class='ocrx_word' id='word_1_498' title='bbox 254 3585 308 3638; x_wconf 89' lang='lat' dir='ltr'>in</span> <span class='ocrx_word' id='word_1_499' title='bbox 341 3585 517 3647; x_wconf 84' lang='lat' dir='ltr'>Salem</span> <span class='ocrx_word' id='word_1_500' title='bbox 543 3627 556 3652; x_wconf 82' lang='lat'>,</span> <span class='ocrx_word' id='word_1_501' title='bbox 590 3596 639 3640; x_wconf 92' lang='lat' dir='ltr'>et</span> <span class='ocrx_word' id='word_1_502' title='bbox 667 3588 799 3640; x_wconf 91' lang='lat' dir='ltr'>emit</span> <span class='ocrx_word' id='word_1_503' title='bbox 839 3586 911 3639; x_wconf 89' lang='lat' dir='ltr'>ibi</span> <span class='ocrx_word' id='word_1_504' title='bbox 957 3602 1178 3656; x_wconf 82' lang='lat' dir='ltr'>agrum,</span> <span class='ocrx_word' id='word_1_505' title='bbox 1228 3595 1283 3640; x_wconf 93' lang='lat' dir='ltr'>et</span> <span class='ocrx_word' id='word_1_506' title='bbox 1327 3585 1619 3641; x_wconf 71' lang='lat' dir='ltr'>:edificat-it</span> <span class='ocrx_word' id='word_1_507' title='bbox 1646 3585 1833 3650; x_wconf 53' lang='lat' dir='ltr'>‚altare</span> 
     </span>
     <span class='ocr_line' id='line_1_67' title="bbox 259 3675 1830 3743; baseline 0.001 -15"><span class='ocrx_word' id='word_1_508' title='bbox 259 3675 386 3728; x_wconf 85' lang='lat' dir='ltr'>Deo.</span> <span class='ocrx_word' id='word_1_509' title='bbox 423 3675 603 3729; x_wconf 78' lang='lat' dir='ltr'>Salem</span> <span class='ocrx_word' id='word_1_510' title='bbox 635 3689 718 3730; x_wconf 89' lang='lat' dir='ltr'>est</span> <span class='ocrx_word' id='word_1_511' title='bbox 746 3691 872 3743; x_wconf 73' lang='lat' dir='ltr'>pax.</span> <span class='ocrx_word' id='word_1_512' title='bbox 916 3675 1049 3729; x_wconf 87' lang='lat' dir='ltr'>Cum</span> <span class='ocrx_word' id='word_1_513' title='bbox 1093 3677 1235 3729; x_wconf 88' lang='lat' dir='ltr'>enim</span> <span class='ocrx_word' id='word_1_514' title='bbox 1269 3675 1429 3730; x_wconf 89' lang='lat' dir='ltr'>bomo</span> <span class='ocrx_word' id='word_1_515' title='bbox 1463 3675 1659 3730; x_wconf 88' lang='lat' dir='ltr'>bellum</span> <span class='ocrx_word' id='word_1_516' title='bbox 1705 3692 1830 3730; x_wconf 82' lang='lat' dir='ltr'>eva·</span> 
     </span>
     <span class='ocr_line' id='line_1_68' title="bbox 253 3763 1831 3837; baseline 0.001 -19"><span class='ocrx_word' id='word_1_517' title='bbox 253 3763 410 3827; x_wconf 87' lang='lat' dir='ltr'>serit,</span> <span class='ocrx_word' id='word_1_518' title='bbox 443 3763 496 3818; x_wconf 88' lang='lat' dir='ltr'>in</span> <span class='ocrx_word' id='word_1_519' title='bbox 529 3778 636 3834; x_wconf 87' lang='lat' dir='ltr'>quo</span> <span class='ocrx_word' id='word_1_520' title='bbox 664 3764 907 3820; x_wconf 84' lang='lat' dir='ltr'>defendit</span> <span class='ocrx_word' id='word_1_521' title='bbox 937 3779 1059 3820; x_wconf 90' lang='lat' dir='ltr'>eum</span> <span class='ocrx_word' id='word_1_522' title='bbox 1104 3765 1279 3832; x_wconf 84' lang='lat' dir='ltr'>Deus,</span> <span class='ocrx_word' id='word_1_523' title='bbox 1327 3766 1474 3821; x_wconf 87' lang='lat' dir='ltr'>venit</span> <span class='ocrx_word' id='word_1_524' title='bbox 1513 3767 1579 3820; x_wconf 94' lang='lat' dir='ltr'>ad</span> <span class='ocrx_word' id='word_1_525' title='bbox 1621 3782 1831 3837; x_wconf 88' lang='lat' dir='ltr'>pacem,</span> 
     </span>
     <span class='ocr_line' id='line_1_69' title="bbox 252 3854 1832 3925; baseline 0.003 -17"><span class='ocrx_word' id='word_1_526' title='bbox 252 3864 306 3909; x_wconf 89' lang='lat' dir='ltr'>ct</span> <span class='ocrx_word' id='word_1_527' title='bbox 360 3854 645 3911; x_wconf 89' lang='lat' dir='ltr'>duodecim</span> <span class='ocrx_word' id='word_1_528' title='bbox 697 3856 969 3925; x_wconf 88' lang='lat' dir='ltr'>lapidibus</span> <span class='ocrx_word' id='word_1_529' title='bbox 1010 3857 1181 3913; x_wconf 87' lang='lat' dir='ltr'>altare</span> <span class='ocrx_word' id='word_1_530' title='bbox 1226 3857 1538 3922; x_wconf 85' lang='lat' dir='ltr'>constituit,</span> <span class='ocrx_word' id='word_1_531' title='bbox 1576 3868 1630 3911; x_wconf 92' lang='lat' dir='ltr'>et</span> <span class='ocrx_word' id='word_1_532' title='bbox 1677 3857 1832 3913; x_wconf 81' lang='lat' dir='ltr'>oss&#39;ert</span> 
     </span>
     <span class='ocr_line' id='line_1_70' title="bbox 255 3944 1832 4017; baseline 0.001 -19"><span class='ocrx_word' id='word_1_533' title='bbox 255 3958 416 4012; x_wconf 86' lang='lat' dir='ltr'>saper</span> <span class='ocrx_word' id='word_1_534' title='bbox 446 3944 537 4000; x_wconf 90' lang='lat' dir='ltr'>illo</span> <span class='ocrx_word' id='word_1_535' title='bbox 568 3960 635 4000; x_wconf 88' lang='lat' dir='ltr'>ex</span> <span class='ocrx_word' id='word_1_536' title='bbox 674 3945 948 4002; x_wconf 88' lang='lat' dir='ltr'>laboribus</span> <span class='ocrx_word' id='word_1_537' title='bbox 976 3948 1256 4003; x_wconf 85' lang='lat' dir='ltr'>servitutis</span> <span class='ocrx_word' id='word_1_538' title='bbox 1292 3962 1451 4017; x_wconf 90' lang='lat' dir='ltr'>quam</span> <span class='ocrx_word' id='word_1_539' title='bbox 1490 3948 1545 4001; x_wconf 91' lang='lat' dir='ltr'>iu</span> <span class='ocrx_word' id='word_1_540' title='bbox 1588 3945 1832 4016; x_wconf 77' lang='lat' dir='ltr'>Mesopo-</span> 
     </span>
     <span class='ocr_line' id='line_1_71' title="bbox 255 4037 1827 4123; baseline 0.003 -34"><span class='ocrx_word' id='word_1_541' title='bbox 255 4038 427 4100; x_wconf 82' lang='lat' dir='ltr'>tamia</span> <span class='ocrx_word' id='word_1_542' title='bbox 467 4037 729 4104; x_wconf 84' lang='lat' dir='ltr'>servivit,</span> <span class='ocrx_word' id='word_1_543' title='bbox 775 4040 828 4094; x_wconf 92' lang='lat' dir='ltr'>in</span> <span class='ocrx_word' id='word_1_544' title='bbox 885 4041 1231 4123; x_wconf 56' lang='lat' dir='ltr'>possessione</span> <span class='ocrx_word' id='word_1_545' title='bbox 1280 4055 1443 4112; x_wconf 89' lang='lat' dir='ltr'>quam</span> <span class='ocrx_word' id='word_1_546' title='bbox 1492 4039 1730 4109; x_wconf 81' lang='lat' dir='ltr'>possedit</span> <span class='ocrx_word' id='word_1_547' title='bbox 1777 4041 1827 4094; x_wconf 90' lang='lat' dir='ltr'>iu</span> 
     </span>
     <span class='ocr_line' id='line_1_72' title="bbox 254 4132 831 4199; baseline 0.01 -18"><span class='ocrx_word' id='word_1_548' title='bbox 254 4137 395 4183; x_wconf 88' lang='lat' dir='ltr'>terra</span> <span class='ocrx_word' id='word_1_549' title='bbox 438 4132 831 4199; x_wconf 79' lang='lat' dir='ltr'>promissionis·</span> 
     </span>
    </p>

    <p class='ocr_par' dir='ltr' id='par_1_17' title="bbox 192 4219 1831 5489">
     <span class='ocr_line' id='line_1_73' title="bbox 320 4219 1830 4291; baseline 0.003 -19"><span class='ocrx_word' id='word_1_550' title='bbox 320 4220 412 4274; x_wconf 85' lang='lat' dir='ltr'>Xl.</span> <span class='ocrx_word' id='word_1_551' title='bbox 447 4219 596 4275; x_wconf 83' lang='lat' dir='ltr'>Talis</span> <span class='ocrx_word' id='word_1_552' title='bbox 632 4222 732 4277; x_wconf 90' lang='lat' dir='ltr'>fuit</span> <span class='ocrx_word' id='word_1_553' title='bbox 766 4233 820 4278; x_wconf 91' lang='lat' dir='ltr'>et</span> <span class='ocrx_word' id='word_1_554' title='bbox 850 4224 1079 4287; x_wconf 78' lang='lat' dir='ltr'>dilectus</span> <span class='ocrx_word' id='word_1_555' title='bbox 1117 4225 1225 4281; x_wconf 84' lang='lat' dir='ltr'>Deo</span> <span class='ocrx_word' id='word_1_556' title='bbox 1255 4224 1449 4291; x_wconf 80' lang='lat' dir='ltr'>Moses,</span> <span class='ocrx_word' id='word_1_557' title='bbox 1489 4238 1608 4283; x_wconf 87' lang='lat' dir='ltr'>cum</span> <span class='ocrx_word' id='word_1_558' title='bbox 1644 4222 1830 4278; x_wconf 83' lang='lat' dir='ltr'>eduxit</span> 
     </span>
     <span class='ocr_line' id='line_1_74' title="bbox 253 4310 1827 4387; baseline 0.004 -23"><span class='ocrx_word' id='word_1_559' title='bbox 253 4310 505 4380; x_wconf 86' lang='lat' dir='ltr'>populum</span> <span class='ocrx_word' id='word_1_560' title='bbox 548 4326 612 4368; x_wconf 83' lang='lat' dir='ltr'>ex</span> <span class='ocrx_word' id='word_1_561' title='bbox 658 4314 910 4385; x_wconf 76' lang='lat' dir='ltr'>AEgypto,</span> <span class='ocrx_word' id='word_1_562' title='bbox 942 4332 1173 4387; x_wconf 70' lang='lat' dir='ltr'>eruntque</span> <span class='ocrx_word' id='word_1_563' title='bbox 1215 4318 1281 4373; x_wconf 90' lang='lat' dir='ltr'>de</span> <span class='ocrx_word' id='word_1_564' title='bbox 1323 4333 1481 4372; x_wconf 86' lang='lat' dir='ltr'>manu</span> <span class='ocrx_word' id='word_1_565' title='bbox 1529 4317 1827 4376; x_wconf 74' lang='lat' dir='ltr'>Pharaonis</span> 
     </span>
     <span class='ocr_line' id='line_1_75' title="bbox 251 4401 1829 4475; baseline 0.004 -20"><span class='ocrx_word' id='word_1_566' title='bbox 251 4401 533 4469; x_wconf 82' lang='lat' dir='ltr'>liberavit,</span> <span class='ocrx_word' id='word_1_567' title='bbox 593 4407 912 4475; x_wconf 81' lang='lat' dir='ltr'>trajecitque</span> <span class='ocrx_word' id='word_1_568' title='bbox 966 4406 1206 4463; x_wconf 83' lang='lat' dir='ltr'>Rubrum</span> <span class='ocrx_word' id='word_1_569' title='bbox 1276 4425 1424 4463; x_wconf 88' lang='lat' dir='ltr'>mare</span> <span class='ocrx_word' id='word_1_570' title='bbox 1477 4419 1533 4464; x_wconf 91' lang='lat' dir='ltr'>et</span> <span class='ocrx_word' id='word_1_571' title='bbox 1587 4409 1829 4463; x_wconf 85' lang='lat' dir='ltr'>omnium</span> 
     </span>
     <span class='ocr_line' id='line_1_76' title="bbox 256 4495 1831 4572; baseline 0.005 -24"><span class='ocrx_word' id='word_1_572' title='bbox 256 4495 493 4548; x_wconf 84' lang='lat' dir='ltr'>bostium</span> <span class='ocrx_word' id='word_1_573' title='bbox 523 4510 743 4552; x_wconf 86' lang='lat' dir='ltr'>suorum</span> <span class='ocrx_word' id='word_1_574' title='bbox 783 4509 1013 4554; x_wconf 87' lang='lat' dir='ltr'>mortem</span> <span class='ocrx_word' id='word_1_575' title='bbox 1056 4503 1358 4572; x_wconf 80' lang='lat' dir='ltr'>conspexit,</span> <span class='ocrx_word' id='word_1_576' title='bbox 1390 4510 1447 4557; x_wconf 91' lang='lat' dir='ltr'>et</span> <span class='ocrx_word' id='word_1_577' title='bbox 1494 4500 1641 4557; x_wconf 89' lang='lat' dir='ltr'>misit</span> <span class='ocrx_word' id='word_1_578' title='bbox 1666 4500 1831 4557; x_wconf 79' lang='lat' dir='ltr'>Josue</span> 
     </span>
     <span class='ocr_line' id='line_1_77' title="bbox 252 4585 1830 4662; baseline 0.005 -23"><span class='ocrx_word' id='word_1_579' title='bbox 252 4594 311 4639; x_wconf 87' lang='lat' dir='ltr'>ut</span> <span class='ocrx_word' id='word_1_580' title='bbox 359 4585 615 4657; x_wconf 86' lang='lat' dir='ltr'>perderet</span> <span class='ocrx_word' id='word_1_581' title='bbox 656 4589 901 4647; x_wconf 77' lang='lat' dir='ltr'>Amalec.</span> <span class='ocrx_word' id='word_1_582' title='bbox 949 4590 1069 4662; x_wconf 85' lang='lat' dir='ltr'>lpse</span> <span class='ocrx_word' id='word_1_583' title='bbox 1114 4609 1239 4648; x_wconf 77' lang='lat' dir='ltr'>vero</span> <span class='ocrx_word' id='word_1_584' title='bbox 1280 4595 1332 4648; x_wconf 88' lang='lat' dir='ltr'>iu</span> <span class='ocrx_word' id='word_1_585' title='bbox 1382 4594 1830 4657; x_wconf 78' lang='lat' dir='ltr'>montisvcrtice</span> 
     </span>
     <span class='ocr_line' id='line_1_78' title="bbox 251 4681 1827 4751; baseline 0.001 -17"><span class='ocrx_word' id='word_1_586' title='bbox 251 4681 530 4746; x_wconf 88' lang='lat' dir='ltr'>constitit;</span> <span class='ocrx_word' id='word_1_587' title='bbox 571 4692 629 4736; x_wconf 90' lang='lat' dir='ltr'>et</span> <span class='ocrx_word' id='word_1_588' title='bbox 672 4698 869 4738; x_wconf 85' lang='lat' dir='ltr'>manns</span> <span class='ocrx_word' id='word_1_589' title='bbox 907 4683 1024 4751; x_wconf 85' lang='lat' dir='ltr'>ejus</span> <span class='ocrx_word' id='word_1_590' title='bbox 1054 4685 1122 4739; x_wconf 88' lang='lat' dir='ltr'>ab</span> <span class='ocrx_word' id='word_1_591' title='bbox 1161 4686 1341 4739; x_wconf 82' lang='lat' dir='ltr'>Aaron</span> <span class='ocrx_word' id='word_1_592' title='bbox 1383 4695 1438 4738; x_wconf 89' lang='lat' dir='ltr'>et</span> <span class='ocrx_word' id='word_1_593' title='bbox 1480 4685 1555 4740; x_wconf 86' lang='grc' dir='ltr'>Οι·</span> <span class='ocrx_word' id='word_1_594' title='bbox 1591 4685 1827 4739; x_wconf 88' lang='lat' dir='ltr'>sustine·</span> 
     </span>
     <span class='ocr_line' id='line_1_79' title="bbox 249 4770 1829 4846; baseline 0.003 -22"><span class='ocrx_word' id='word_1_595' title='bbox 249 4770 467 4835; x_wconf 82' lang='lat' dir='ltr'>bantur,</span> <span class='ocrx_word' id='word_1_596' title='bbox 510 4787 578 4827; x_wconf 88' lang='lat' dir='ltr'>ne</span> <span class='ocrx_word' id='word_1_597' title='bbox 625 4788 690 4828; x_wconf 84' lang='lat' dir='ltr'>ex</span> <span class='ocrx_word' id='word_1_598' title='bbox 738 4776 916 4831; x_wconf 90' lang='lat' dir='ltr'>crucis</span> <span class='ocrx_word' id='word_1_599' title='bbox 959 4776 1141 4844; x_wconf 80' lang='lat' dir='ltr'>specie</span> <span class='ocrx_word' id='word_1_600' title='bbox 1178 4779 1230 4831; x_wconf 91' lang='lat' dir='ltr'>in</span> <span class='ocrx_word' id='word_1_601' title='bbox 1281 4792 1385 4846; x_wconf 90' lang='lat' dir='ltr'>qua</span> <span class='ocrx_word' id='word_1_602' title='bbox 1436 4786 1593 4831; x_wconf 89' lang='lat' dir='ltr'>erant</span> <span class='ocrx_word' id='word_1_603' title='bbox 1623 4777 1829 4832; x_wconf 81' lang='lat' dir='ltr'>cunsti-</span> 
     </span>
     <span class='ocr_line' id='line_1_80' title="bbox 253 4863 1827 4938; baseline 0.003 -22"><span class='ocrx_word' id='word_1_604' title='bbox 253 4871 398 4927; x_wconf 71' lang='lat' dir='ltr'>tuce,</span> <span class='ocrx_word' id='word_1_605' title='bbox 426 4863 756 4922; x_wconf 86' lang='lat' dir='ltr'>deciderent.</span> <span class='ocrx_word' id='word_1_606' title='bbox 788 4866 854 4921; x_wconf 86' lang='lat' dir='ltr'>Et</span> <span class='ocrx_word' id='word_1_607' title='bbox 884 4882 1137 4922; x_wconf 81' lang='lat' dir='ltr'>reversus</span> <span class='ocrx_word' id='word_1_608' title='bbox 1159 4876 1244 4923; x_wconf 89' lang='lat' dir='ltr'>est</span> <span class='ocrx_word' id='word_1_609' title='bbox 1270 4866 1434 4923; x_wconf 75' lang='lat' dir='ltr'>Josue</span> <span class='ocrx_word' id='word_1_610' title='bbox 1458 4883 1578 4923; x_wconf 89' lang='lat' dir='ltr'>cum</span> <span class='ocrx_word' id='word_1_611' title='bbox 1609 4867 1827 4938; x_wconf 77' lang='lat' dir='ltr'>gaudio,</span> 
     </span>
     <span class='ocr_line' id='line_1_81' title="bbox 249 4956 1830 5028; baseline 0.004 -24"><span class='ocrx_word' id='word_1_612' title='bbox 249 4956 425 5011; x_wconf 74' lang='lat' dir='ltr'>deletu</span> <span class='ocrx_word' id='word_1_613' title='bbox 466 4960 708 5016; x_wconf 82' lang='lat' dir='ltr'>Amalec.</span> <span class='ocrx_word' id='word_1_614' title='bbox 743 4959 897 5016; x_wconf 87' lang='lat' dir='ltr'>Tune</span> <span class='ocrx_word' id='word_1_615' title='bbox 941 4975 1104 5028; x_wconf 85' lang='lat' dir='ltr'>super</span> <span class='ocrx_word' id='word_1_616' title='bbox 1152 4971 1332 5015; x_wconf 87' lang='lat' dir='ltr'>monte</span> <span class='ocrx_word' id='word_1_617' title='bbox 1373 4961 1652 5015; x_wconf 87' lang='lat' dir='ltr'>duodecim</span> <span class='ocrx_word' id='word_1_618' title='bbox 1695 4960 1830 5028; x_wconf 90' lang='lat' dir='ltr'>lapi·</span> 
     </span>
     <span class='ocr_line' id='line_1_82' title="bbox 249 5048 1826 5118; baseline 0.001 -20"><span class='ocrx_word' id='word_1_619' title='bbox 249 5048 408 5103; x_wconf 66' lang='lat' dir='ltr'>«libus</span> <span class='ocrx_word' id='word_1_620' title='bbox 460 5051 628 5104; x_wconf 82' lang='lat' dir='ltr'>altare</span> <span class='ocrx_word' id='word_1_621' title='bbox 665 5053 991 5114; x_wconf 75' lang='lat' dir='ltr'>construxit,</span> <span class='ocrx_word' id='word_1_622' title='bbox 1025 5061 1071 5105; x_wconf 80' lang='lat' dir='ltr'>et</span> <span class='ocrx_word' id='word_1_623' title='bbox 1119 5052 1281 5111; x_wconf 74' lang='lat' dir='ltr'>monti</span> <span class='ocrx_word' id='word_1_624' title='bbox 1327 5065 1511 5103; x_wconf 80' lang='lat' dir='ltr'>nomen</span> <span class='ocrx_word' id='word_1_625' title='bbox 1560 5052 1826 5118; x_wconf 67' lang='lat' dir='ltr'>imposuit,</span> 
     </span>
     <span class='ocr_line' id='line_1_83' title="bbox 250 5134 1828 5210; baseline 0.004 -22"><span class='ocrx_word' id='word_1_626' title='bbox 250 5134 507 5192; x_wconf 73' lang='lat' dir='ltr'>Dominus</span> <span class='ocrx_word' id='word_1_627' title='bbox 526 5140 784 5209; x_wconf 73' lang='lat' dir='ltr'>refnqinm</span> <span class='ocrx_word' id='word_1_628' title='bbox 801 5158 968 5195; x_wconf 76' lang='lat' dir='ltr'>metim</span> <span class='ocrx_word' id='word_1_629' title='bbox 983 5142 1050 5205; x_wconf 77' lang='lat'>⁸⁷,</span> <span class='ocrx_word' id='word_1_630' title='bbox 1070 5142 1191 5210; x_wconf 80' lang='lat' dir='ltr'>quia</span> <span class='ocrx_word' id='word_1_631' title='bbox 1213 5155 1373 5194; x_wconf 84' lang='lat' dir='ltr'>manu</span> <span class='ocrx_word' id='word_1_632' title='bbox 1390 5140 1599 5195; x_wconf 80' lang='lat' dir='ltr'>occulta</span> <span class='ocrx_word' id='word_1_633' title='bbox 1624 5155 1828 5210; x_wconf 79' lang='lat' dir='ltr'>pugua-</span> 
     </span>
     <span class='ocr_line' id='line_1_84' title="bbox 246 5226 1826 5304; baseline 0.006 -25"><span class='ocrx_word' id='word_1_634' title='bbox 246 5226 480 5283; x_wconf 83' lang='lat' dir='ltr'>vitDcns</span> <span class='ocrx_word' id='word_1_635' title='bbox 508 5233 884 5288; x_wconf 83' lang='lat' dir='ltr'>cumAmalec.</span> <span class='ocrx_word' id='word_1_636' title='bbox 925 5234 1149 5289; x_wconf 83' lang='lat' dir='ltr'>Amalec</span> <span class='ocrx_word' id='word_1_637' title='bbox 1188 5232 1457 5304; x_wconf 83' lang='lat' dir='ltr'>significat</span> <span class='ocrx_word' id='word_1_638' title='bbox 1485 5233 1744 5287; x_wconf 75' lang='lat' dir='ltr'>acediam.</span> <span class='ocrx_word' id='word_1_639' title='bbox 1769 5233 1826 5289; x_wconf 84' lang='lat' dir='ltr'>Si</span> 
     </span>
     <span class='ocr_line' id='line_1_85' title="bbox 248 5322 1828 5398; baseline 0.004 -22"><span class='ocrx_word' id='word_1_640' title='bbox 248 5322 391 5376; x_wconf 83' lang='lat' dir='ltr'>enim</span> <span class='ocrx_word' id='word_1_641' title='bbox 427 5326 649 5391; x_wconf 82' lang='lat' dir='ltr'>coeperit</span> <span class='ocrx_word' id='word_1_642' title='bbox 683 5327 843 5382; x_wconf 83' lang='lat' dir='ltr'>bomo</span> <span class='ocrx_word' id='word_1_643' title='bbox 865 5341 933 5381; x_wconf 84' lang='lat' dir='ltr'>ex</span> <span class='ocrx_word' id='word_1_644' title='bbox 960 5326 1325 5381; x_wconf 87' lang='lat' dir='ltr'>voluntatibus</span> <span class='ocrx_word' id='word_1_645' title='bbox 1346 5326 1459 5382; x_wconf 90' lang='lat' dir='ltr'>suis</span> <span class='ocrx_word' id='word_1_646' title='bbox 1487 5325 1746 5398; x_wconf 78' lang='lat' dir='ltr'>effugere,</span> <span class='ocrx_word' id='word_1_647' title='bbox 1771 5336 1828 5382; x_wconf 88' lang='lat' dir='ltr'>et</span> 
     </span>
     <span class='ocr_line' id='line_1_86' title="bbox 192 5412 1822 5489; baseline 0.004 -24"><span class='ocrx_word' id='word_1_648' title='bbox 192 5422 205 5431; x_wconf 82' lang='lat'><strong><em>‘</em></strong></span> <span class='ocrx_word' id='word_1_649' title='bbox 251 5415 322 5487; x_wconf 84' lang='lat' dir='ltr'>ad</span> <span class='ocrx_word' id='word_1_650' title='bbox 351 5412 516 5469; x_wconf 84' lang='lat' dir='ltr'>Deum</span> <span class='ocrx_word' id='word_1_651' title='bbox 548 5416 876 5487; x_wconf 84' lang='lat' dir='ltr'>confugerit,</span> <span class='ocrx_word' id='word_1_652' title='bbox 906 5418 1089 5475; x_wconf 89' lang='lat' dir='ltr'>acedia</span> <span class='ocrx_word' id='word_1_653' title='bbox 1128 5418 1179 5473; x_wconf 87' lang='lat' dir='ltr'>in</span> <span class='ocrx_word' id='word_1_654' title='bbox 1221 5418 1411 5489; x_wconf 88' lang='lat' dir='ltr'>primis</span> <span class='ocrx_word' id='word_1_655' title='bbox 1441 5434 1563 5476; x_wconf 87' lang='lat' dir='ltr'>eum</span> <span class='ocrx_word' id='word_1_656' title='bbox 1596 5418 1822 5487; x_wconf 86' lang='lat' dir='ltr'>invadit,</span> 
     </span>
    </p>
   </div>
   <div class='ocr_carea' id='block_1_13' title="bbox 320 5598 1848 5666">
    <p class='ocr_par' dir='ltr' id='par_1_18' title="bbox 320 5598 1848 5666">
     <span class='ocr_line' id='line_1_87' title="bbox 320 5598 1848 5666; baseline 0.005 -13"><span class='ocrx_word' id='word_1_657' title='bbox 320 5599 369 5632; x_wconf 71' lang='lat'>¹⁸</span> <span class='ocrx_word' id='word_1_658' title='bbox 391 5598 523 5654; x_wconf 83' lang='lat' dir='ltr'>Gen.</span> <span class='ocrx_word' id='word_1_659' title='bbox 569 5600 812 5662; x_wconf 79' lang='lat' dir='ltr'>xxtx,l7.</span> <span class='ocrx_word' id='word_1_660' title='bbox 921 5605 967 5637; x_wconf 82' lang='lat'>²⁸</span> <span class='ocrx_word' id='word_1_661' title='bbox 1008 5603 1141 5659; x_wconf 66' lang='lat' dir='ltr'>Gon.</span> <span class='ocrx_word' id='word_1_662' title='bbox 1197 5622 1376 5666; x_wconf 65' lang='lat' dir='ltr'>xxxtt.</span> <span class='ocrx_word' id='word_1_663' title='bbox 1419 5606 1506 5661; x_wconf 73' lang='lat'>28.</span> <span class='ocrx_word' id='word_1_664' title='bbox 1620 5605 1664 5638; x_wconf 78' lang='lat'>²⁶</span> <span class='ocrx_word' id='word_1_665' title='bbox 1714 5604 1848 5662; x_wconf 76' lang='lat' dir='ltr'>Gen.</span> 
     </span>
    </p>
   </div>
   <div class='ocr_carea' id='block_1_14' title="bbox 257 5670 1499 5744">
    <p class='ocr_par' dir='ltr' id='par_1_19' title="bbox 257 5670 1499 5744">
     <span class='ocr_line' id='line_1_88' title="bbox 257 5670 1499 5744; baseline 0.007 -23"><span class='ocrx_word' id='word_1_666' title='bbox 257 5681 407 5739; x_wconf 77' lang='lat' dir='ltr'>seqq.</span> <span class='ocrx_word' id='word_1_667' title='bbox 486 5670 532 5705; x_wconf 56' lang='grc' dir='ltr'>’θ</span> <span class='ocrx_word' id='word_1_668' title='bbox 569 5672 699 5726; x_wconf 66' lang='lat' dir='ltr'>ibid.</span> <span class='ocrx_word' id='word_1_669' title='bbox 732 5672 821 5725; x_wconf 61' lang='lat' dir='ltr'>at.</span> <span class='ocrx_word' id='word_1_670' title='bbox 902 5675 945 5708; x_wconf 80' lang='lat'>³⁰</span> <span class='ocrx_word' id='word_1_671' title='bbox 974 5675 1115 5731; x_wconf 61' lang='lat' dir='ltr'>Psal.</span> <span class='ocrx_word' id='word_1_672' title='bbox 1145 5692 1329 5744; x_wconf 72' lang='lat' dir='ltr'>cxxvi,</span> <span class='ocrx_word' id='word_1_673' title='bbox 1363 5678 1413 5744; x_wconf 83' lang='lat' dir='ltr'>t,</span> <span class='ocrx_word' id='word_1_674' title='bbox 1446 5678 1499 5730; x_wconf 73' lang='lat'>⁴2.</span> 
     </span>
    </p>
   </div>
   <div class='ocr_carea' id='block_1_15' title="bbox 1866 3128 3524 5483">
    <p class='ocr_par' dir='ltr' id='par_1_20' title="bbox 1866 3128 3524 5482">
     <span class='ocr_line' id='line_1_89' title="bbox 1940 3128 3504 3204; baseline -0.001 -18"><span class='ocrx_word' id='word_1_675' title='bbox 1940 3131 2142 3201; x_wconf 88' lang='lat' dir='ltr'>inquit,</span> <span class='ocrx_word' id='word_1_676' title='bbox 2171 3131 2387 3187; x_wconf 80' lang='lat' dir='ltr'>nomina</span> <span class='ocrx_word' id='word_1_677' title='bbox 2431 3129 2645 3183; x_wconf 75' lang='lat' dir='ltr'>deorum</span> <span class='ocrx_word' id='word_1_678' title='bbox 2683 3138 3019 3186; x_wconf 69' lang='lat' dir='ltr'>vestrorum</span> <span class='ocrx_word' id='word_1_679' title='bbox 3043 3177 3062 3201; x_wconf 85' lang='lat'>,</span> <span class='ocrx_word' id='word_1_680' title='bbox 3098 3143 3153 3188; x_wconf 77' lang='lat' dir='ltr'>et</span> <span class='ocrx_word' id='word_1_681' title='bbox 3199 3148 3285 3204; x_wconf 69' lang='lat' dir='ltr'>eqo</span> <span class='ocrx_word' id='word_1_682' title='bbox 3319 3128 3504 3184; x_wconf 67' lang='lat' dir='ltr'>inumb·</span> 
     </span>
     <span class='ocr_line' id='line_1_90' title="bbox 1938 3219 3502 3296; baseline -0.001 -19"><span class='ocrx_word' id='word_1_683' title='bbox 1938 3238 2124 3279; x_wconf 71' lang='lat' dir='ltr'>nomen</span> <span class='ocrx_word' id='word_1_684' title='bbox 2173 3220 2385 3278; x_wconf 76' lang='lat' dir='ltr'>Domini</span> <span class='ocrx_word' id='word_1_685' title='bbox 2429 3220 2527 3275; x_wconf 72' lang='lat' dir='ltr'>Dei</span> <span class='ocrx_word' id='word_1_686' title='bbox 2576 3220 2678 3273; x_wconf 81' lang='lat' dir='ltr'>mei</span> <span class='ocrx_word' id='word_1_687' title='bbox 2693 3236 2713 3285; x_wconf 89' lang='lat'><em>;</em></span> <span class='ocrx_word' id='word_1_688' title='bbox 2761 3230 2819 3274; x_wconf 79' lang='lat' dir='ltr'>et</span> <span class='ocrx_word' id='word_1_689' title='bbox 2863 3223 3205 3296; x_wconf 73' lang='lat' dir='ltr'>quicunque</span> <span class='ocrx_word' id='word_1_690' title='bbox 3232 3219 3502 3279; x_wconf 67' lang='lat' dir='ltr'>audiveritis</span> 
     </span>
     <span class='ocr_line' id='line_1_91' title="bbox 1935 3306 3504 3389; baseline -0.001 -21"><span class='ocrx_word' id='word_1_691' title='bbox 1935 3314 2074 3384; x_wconf 77' lang='lat' dir='ltr'>ique,</span> <span class='ocrx_word' id='word_1_692' title='bbox 2138 3316 2181 3369; x_wconf 79' lang='lat' dir='ltr'>ia</span> <span class='ocrx_word' id='word_1_693' title='bbox 2230 3314 2331 3369; x_wconf 79' lang='lat' dir='ltr'>erit</span> <span class='ocrx_word' id='word_1_694' title='bbox 2388 3312 2646 3369; x_wconf 68' lang='lat' dir='ltr'>Dominus</span> <span class='ocrx_word' id='word_1_695' title='bbox 2680 3311 2838 3368; x_wconf 72' lang='lat' dir='ltr'>Deua</span> <span class='ocrx_word' id='word_1_696' title='bbox 2905 3315 2982 3371; x_wconf 72' lang='lat'>³⁸.</span> <span class='ocrx_word' id='word_1_697' title='bbox 3053 3306 3319 3389; x_wconf 77' lang='lat' dir='ltr'>Quamvis</span> <span class='ocrx_word' id='word_1_698' title='bbox 3364 3311 3504 3371; x_wconf 70' lang='lat' dir='ltr'>animis</span> 
     </span>
     <span class='ocr_line' id='line_1_92' title="bbox 1937 3403 3498 3471; baseline 0 -13"><span class='ocrx_word' id='word_1_699' title='bbox 1937 3403 2140 3458; x_wconf 87' lang='lat' dir='ltr'>nostris</span> <span class='ocrx_word' id='word_1_700' title='bbox 2169 3404 2441 3458; x_wconf 83' lang='lat' dir='ltr'>daemones</span> <span class='ocrx_word' id='word_1_701' title='bbox 2483 3409 2782 3470; x_wconf 72' lang='lat' dir='ltr'>suggerant</span> <span class='ocrx_word' id='word_1_702' title='bbox 2837 3407 3249 3471; x_wconf 75' lang='lat' dir='ltr'>tentationes,</span> <span class='ocrx_word' id='word_1_703' title='bbox 3273 3419 3358 3461; x_wconf 79' lang='lat' dir='ltr'>eas</span> <span class='ocrx_word' id='word_1_704' title='bbox 3379 3413 3498 3458; x_wconf 75' lang='lat' dir='ltr'>taar-</span> 
     </span>
     <span class='ocr_line' id='line_1_93' title="bbox 1938 3474 3494 3569; baseline 0.003 -23"><span class='ocrx_word' id='word_1_705' title='bbox 1938 3491 2094 3547; x_wconf 86' lang='lat' dir='ltr'>nobis</span> <span class='ocrx_word' id='word_1_706' title='bbox 2123 3491 2306 3546; x_wconf 85' lang='lat' dir='ltr'>invitis</span> <span class='ocrx_word' id='word_1_707' title='bbox 2332 3492 2399 3545; x_wconf 93' lang='lat' dir='ltr'>ad</span> <span class='ocrx_word' id='word_1_708' title='bbox 2430 3491 2633 3544; x_wconf 81' lang='lat' dir='ltr'>exitum</span> <span class='ocrx_word' id='word_1_709' title='bbox 2663 3474 3001 3560; x_wconf 65' lang='lat' dir='ltr'>pet-ducere</span> <span class='ocrx_word' id='word_1_710' title='bbox 3033 3502 3338 3569; x_wconf 71' lang='lat' dir='ltr'>nequeunt.</span> <span class='ocrx_word' id='word_1_711' title='bbox 3361 3491 3494 3551; x_wconf 61' lang='lat'>0¹8</span> 
     </span>
     <span class='ocr_line' id='line_1_94' title="bbox 1936 3581 3488 3653; baseline 0.001 -15"><span class='ocrx_word' id='word_1_712' title='bbox 1936 3583 2011 3638; x_wconf 89' lang='lat' dir='ltr'>illi</span> <span class='ocrx_word' id='word_1_713' title='bbox 2043 3582 2258 3652; x_wconf 86' lang='lat' dir='ltr'>quidem</span> <span class='ocrx_word' id='word_1_714' title='bbox 2291 3582 2434 3635; x_wconf 87' lang='lat' dir='ltr'>vires</span> <span class='ocrx_word' id='word_1_715' title='bbox 2455 3581 2740 3635; x_wconf 87' lang='lat' dir='ltr'>conferunt</span> <span class='ocrx_word' id='word_1_716' title='bbox 2772 3597 2920 3640; x_wconf 88' lang='lat' dir='ltr'>suas</span> <span class='ocrx_word' id='word_1_717' title='bbox 2959 3601 2981 3653; x_wconf 92' lang='lat'>;</span> <span class='ocrx_word' id='word_1_718' title='bbox 3025 3588 3134 3644; x_wconf 89' lang='lat' dir='ltr'>sed</span> <span class='ocrx_word' id='word_1_719' title='bbox 3165 3603 3265 3646; x_wconf 86' lang='lat' dir='ltr'>eos</span> <span class='ocrx_word' id='word_1_720' title='bbox 3291 3603 3382 3644; x_wconf 85' lang='lat' dir='ltr'>nou</span> <span class='ocrx_word' id='word_1_721' title='bbox 3403 3583 3488 3639; x_wconf 65' lang='lat' dir='ltr'>arsi-¹</span> 
     </span>
     <span class='ocr_line' id='line_1_95' title="bbox 1938 3672 3470 3752; baseline 0.005 -24"><span class='ocrx_word' id='word_1_722' title='bbox 1938 3677 2099 3730; x_wconf 86' lang='lat' dir='ltr'>bomo</span> <span class='ocrx_word' id='word_1_723' title='bbox 2128 3673 2245 3739; x_wconf 87' lang='lat' dir='ltr'>Dei,</span> <span class='ocrx_word' id='word_1_724' title='bbox 2281 3674 2534 3748; x_wconf 76' lang='lat' dir='ltr'>quoniam</span> <span class='ocrx_word' id='word_1_725' title='bbox 2563 3672 2767 3729; x_wconf 76' lang='lat' dir='ltr'>abillis</span> <span class='ocrx_word' id='word_1_726' title='bbox 2792 3675 3096 3735; x_wconf 82' lang='lat' dir='ltr'>abhorret</span> <span class='ocrx_word' id='word_1_727' title='bbox 3128 3696 3229 3736; x_wconf 86' lang='lat' dir='ltr'>cnr</span> <span class='ocrx_word' id='word_1_728' title='bbox 3258 3682 3470 3752; x_wconf 57' lang='lat' dir='ltr'>ipsiu-‘w&#39;</span> 
     </span>
     <span class='ocr_line' id='line_1_96' title="bbox 1935 3767 3444 3847; baseline 0.004 -26"><span class='ocrx_word' id='word_1_729' title='bbox 1935 3767 1988 3822; x_wconf 90' lang='lat' dir='ltr'>in</span> <span class='ocrx_word' id='word_1_730' title='bbox 2046 3767 2135 3821; x_wconf 86' lang='lat' dir='ltr'>Dei</span> <span class='ocrx_word' id='word_1_731' title='bbox 2173 3767 2446 3822; x_wconf 86' lang='lat' dir='ltr'>voluntate</span> <span class='ocrx_word' id='word_1_732' title='bbox 2490 3767 2813 3847; x_wconf 82' lang='lat' dir='ltr'>requiescit.</span> <span class='ocrx_word' id='word_1_733' title='bbox 2865 3767 3186 3841; x_wconf 68' lang='lat' dir='ltr'>luvocata,</span> <span class='ocrx_word' id='word_1_734' title='bbox 3236 3772 3444 3844; x_wconf 64' lang='lat' dir='ltr'>inquit·t</span> 
     </span>
     <span class='ocr_line' id='line_1_97' title="bbox 1933 3852 3453 3932; baseline 0.005 -19"><span class='ocrx_word' id='word_1_735' title='bbox 1933 3860 2077 3913; x_wconf 82' lang='lat' dir='ltr'>mina</span> <span class='ocrx_word' id='word_1_736' title='bbox 2107 3860 2324 3913; x_wconf 79' lang='lat' dir='ltr'>deorum</span> <span class='ocrx_word' id='word_1_737' title='bbox 2356 3868 2669 3922; x_wconf 73' lang='lat' dir='ltr'>uestrorum,</span> <span class='ocrx_word' id='word_1_738' title='bbox 2704 3868 2756 3910; x_wconf 83' lang='lat' dir='ltr'>et</span> <span class='ocrx_word' id='word_1_739' title='bbox 2799 3875 2903 3931; x_wconf 74' lang='lat' dir='ltr'>eqo</span> <span class='ocrx_word' id='word_1_740' title='bbox 2945 3852 3453 3932; x_wconf 56' lang='lat' dir='ltr'>invocationem*</span> 
     </span>
     <span class='ocr_line' id='line_1_98' title="bbox 1933 3950 2927 4018; baseline 0.001 -14"><span class='ocrx_word' id='word_1_741' title='bbox 1933 3953 2051 4006; x_wconf 63' lang='lat' dir='ltr'>mvi.</span> <span class='ocrx_word' id='word_1_742' title='bbox 2087 3950 2238 4018; x_wconf 85' lang='lat' dir='ltr'>Quod</span> <span class='ocrx_word' id='word_1_743' title='bbox 2284 3950 2358 4005; x_wconf 88' lang='lat' dir='ltr'>illi</span> <span class='ocrx_word' id='word_1_744' title='bbox 2404 3951 2600 4004; x_wconf 89' lang='lat' dir='ltr'>frustra</span> <span class='ocrx_word' id='word_1_745' title='bbox 2639 3950 2927 4005; x_wconf 87' lang='lat' dir='ltr'>feceruut.</span> 
     </span>
     <span class='ocr_line' id='line_1_99' title="bbox 2005 4039 3471 4118; baseline 0.002 -22"><span class='ocrx_word' id='word_1_746' title='bbox 2005 4042 2116 4096; x_wconf 79' lang='lat' dir='ltr'>xtt.</span> <span class='ocrx_word' id='word_1_747' title='bbox 2156 4039 2281 4096; x_wconf 83' lang='lat' dir='ltr'>llaec</span> <span class='ocrx_word' id='word_1_748' title='bbox 2308 4040 2376 4095; x_wconf 92' lang='lat' dir='ltr'>ad</span> <span class='ocrx_word' id='word_1_749' title='bbox 2423 4039 2705 4094; x_wconf 79' lang='lat' dir='ltr'>utilitatem</span> <span class='ocrx_word' id='word_1_750' title='bbox 2760 4049 3054 4099; x_wconf 84' lang='lat' dir='ltr'>nostram</span> <span class='ocrx_word' id='word_1_751' title='bbox 3089 4047 3301 4118; x_wconf 76' lang='lat' dir='ltr'>scripta</span> <span class='ocrx_word' id='word_1_752' title='bbox 3322 4041 3471 4101; x_wconf 63' lang='lat' dir='ltr'>saut,¹¹</span> 
     </span>
     <span class='ocr_line' id='line_1_100' title="bbox 1933 4124 3471 4209; baseline -0.006 -22"><span class='ocrx_word' id='word_1_753' title='bbox 1933 4147 2225 4203; x_wconf 81' lang='lat' dir='ltr'>sequamur</span> <span class='ocrx_word' id='word_1_754' title='bbox 2278 4146 2462 4187; x_wconf 88' lang='lat' dir='ltr'>eorum</span> <span class='ocrx_word' id='word_1_755' title='bbox 2516 4127 2772 4198; x_wconf 75' lang='lat' dir='ltr'>vestigia,</span> <span class='ocrx_word' id='word_1_756' title='bbox 2807 4133 2915 4209; x_wconf 85' lang='lat' dir='ltr'>qui</span> <span class='ocrx_word' id='word_1_757' title='bbox 2983 4136 3267 4193; x_wconf 60' lang='lat' dir='ltr'>virtutum</span> <span class='ocrx_word' id='word_1_758' title='bbox 3289 4124 3471 4192; x_wconf 63' lang='lat' dir='ltr'>stfflal</span> 
     </span>
     <span class='ocr_line' id='line_1_101' title="bbox 1931 4218 3469 4296; baseline -0.001 -21"><span class='ocrx_word' id='word_1_759' title='bbox 1931 4221 2242 4277; x_wconf 78' lang='lat' dir='ltr'>felicitatem</span> <span class='ocrx_word' id='word_1_760' title='bbox 2273 4220 2682 4275; x_wconf 89' lang='lat' dir='ltr'>contenderunt.</span> <span class='ocrx_word' id='word_1_761' title='bbox 2712 4218 3170 4296; x_wconf 78' lang='lat' dir='ltr'>confugiebant</span> <span class='ocrx_word' id='word_1_762' title='bbox 3224 4210 3469 4284; x_wconf 73' lang='lat' dir='ltr'>ittiadmi·</span> 
     </span>
     <span class='ocr_line' id='line_1_102' title="bbox 1934 4308 3469 4384; baseline 0.006 -16"><span class='ocrx_word' id='word_1_763' title='bbox 1934 4314 2061 4368; x_wconf 89' lang='lat' dir='ltr'>lium</span> <span class='ocrx_word' id='word_1_764' title='bbox 2069 4313 2249 4379; x_wconf 82' lang='lat' dir='ltr'>Dei,&#39;</span> <span class='ocrx_word' id='word_1_765' title='bbox 2237 4329 2288 4366; x_wconf 81' lang='lat' dir='ltr'>tn</span> <span class='ocrx_word' id='word_1_766' title='bbox 2302 4327 2484 4381; x_wconf 88' lang='lat' dir='ltr'>eoque</span> <span class='ocrx_word' id='word_1_767' title='bbox 2510 4324 2633 4381; x_wconf 77' lang='lat' dir='ltr'>spes</span> <span class='ocrx_word' id='word_1_768' title='bbox 2664 4325 2799 4368; x_wconf 82' lang='lat' dir='ltr'>suas</span> <span class='ocrx_word' id='word_1_769' title='bbox 2831 4329 3066 4384; x_wconf 84' lang='lat' dir='ltr'>omnes</span> <span class='ocrx_word' id='word_1_770' title='bbox 3089 4308 3469 4383; x_wconf 65' lang='lat' dir='ltr'>collocabant-¹³·</span> 
     </span>
     <span class='ocr_line' id='line_1_103' title="bbox 1866 4389 3465 4481; baseline -0.003 -21"><span class='ocrx_word' id='word_1_771' title='bbox 1866 4389 1908 4442; x_wconf 74' lang='grc' dir='ltr'>Ι)</span> <span class='ocrx_word' id='word_1_772' title='bbox 1939 4404 2238 4460; x_wconf 87' lang='lat' dir='ltr'>bilviribus</span> <span class='ocrx_word' id='word_1_773' title='bbox 2288 4393 2520 4474; x_wconf 83' lang='lat' dir='ltr'>prop&#39;riis</span> <span class='ocrx_word' id='word_1_774' title='bbox 2545 4402 2932 4463; x_wconf 80' lang='lat' dir='ltr'>confidentes.</span> <span class='ocrx_word' id='word_1_775' title='bbox 2979 4410 3062 4472; x_wconf 80' lang='lat' dir='ltr'>Et</span> <span class='ocrx_word' id='word_1_776' title='bbox 3103 4400 3465 4481; x_wconf 60' lang='lat' dir='ltr'>divtnapruteeti·</span> 
     </span>
     <span class='ocr_line' id='line_1_104' title="bbox 1934 4491 3455 4561; baseline 0.002 -12"><span class='ocrx_word' id='word_1_777' title='bbox 1934 4497 2035 4550; x_wconf 89' lang='lat' dir='ltr'>fnit</span> <span class='ocrx_word' id='word_1_778' title='bbox 2061 4497 2141 4553; x_wconf 91' lang='lat' dir='ltr'>eis</span> <span class='ocrx_word' id='word_1_779' title='bbox 2171 4496 2223 4550; x_wconf 93' lang='lat' dir='ltr'>in</span> <span class='ocrx_word' id='word_1_780' title='bbox 2249 4495 2523 4551; x_wconf 87' lang='lat' dir='ltr'>civitatem</span> <span class='ocrx_word' id='word_1_781' title='bbox 2548 4495 2843 4550; x_wconf 87' lang='lat' dir='ltr'>munitam.</span> <span class='ocrx_word' id='word_1_782' title='bbox 2880 4497 3183 4561; x_wconf 82' lang='lat' dir='ltr'>Sciebant</span> <span class='ocrx_word' id='word_1_783' title='bbox 3208 4491 3455 4560; x_wconf 63' lang='lat' dir='ltr'>eni-seth?</span> 
     </span>
     <span class='ocr_line' id='line_1_105' title="bbox 1937 4586 3440 4661; baseline -0.007 -17"><span class='ocrx_word' id='word_1_784' title='bbox 1937 4589 2029 4644; x_wconf 86' lang='lat' dir='ltr'>Dei</span> <span class='ocrx_word' id='word_1_785' title='bbox 2073 4589 2324 4659; x_wconf 78' lang='lat' dir='ltr'>praesidio</span> <span class='ocrx_word' id='word_1_786' title='bbox 2375 4586 2505 4643; x_wconf 88' lang='lat' dir='ltr'>nibil</span> <span class='ocrx_word' id='word_1_787' title='bbox 2536 4601 2716 4661; x_wconf 85' lang='lat' dir='ltr'>posse.</span> <span class='ocrx_word' id='word_1_788' title='bbox 2779 4589 3096 4655; x_wconf 82' lang='lat' dir='ltr'>Dicebant</span> <span class='ocrx_word' id='word_1_789' title='bbox 3125 4586 3440 4656; x_wconf 65' lang='lat' dir='ltr'>cunta-ditm</span> 
     </span>
     <span class='ocr_line' id='line_1_106' title="bbox 1940 4671 3451 4759; baseline -0.009 -22"><span class='ocrx_word' id='word_1_790' title='bbox 1940 4683 2027 4737; x_wconf 86' lang='lat' dir='ltr'>illa</span> <span class='ocrx_word' id='word_1_791' title='bbox 2064 4681 2285 4737; x_wconf 73' lang='lat' dir='ltr'>Davidis</span> <span class='ocrx_word' id='word_1_792' title='bbox 2306 4681 2468 4741; x_wconf 79' lang='lat' dir='ltr'>verba</span> <span class='ocrx_word' id='word_1_793' title='bbox 2530 4697 2545 4734; x_wconf 74' lang='grc' dir='ltr'><strong>ε</strong></span> <span class='ocrx_word' id='word_1_794' title='bbox 2580 4679 2702 4734; x_wconf 73' lang='lat' dir='ltr'>Nisi</span> <span class='ocrx_word' id='word_1_795' title='bbox 2741 4681 3052 4745; x_wconf 60' lang='lat' dir='ltr'>Domina,</span> <span class='ocrx_word' id='word_1_796' title='bbox 3114 4671 3451 4759; x_wconf 54' lang='lat' dir='ltr'>mdo·</span> 
     </span>
     <span class='ocr_line' id='line_1_107' title="bbox 1932 4763 3485 4853; baseline 0.003 -26"><span class='ocrx_word' id='word_1_797' title='bbox 1932 4791 2097 4840; x_wconf 71' lang='lat' dir='ltr'>nicam,</span> <span class='ocrx_word' id='word_1_798' title='bbox 2129 4774 2183 4828; x_wconf 82' lang='lat' dir='ltr'>in</span> <span class='ocrx_word' id='word_1_799' title='bbox 2206 4789 2395 4829; x_wconf 70' lang='lat' dir='ltr'>vantium</span> <span class='ocrx_word' id='word_1_800' title='bbox 2426 4771 2802 4827; x_wconf 74' lang='lat' dir='ltr'>laboraverum</span> <span class='ocrx_word' id='word_1_801' title='bbox 2831 4779 2941 4844; x_wconf 80' lang='lat' dir='ltr'>qui</span> <span class='ocrx_word' id='word_1_802' title='bbox 2979 4785 3369 4853; x_wconf 63' lang='lat' dir='ltr'>oedificauen·</span> <span class='ocrx_word' id='word_1_803' title='bbox 3388 4763 3485 4819; x_wconf 47' lang='lat'>3¹¹2</span> 
     </span>
     <span class='ocr_line' id='line_1_108' title="bbox 1938 4855 3502 4942; baseline 0.001 -22"><span class='ocrx_word' id='word_1_804' title='bbox 1938 4866 2195 4920; x_wconf 75' lang='lat' dir='ltr'>Dominus</span> <span class='ocrx_word' id='word_1_805' title='bbox 2254 4863 2927 4933; x_wconf 71' lang='lat' dir='ltr'>custodierit‚civitatem,</span> <span class='ocrx_word' id='word_1_806' title='bbox 2973 4881 3202 4942; x_wconf 63' lang='grc' dir='ltr'>[πιπτει</span> <span class='ocrx_word' id='word_1_807' title='bbox 3244 4866 3390 4941; x_wconf 67' lang='lat' dir='ltr'>uigitnt</span> <span class='ocrx_word' id='word_1_808' title='bbox 3434 4855 3502 4928; x_wconf 63' lang='grc' dir='ltr'>φῖ</span> 
     </span>
     <span class='ocr_line' id='line_1_109' title="bbox 1940 4946 3512 5020; baseline -0.004 -8"><span class='ocrx_word' id='word_1_809' title='bbox 1940 4959 2164 5012; x_wconf 77' lang='lat' dir='ltr'>custodit</span> <span class='ocrx_word' id='word_1_810' title='bbox 2193 4973 2309 5012; x_wconf 82' lang='lat' dir='ltr'>eam</span> <span class='ocrx_word' id='word_1_811' title='bbox 2340 4956 2409 5011; x_wconf 84' lang='lat'>⁸⁰.</span> <span class='ocrx_word' id='word_1_812' title='bbox 2468 4955 2524 5009; x_wconf 85' lang='lat' dir='ltr'>Si</span> <span class='ocrx_word' id='word_1_813' title='bbox 2578 4954 2724 5009; x_wconf 86' lang='lat' dir='ltr'>enim</span> <span class='ocrx_word' id='word_1_814' title='bbox 2760 4956 2995 5016; x_wconf 77' lang='lat' dir='ltr'>viderit</span> <span class='ocrx_word' id='word_1_815' title='bbox 3027 4964 3186 5020; x_wconf 85' lang='lat' dir='ltr'>Deus</span> <span class='ocrx_word' id='word_1_816' title='bbox 3209 4963 3416 5019; x_wconf 75' lang='lat' dir='ltr'>animum</span> <span class='ocrx_word' id='word_1_817' title='bbox 3435 4946 3512 5006; x_wconf 67' lang='lat' dir='ltr'>sili</span> 
     </span>
     <span class='ocr_line' id='line_1_110' title="bbox 1938 5046 3514 5126; baseline -0.001 -23"><span class='ocrx_word' id='word_1_818' title='bbox 1938 5051 2156 5105; x_wconf 74' lang='lat' dir='ltr'>oiitnino</span> <span class='ocrx_word' id='word_1_819' title='bbox 2178 5063 2299 5104; x_wconf 89' lang='lat' dir='ltr'>esse</span> <span class='ocrx_word' id='word_1_820' title='bbox 2324 5047 2646 5118; x_wconf 78' lang='lat' dir='ltr'>subjectum,</span> <span class='ocrx_word' id='word_1_821' title='bbox 2682 5058 2877 5117; x_wconf 86' lang='lat' dir='ltr'>neque</span> <span class='ocrx_word' id='word_1_822' title='bbox 2918 5055 2984 5107; x_wconf 83' lang='lat' dir='ltr'>in</span> <span class='ocrx_word' id='word_1_823' title='bbox 3025 5056 3144 5112; x_wconf 87' lang='lat' dir='ltr'>alio</span> <span class='ocrx_word' id='word_1_824' title='bbox 3167 5069 3312 5126; x_wconf 84' lang='lat' dir='ltr'>spem</span> <span class='ocrx_word' id='word_1_825' title='bbox 3345 5046 3514 5105; x_wconf 60' lang='lat' dir='ltr'>habete,</span> 
     </span>
     <span class='ocr_line' id='line_1_111' title="bbox 1937 5132 3520 5215; baseline 0.001 -20"><span class='ocrx_word' id='word_1_826' title='bbox 1937 5143 2227 5197; x_wconf 78' lang='lat' dir='ltr'>confirmat</span> <span class='ocrx_word' id='word_1_827' title='bbox 2254 5155 2400 5204; x_wconf 90' lang='lat' dir='ltr'>eum,</span> <span class='ocrx_word' id='word_1_828' title='bbox 2452 5138 2640 5192; x_wconf 83' lang='lat' dir='ltr'>diceus</span> <span class='ocrx_word' id='word_1_829' title='bbox 2678 5153 2692 5191; x_wconf 72' lang='grc' dir='ltr'>ι</span> <span class='ocrx_word' id='word_1_830' title='bbox 2751 5135 2841 5193; x_wconf 81' lang='lat' dir='ltr'>Ne</span> <span class='ocrx_word' id='word_1_831' title='bbox 2878 5144 3123 5214; x_wconf 68' lang='lat' dir='ltr'>timeas,</span> <span class='ocrx_word' id='word_1_832' title='bbox 3177 5147 3260 5215; x_wconf 67' lang='lat' dir='ltr'>fili</span> <span class='ocrx_word' id='word_1_833' title='bbox 3292 5132 3520 5199; x_wconf 66' lang='lat' dir='ltr'>nit-cot:</span> 
     </span>
     <span class='ocr_line' id='line_1_112' title="bbox 1934 5224 3518 5306; baseline 0.001 -20"><span class='ocrx_word' id='word_1_834' title='bbox 1934 5251 2064 5304; x_wconf 74' lang='lat' dir='ltr'>peter</span> <span class='ocrx_word' id='word_1_835' title='bbox 2084 5233 2278 5299; x_wconf 70' lang='lat' dir='ltr'>Israel,</span> <span class='ocrx_word' id='word_1_836' title='bbox 2309 5249 2372 5287; x_wconf 83' lang='lat' dir='ltr'>ue</span> <span class='ocrx_word' id='word_1_837' title='bbox 2398 5233 2606 5298; x_wconf 77' lang='lat' dir='ltr'>timeas,</span> <span class='ocrx_word' id='word_1_838' title='bbox 2635 5232 2904 5300; x_wconf 75' lang='lat' dir='ltr'>quoniam</span> <span class='ocrx_word' id='word_1_839' title='bbox 2945 5224 3193 5296; x_wconf 64' lang='lat' dir='ltr'>lib‘erart’</span> <span class='ocrx_word' id='word_1_840' title='bbox 3222 5251 3293 5306; x_wconf 84' lang='lat' dir='ltr'>te,</span> <span class='ocrx_word' id='word_1_841' title='bbox 3327 5244 3372 5291; x_wconf 79' lang='lat' dir='ltr'>et</span> <span class='ocrx_word' id='word_1_842' title='bbox 3392 5241 3518 5288; x_wconf 62' lang='lat' dir='ltr'>mart</span> 
     </span>
     <span class='ocr_line' id='line_1_113' title="bbox 1940 5323 3518 5402; baseline -0.006 -19"><span class='ocrx_word' id='word_1_843' title='bbox 1940 5344 2125 5384; x_wconf 80' lang='lat' dir='ltr'>nomen</span> <span class='ocrx_word' id='word_1_844' title='bbox 2157 5339 2345 5390; x_wconf 55' lang='grc' dir='ltr'>πωπω</span> <span class='ocrx_word' id='word_1_845' title='bbox 2402 5340 2545 5377; x_wconf 77' lang='lat' dir='ltr'>meus</span> <span class='ocrx_word' id='word_1_846' title='bbox 2597 5338 2651 5377; x_wconf 79' lang='lat' dir='ltr'>ea</span> <span class='ocrx_word' id='word_1_847' title='bbox 2685 5332 2768 5379; x_wconf 78' lang='lat' dir='ltr'>tu.</span> <span class='ocrx_word' id='word_1_848' title='bbox 2812 5323 2895 5379; x_wconf 74' lang='lat' dir='ltr'>Et</span> <span class='ocrx_word' id='word_1_849' title='bbox 2941 5331 2996 5384; x_wconf 72' lang='lat' dir='ltr'>aa·</span> <span class='ocrx_word' id='word_1_850' title='bbox 3035 5347 3140 5401; x_wconf 76' lang='lat' dir='ltr'>per</span> <span class='ocrx_word' id='word_1_851' title='bbox 3174 5344 3364 5402; x_wconf 63' lang='lat' dir='ltr'>aquata</span> <span class='ocrx_word' id='word_1_852' title='bbox 3394 5335 3518 5378; x_wconf 71' lang='grc' dir='ltr'>πω</span> 
     </span>
     <span class='ocr_line' id='line_1_114' title="bbox 1931 5400 3524 5483; baseline -0.001 -11"><span class='ocrx_word' id='word_1_853' title='bbox 1931 5420 2073 5483; x_wconf 73' lang='lat' dir='ltr'>ieris,</span> <span class='ocrx_word' id='word_1_854' title='bbox 2117 5427 2286 5472; x_wconf 82' lang='lat' dir='ltr'>tecum</span> <span class='ocrx_word' id='word_1_855' title='bbox 2308 5430 2447 5472; x_wconf 77' lang='lat' dir='ltr'>aum.</span> <span class='ocrx_word' id='word_1_856' title='bbox 2481 5421 2530 5466; x_wconf 81' lang='lat' dir='ltr'>et</span> <span class='ocrx_word' id='word_1_857' title='bbox 2574 5411 2732 5482; x_wconf 78' lang='lat' dir='ltr'>tlttvt&#39;i</span> <span class='ocrx_word' id='word_1_858' title='bbox 2761 5419 2815 5469; x_wconf 79' lang='lat' dir='ltr'>te</span> <span class='ocrx_word' id='word_1_859' title='bbox 2852 5432 2975 5472; x_wconf 76' lang='lat' dir='ltr'>non</span> <span class='ocrx_word' id='word_1_860' title='bbox 3015 5420 3094 5474; x_wconf 69' lang='lat' dir='ltr'>ia.</span> <span class='ocrx_word' id='word_1_861' title='bbox 3079 5421 3393 5476; x_wconf 69' lang='lat' dir='ltr'>¹·erc1ucteni</span> <span class='ocrx_word' id='word_1_862' title='bbox 3423 5400 3524 5465; x_wconf 67' lang='lat' dir='ltr'>fui</span> 
     </span>
    </p>
   </div>
   <div class='ocr_carea' id='block_1_16' title="bbox 1894 5592 3523 5678">
    <p class='ocr_par' dir='ltr' id='par_1_21' title="bbox 1894 5592 3523 5678">
     <span class='ocr_line' id='line_1_115' title="bbox 1894 5592 3523 5678; baseline -0.007 -20"><span class='ocrx_word' id='word_1_863' title='bbox 1894 5618 2056 5672; x_wconf 76' lang='lat' dir='ltr'>xxxt,</span> <span class='ocrx_word' id='word_1_864' title='bbox 2094 5604 2148 5661; x_wconf 71' lang='lat'>3.</span> <span class='ocrx_word' id='word_1_865' title='bbox 2254 5602 2299 5637; x_wconf 69' lang='lat'>&#39;⁹</span> <span class='ocrx_word' id='word_1_866' title='bbox 2341 5598 2508 5657; x_wconf 80' lang='lat' dir='ltr'>Exod.</span> <span class='ocrx_word' id='word_1_867' title='bbox 2555 5610 2692 5665; x_wconf 62' lang='grc' dir='ltr'>ΗΠ,</span> <span class='ocrx_word' id='word_1_868' title='bbox 2732 5598 2824 5655; x_wconf 79' lang='lat' dir='ltr'>t5.</span> <span class='ocrx_word' id='word_1_869' title='bbox 2941 5602 2996 5637; x_wconf 80' lang='lat'>⁸⁸</span> <span class='ocrx_word' id='word_1_870' title='bbox 3022 5602 3095 5660; x_wconf 80' lang='lat' dir='ltr'>lli</span> <span class='ocrx_word' id='word_1_871' title='bbox 3135 5602 3277 5678; x_wconf 56' lang='lat' dir='ltr'>Reg.</span> <span class='ocrx_word' id='word_1_872' title='bbox 3316 5617 3453 5664; x_wconf 69' lang='lat' dir='ltr'>xt‘ttt,</span> <span class='ocrx_word' id='word_1_873' title='bbox 3479 5592 3523 5648; x_wconf 85' lang='lat' dir='ltr'>tt</span> 
     </span>
    </p>
   </div>
  </div>
 </body>
</html>
