3725 6125
159 3594 189 4484 w···==:=··te=·n·a·**·⁶···
160 3491 169 3509 ·

222 284 370 345 1033

1241 273 1300 332 S.
1340 271 1622 328 ANTONu
1660 271 1730 327 Μ.
1775 268 2070 325 AttBATts
2109 268 2491 326 EPtSTOLAE.

3369 272 3508 328 {⁰34

224 392 541 473 paupertati
589 403 806 457 semper
844 387 946 443 suit
993 387 1260 452 addictus,
1291 387 1533 457 quinimo
1564 401 1683 442 cam
1733 401 1828 442 co—
1853 398 1906 454 A
1932 386 2003 440 ob
2031 384 2483 456 multiplicitatem
2516 383 2841 440 mirabilium
2875 399 2995 455 quae
3025 398 3091 440 eo
3123 386 3458 455 perpetrabat
3488 401 3501 435 ε

224 507 345 549 ram
377 485 611 543 Domino
642 481 857 552 aperuit
901 479 1089 536 dicens
1118 497 1132 535 ε
1168 477 1406 536 Transitu'
1434 478 1723 533 Iordanem
1766 481 1822 531 ιἰι

225 581 416 640 baculo
444 592 581 641 uteo,
607 584 659 630 et
692 589 831 628 nnnc
865 571 1038 643 sactus
1058 588 1173 629 sum
1204 572 1345 627 inter
1367 573 1501 626 duas
1529 582 1732 625 turmas
1754 571 1820 625 δ’.

229 673 475 745 Aspicite
516 682 739 740 quoque
789 665 972 733 illum,
1015 664 1287 736 quomodo
1331 679 1438 719 non
1492 671 1578 719 εει
1623 663 1823 718 oblitus

228 763 571 841 paupertatis
618 774 793 830 usqne
839 759 908 814 ad
958 768 1169 828 tempus
1212 756 1298 813 sui
1341 757 1550 823 obltus;
1593 756 1690 827 qui
1741 757 1824 811 iu-

234 857 501 914 eumbens
538 866 699 923 super
730 848 907 905 baculi
951 848 1039 904 sui
1066 847 1414 903 extremitate
1453 845 1817 901 circumstan-

250 947 397 1003 tibus
437 943 580 1010 liliis,
622 941 704 997 eis
759 937 1040 994 mandavit
1084 936 1275 992 dicens
1304 954 1319 992 ε
1352 934 1530 991 Nolite
1575 934 1825 991 oblivisci

240 1035 475 1110 pristinae
510 1030 865 1104 paupertatis,
904 1026 998 1081 lilii
1047 1025 1175 1089 mei,
1214 1031 1433 1095 propter
1464 1024 1566 1078 bas
1606 1022 1826 1077 divitias

232 1143 359 1200 quar
406 1124 559 1180 robis
624 1122 779 1178 iactae
826 1129 974 1175 sunt.
1035 1119 1163 1173 Erat
1209 1126 1391 1171 autem
1440 1113 1664 1170 baculus
1712 1112 1827 1181 ejus

230 1231 451 1289 setnper
484 1214 635 1271 omni
677 1222 920 1282 tempore
963 1210 1016 1263 in
1068 1223 1226 1263 manu
1260 1206 1428 1271 itlius,
1473 1221 1543 1261 ne
1579 1204 1829 1275 magnili-

232 1318 460 1368 caretur
498 1321 594 1363 cor
641 1304 756 1376 ejus
809 1301 1156 1358 multitudine
1206 1312 1430 1354 suarum
1488 1296 1827 1362 divitiarum,

233 1402 366 1458 illas
397 1398 739 1470 aspiciend03
772 1405 828 1452 et
866 1404 925 1449 ut
972 1392 1351 1450 recordaretur
1380 1404 1492 1446 suoe
1528 1390 1828 1454 servitutiS,

237 1506 409 1565 quam
435 1488 682 1546 exercuit
707 1487 765 1544 in
803 1487 963 1543 domo
985 1484 1237 1541 avunculi
1264 1484 1348 1540 sui
1382 1482 1602 1547 baham
1633 1481 1832 1552 quippe

228 1585 293 1642 in
338 1598 502 1640 manu
530 1582 648 1654 ejus
683 1587 800 1635 erat
829 1579 955 1634 dum
998 1578 1258 1647 pascebat
1301 1588 1496 1646 greges
1537 1572 1706 1628 illius.
1745 1571 1834 1628 Si·

234 1677 451 1734 militer
495 1685 553 1730 et
588 1673 788 1742 loseph
834 1687 956 1727 cum
995 1677 1247 1742 regnaret
1296 1683 1463 1737 snper
1503 1665 1829 1738 AEgyptum,

1925 476 2093 531 altera
2137 487 2224 531 εει
2268 477 2336 531 ad
2374 476 2606 545 propriae
2648 477 2985 547 paupertatis
3033 480 3391 543 memoriam.
3445 497 3511 536 nt·

1926 568 2249 637 gloriaretur
2282 568 2336 623 in
2373 569 2540 624 corde
2571 584 2691 633 suo,
2736 570 2831 625 sed
2880 569 3089 626 diceret
3118 588 3132 625 ε
3165 570 3292 628 Haec
3339 573 3515 627 virtus

1929 673 2032 713 non
2061 665 2144 712 est
2179 673 2318 725 ntea,
2350 660 2443 715 sed
2473 659 2707 715 Domini.

1998 747 2192 804 Fertur
2216 750 2380 805 etiam
2423 749 2650 805 Deborae
2676 765 2770 806 cor
2811 749 3107 806 exaltatum
3154 766 3260 807 non
3308 752 3505 817 fuisse,

1928 855 2053 894 cum
2086 840 2417 897 obtinuisset
2444 856 2474 896 a
2510 841 2621 897 Deo
2647 857 2895 913 magnam
2929 842 3073 898 illam
3100 842 3511 907 exaltationem,

1928 932 2069 1003 quod
2101 940 2188 988 est
2220 946 2407 1003 regere
2433 933 2745 989 universum
2777 933 3064 1005 populunt;
3090 948 3277 990 verum
3305 948 3516 989 memor

1929 1036 2049 1081 erat
2085 1025 2366 1080 muliebris
2405 1026 2634 1091 ordinis,
2669 1026 2955 1095 virumque
2987 1033 3149 1097 eaput
3186 1041 3346 1081 suum
3391 1039 3514 1080 esse

1932 1117 2229 1173 fatebatur.
2265 1117 2444 1184 Quare
2483 1133 2608 1173 eum
2641 1118 2944 1173 decreverit
2996 1133 3120 1173 cum
3160 1118 3344 1173 Sisara
3389 1132 3514 1187 rege

1933 1210 2237 1274 decertare,
2270 1208 2442 1265 Barac
2477 1210 2791 1277 accersivit,
2824 1210 3078 1281 deditque
3107 1211 3157 1265 ei
3190 1218 3511 1281 potestatem

1933 1310 1991 1355 ut
2022 1300 2488 1370 proficisceretur,
2521 1309 2577 1356 et
2603 1302 2911 1357 decertaret
2953 1303 3216 1359 adversus
3244 1301 3511 1359 Sisarant.

1935 1391 2041 1447 Sed
2081 1407 2259 1463 neque
2299 1403 2551 1450 sanctum
2599 1394 2770 1450 Barac
2805 1393 3023 1450 seduxit
3055 1396 3230 1451 honor
3258 1395 3361 1452 iste
3399 1411 3516 1451 tua-

1937 1485 2141 1548 ximus,
2178 1499 2355 1554 neque
2397 1484 2490 1540 Dei
2536 1484 3001 1555 dispensationum
3031 1496 3120 1542 εει
3148 1487 3381 1553 oblitus,
3421 1490 3517 1543 sed

1935 1572 2218 1644 respondit
2257 1574 2346 1629 ei.
2333 1592 2345 1604 ·
2378 1572 2436 1628 Si
2483 1576 2653 1630 venies
2702 1591 2925 1642 mecum,
2971 1577 3158 1632 vadam
3178 1578 3246 1633 ⁸¹.
3295 1576 3517 1637 Sciebat

1935 1663 2082 1718 enim
2120 1665 2292 1720 Deum
2319 1680 2441 1720 eum
2470 1678 2535 1720 ea
2563 1680 2704 1731 esse,
2745 1672 2800 1721 et
2830 1666 3068 1735 regimen
3097 1668 3388 1725 tradidisse
3415 1670 3515 1733 illi,

238 1783 353 1824 non
396 1775 482 1822 εει
511 1763 713 1820 oblitus
757 1762 839 1818 sui
871 1762 1061 1833 ipsius,
1096 1775 1197 1817 nec
1225 1774 1349 1815 eom
1385 1757 1576 1829 puduit
1609 1756 1663 1812 id
1706 1769 1831 1826 ape
1862 1740 1907 1795 B
1937 1757 2010 1811 ita
2059 1764 2119 1810 ut
2151 1770 2282 1811 sane
2324 1754 2537 1811 Debora
2587 1757 2660 1811 illi
2702 1757 2960 1814 diceret:
3003 1757 3068 1815 Si
3111 1775 3320 1830 equ-cua
3367 1760 3517 1830 suem

250 1859 365 1914 rire
408 1855 721 1921 Pharaoni,
776 1854 1005 1909 dicendo
1054 1852 1376 1908 fratribus.
1427 1848 1487 1904 Si
1534 1848 1829 1904 sciscitatus

244 1952 412 2020 suerit
448 1967 532 2005 ros
570 1948 805 2014 Pharao,
831 1945 993 2002 dicite
1018 1949 1066 2002 ei
1090 1962 1108 2001 .·
1135 1945 1288 2003 Servi
1317 1944 1418 2009 etti,
1448 1950 1685 2013 pastores
1709 1950 1830 1996 sunt

244 2041 599 2110 iumentorum
620 2039 687 2096 ⁸⁸.
717 2037 871 2107 Quod
909 2051 1041 2094 sane
1087 2034 1361 2107 praestitit,
1396 2047 1463 2087 ne
1505 2030 1835 2101 gloriaretur

245 2148 421 2205 penes
446 2130 801 2188 Pharaonem.
832 2127 1076 2201 Aspicite
1105 2126 1381 2197 quomodo
1416 2138 1639 2194 regnum
1671 2128 1836 2190 atque

254 2222 461 2278 diritiae
488 2236 609 2278 ειιιιι
635 2219 881 2278 oblivisci
912 2234 1026 2274 suae
1058 2216 1380 2274 humilitatis
1408 2224 1464 2270 ει
1499 2211 1834 2284 paupertatis

248 2314 665 2385 haudquaquam
694 2313 949 2368 iuducere
993 2316 1304 2382 potuerunt.
1342 2305 1465 2362 Pati
1501 2318 1719 2375 quoque
1755 2318 1836 2358 ra-

252 2404 407 2458 tione
463 2401 673 2472 Moyses
722 2399 1106 2471 prophetarum
1177 2395 1448 2449 maximus
1501 2407 1622 2447 cum
1693 2389 1836 2445 lilius

240 2495 425 2554 tactos
457 2501 604 2550 esset
661 2490 786 2547 nliae
830 2488 1165 2554 Pharaonis,
1217 2497 1274 2542 et
1317 2484 1570 2541 omnibus
1612 2480 1835 2553 AEgypti

236 2588 447 2661 potitus
477 2595 625 2643 esset
672 2582 978 2649 thesauris,
1035 2580 1333 2636 recordans
1378 2587 1556 2632 tamen
1607 2573 1836 2629 l'ratrum

244 2697 473 2738 suorum
504 2686 914 2751 procreatorum
946 2688 1013 2730 cx
1043 2673 1345 2737 Abrabam,
1379 2684 1540 2740 quem
1567 2666 1833 2724 exaltavit

252 2774 399 2829 Deus
428 2772 499 2828 ob
536 2770 655 2840 ejus
698 2763 1127 2824 humiliationem
1172 2774 1229 2819 ει
1268 2769 1674 2832 paupertatem,
1711 2758 1839 2815 vitoe

260 2879 454 2920 corum
493 2875 714 2932 operam
770 2856 1009 2924 navarit,
1063 2855 1327 2912 recedens
1368 2854 1435 2908 ab
1478 2851 1738 2923 AEgypto,
1784 2860 1839 2905 et

254 2957 436 3014 [aetus
463 2963 545 3010 est
573 2953 775 3008 advena
813 2951 867 3006 in
905 2958 1051 3007 terra
1095 2946 1310 3002 Madian
1347 2942 1703 3014 quadraginta
1739 2957 1837 2996 an-

258 3049 378 3116 nis;
406 3058 629 3119 eratque
662 3044 815 3118 panis
845 3042 967 3115 ejus
999 3051 1055 3098 ει
1090 3054 1233 3111 aqua
1260 3040 1377 3108 eius
1404 3050 1566 3107 super
1612 3034 1842 3090 humero

256 3143 379 3213 ejus
414 3156 635 3213 pascens
676 3154 827 3196 ores.
877 3134 1078 3193 videns
1108 3140 1290 3187 autem
1346 3130 1487 3185 Deus
1535 3125 1839 3182 multitudi-

258 3251 382 3293 nem
410 3236 547 3291 illius
575 3216 1287 3293 bumiliationis,'allocutus
1318 3230 1404 3276 est
1448 3235 1574 3275 eum
1603 3219 1791 3274 dicens
1816 3236 1833 3275 z

246 3329 524 3385 Rereraeere
556 3328 610 3382 in
640 3324 959 3396 AEqyptum,
1002 3330 1052 3374 et
1083 3329 1199 3374 esto
1224 3318 1465 3388 princeps
1494 3328 1653 3383 snper
1678 3327 1845 3382 popu-

230 3420 357 3479 fi-
388 3421 575 3477 Dei⁸⁹.
620 3417 769 3473 Dixit
804 3412 1026 3483 Moyses
1062 3409 1333 3465 Domino:
1372 3405 1503 3462 vide
1544 3405 1637 3459 tibi
1677 3403 1842 3457 alium

159 3512 171 3533 ’
244 3522 443 3582 praeter
476 3523 561 3560 me
601 3504 723 3557 huic
765 3502 842 3555 rei
878 3499 1051 3579 ntaqis·
1081 3498 1321 3553 idoneum
1344 3538 1360 3564 ,
1402 3499 1590 3568 quippe
1628 3497 1843 3550 idoneus

254 3617 364 3652 uon
394 3612 515 3650 sum
537 3596 610 3646 ⁹⁹.
654 3591 723 3645 Et
767 3588 1003 3646 irritavit
1046 3586 1328 3644 Dominum
1373 3588 1542 3644 verbo
1592 3586 1847 3656 hujusce-

265 3687 434 3740 modi.
469 3683 625 3750 Quod
660 3682 885 3737 verbum
911 3680 1121 3751 quidem
1162 3680 1231 3737 ad
1252 3681 1337 3735 sui
1388 3681 1558 3750 ipsius
1601 3689 1846 3734 coutem-

264 3789 419 3848 ptum
456 3777 578 3839 fuit,
610 3773 833 3829 minime
856 3786 977 3829 sese
1004 3772 1249 3829 exaltare
1272 3772 1484 3836 volenS,
1519 3771 1743 3826 nimiam
1776 3768 1845 3823 ob

264 3867 352 3922 sui
389 3865 815 3921 humiliationem
844 3878 971 3935 erga
1016 3864 1107 3920 Dei
1158 3862 1543 3930 majestatem:
1575 3863 1665 3932 qui
1703 3860 1849 3917 dedit

266 3959 345 4016 illi
390 3961 603 4027 signum
635 3959 689 4015 in
724 3959 941 4031 proprio
972 3958 1188 4027 baculo,
1222 3973 1291 4014 ne
1339 3957 1675 4029 paupertatis
1712 3956 1848 4011 obli·

264 4052 586 4120 visceretur,
628 4051 722 4107 sed
770 4051 971 4123 gratias
1010 4059 1198 4121 ageret
1243 4048 1627 4105 beneficiorum
1678 4047 1846 4119 largi-

277 4145 416 4207 tori;
446 4153 503 4199 et
528 4160 667 4214 pra-t
670 4142 786 4214 epit
820 4144 871 4198 ei
901 4151 961 4199 nt
996 4141 1194 4198 baculo
1222 4156 1384 4212 quem
1417 4156 1576 4195 mann
1611 4140 1844 4205 tenebat,

262 4237 421 4306 signa
439 4241 495 4289 et
516 4233 779 4289 mirabilia
800 4242 1157 4305 perpetraret.
1176 4233 1241 4287 Et
1260 4231 1440 4287 omnia
1463 4232 1678 4302 quidem
1696 4231 1847 4300 sigua

258 4336 320 4382 et
364 4325 635 4381 mirabilia
688 4324 890 4380 nebant
938 4324 992 4379 in
1040 4325 1270 4381 Domino
1310 4323 1583 4378 mediante
1630 4321 1843 4383 baculo,

1934 1858 2128 1913 tecum,
2165 1857 2289 1902 utus
2323 1863 2427 1901 non
2463 1848 2560 1902 erit
2593 1848 2798 1913 Ιιοιιοι·;
2834 1850 2924 1904 sed
2966 1851 3189 1916 dicetur,
3221 1853 3360 1921 qnod
3407 1862 3520 1906 tra-

1933 1939 2078 1993 ditus
2108 1938 2177 1994 sit
2206 1941 2482 2002 inmanes
2525 1940 2761 1996 mulieris
2787 1941 2850 1995 θ’.
2894 1940 3271 2008 Considerate,
3306 1959 3516 2013 quaeso,

1935 2030 2089 2085 filioli
2134 2030 2272 2096 mei,
2313 2040 2553 2086 mutuam
2609 2032 2799 2088 hornut
2870 2034 3249 2090 reverentiam.
3297 2034 3522 2091 Deborae

1938 2134 2175 2190 namque
2210 2136 2306 2193 par
2330 2128 2448 2177 erat
2475 2122 2696 2179 dicere:
2732 2124 2993 2182 Dominus
3020 2125 3166 2183 dedit
3205 2129 3335 2183 mihi
3377 2130 3522 2186 hunc

1937 2213 2217 2277 bonorem,
2251 2227 2410 2283 quem
2478 2212 2636 2269 alteri
2676 2229 2781 2270 non
2827 2214 3003 2284 dabo;
3027 2232 3213 2275 verum
3243 2218 3523 2275 enimvero

1938 2318 2148 2359 memor
2178 2303 2281 2358 suit
2312 2303 2594 2360 muliebris
2638 2305 2850 2361 ordinis
2894 2307 2965 2363 ol)
2995 2308 3175 2364 cordis
3204 2311 3289 2364 sui
3334 2312 3515 2366 humi-

1937 2393 2168 2451 litatem.
2202 2394 2310 2450 Par
2339 2409 2554 2466 quoque
2598 2405 2719 2452 erat
2757 2396 2952 2461 Barac,
2997 2407 3055 2454 ut
3091 2409 3310 2472 accepta
3363 2412 3520 2473 pote-

1939 2494 2078 2542 state
2108 2502 2138 2540 a
2177 2485 2388 2543 Debora
2421 2496 2672 2559 pergeret
2724 2487 2873 2547 solus
2914 2491 2984 2546 ad
3033 2491 3251 2561 bellum,
3294 2504 3354 2549 ut
3401 2496 3523 2566 glo-

1942 2578 2194 2645 riaretur,
2247 2589 2303 2635 ct
2358 2579 2566 2635 diceret
2608 2594 2625 2635 ι
2673 2580 2785 2651 Ego
2838 2582 2936 2639 vici
2998 2582 3264 2642 Sisaram.
3320 2586 3521 2645 Verum

1941 2671 2118 2742 magis
2157 2669 2439 2741 magisque
2483 2672 2845 2729 humilitatem
2889 2672 2994 2731 sibi
3036 2676 3250 2745 aseivit,
3283 2688 3343 2734 ut
3383 2692 3523 2749 prat·

1939 2772 2026 2820 sto
2064 2763 2114 2819 ei
2163 2773 2311 2821 esset
2358 2764 2600 2820 divinum
2651 2767 2938 2823 auxilium.
2992 2766 3259 2825 Similiter
3310 2785 3525 2846 quoque

1940 2853 2242 2922 Gedeonis,
2291 2870 2413 2911 cum
2459 2857 2659 2914 dixerit
2706 2858 2755 2915 ci
2800 2859 3027 2931 angelus
3078 2861 3289 2918 Domini
3327 2881 3344 2920 τ
3386 2864 3526 2922 Ecce

1943 2946 2100 3002 mitto
2133 2958 2185 3003 te
2222 2948 2290 3002 ad
2338 2948 2716 3005 debellandum
2760 2965 2943 3023 regem
2983 2950 3227 3020 Madian,
3279 2969 3387 3011 non
3440 2972 3528 3015 est

1943 3038 2241 3095 exaltatum
2281 3054 2396 3106 eor,
2429 3040 2524 3097 sed
2565 3056 2776 3100 memor
2819 3041 2924 3099 ruit
2969 3044 3202 3116 propriae
3245 3045 3527 3104 humilita-

1945 3130 2047 3199 tis,
2085 3142 2140 3188 et
2184 3133 2534 3203 semetipsum
2588 3135 2828 3204 pluribus
2875 3137 3050 3193 modis
3105 3135 3328 3196 vilitatis
3366 3154 3527 3196 accu-

1941 3221 2110 3289 savit,
2161 3230 2224 3277 ut
2265 3237 2300 3277 a
2345 3221 2600 3291 superbia
2643 3223 3032 3282 vindicaretur.
3085 3225 3330 3285 Primum
3380 3231 3525 3287 enim

1941 3313 2117 3369 dixit:
2150 3312 2392 3378 Domine,
2440 3323 2551 3368 esto
2593 3330 2794 3369 mecam
2838 3326 2929 3369 tatu
2972 3318 3240 3385 potentia,
3289 3330 3348 3374 ιιι
3395 3323 3528 3378 libe-

1944 3417 2087 3461 retur
2136 3404 2350 3470 Israel;
2401 3405 2590 3460 etenim
2633 3422 2726 3475 eqo
2763 3413 2813 3460 et
2860 3405 3145 3461 multitudo
3187 3407 3300 3462 ltoee
3337 3422 3523 3466 suiuus

1945 3497 2197 3568 oppressi,
2230 3507 2277 3551 et
2329 3513 2421 3566 eqo
2468 3497 2714 3551 ntinimus
2747 3513 2864 3551 sum
2897 3497 3129 3551 omnium
3177 3498 3269 3569 qui
3311 3504 3525 3558 suntin

1946 3591 2100 3643 donno
2141 3590 2307 3659 putris
2349 3588 2482 3653 mei,
2528 3588 2617 3658 qui
2655 3598 2729 3642 est
2769 3602 2834 3642 ea:
2877 3586 3019 3642 tribu
3058 3587 3303 3647 uanam
3323 3592 3392 3648 ⁸³.
3423 3593 3525 3651 Cui

1948 3679 2170 3751 angelus
2204 3679 2282 3734 ait
2312 3695 2327 3733 z
2369 3678 2554 3749 Perge,
2593 3695 2687 3748 eqo
2731 3695 2820 3734 ero
2852 3688 3021 3735 cecum
3038 3680 3103 3735 ⁹⁸.
3139 3682 3392 3740 Attamen
3427 3686 3527 3742 lnt-

1951 3771 2179 3825 miliatio
2207 3770 2386 3826 cordis
2413 3769 2532 3837 eius
2567 3786 2671 3825 non
2700 3771 2904 3827 dimisit
2936 3786 3058 3827 eum
3086 3789 3213 3829 cura
3241 3790 3471 3832 vacuum
3507 3798 3524 3835 ε

1956 3863 2084 3918 binc
2117 3863 2273 3931 signa
2301 3862 2368 3916 ab
2396 3860 2587 3928 angelo
2622 3862 2933 3918 sciscitatus
2964 3872 3067 3932 est,
3094 3878 3159 3920 eo
3186 3867 3330 3937 quod
3362 3884 3527 3939 penes

1948 3953 2296 4022 semetipsum
2348 3961 2497 4007 tanto
2529 3953 2736 4008 honore
2793 3953 3020 4010 minime
3050 3970 3109 4011 se
3145 3958 3366 4027 dignum
3410 3975 3532 4017 esse

1948 4045 2312 4102 existimabat.
2356 4044 2537 4111 Quare
2590 4043 2875 4113 praevaluit
2921 4057 3121 4112 „eottlra
3171 4048 3382 4105 Madian
3426 4067 3532 4122 opo

1949 4146 2110 4207 atquo
2136 4135 2332 4190 virtute
2366 4133 2599 4200 Domini,
2631 4148 2950 4205 semperque
2986 4137 3228 4206 pristina:
3254 4154 3366 4195 suar
3394 4156 3528 4209 pau·

1951 4227 2174 4297 pertatis
2223 4241 2434 4283 memor
2463 4235 2616 4291 erat,
2653 4227 2962 4298 superbiam
3017 4227 3243 4300 lugiens.
3293 4229 3529 4303 Roganti

1950 4326 2127 4374 autem
2171 4318 2400 4388 populo,
2446 4326 2506 4373 ut
2554 4327 2702 4373 esset
2752 4319 3003 4390 princeps
3053 4334 3219 4390 super
3262 4336 3392 4389 eos,
3438 4340 3529 4381 re·

277 4424 341 4467 ut
386 4413 623 4483 proprie
662 4413 999 4484 paupertatis
1048 4413 1425 4468 recordaretur
1464 4427 1560 4482 per
1603 4411 1845 4467 baculum
1884 4438 1925 4494 D
1950 4410 2169 4481 spondit
2203 4409 2511 4465 humilitate
2554 4411 2778 4466 cordis:
2813 4411 2938 4467 Non
2968 4429 3058 4468 ero
3101 4416 3340 4486 princeps
3374 4433 3533 4489 snper

256 4518 429 4574 quem
460 4518 678 4573 semper
720 4520 880 4561 ntamt
933 4507 1151 4561 tent-bat
1185 4523 1199 4559 ε
1232 4520 1405 4574 eoqnc
1437 4502 1623 4558 divisit
1671 4517 1842 4567 mare,

1952 4518 2062 4567 ros,
2086 4516 2248 4571 neque
2286 4500 2429 4569 filius
2468 4517 2611 4556 meus
2647 4502 2836 4566 etiam:
2866 4502 2957 4558 sed
2997 4503 3256 4561 Dominus
3286 4517 3366 4562 err
3388 4509 3534 4578 prin·

160 4614 205 4673 3,-
252 4608 329 4649 ae
369 4593 561 4649 eodem
588 4603 848 4665 operatus
886 4604 972 4650 est
1009 4596 1275 4650 mirabilia
1326 4597 1377 4650 in
1414 4594 1671 4668 AEgypto.
1700 4594 1848 4649 Mare
1955 4609 2072 4661 ceps
2119 4609 2275 4661 super
2312 4609 2399 4647 ros
2421 4592 2490 4647 ⁸⁸.
2542 4593 2607 4647 Et
2647 4593 2846 4663 eripuit
2888 4612 2949 4652 εε
2980 4611 3010 4650 a
3050 4598 3388 4669 principatu,
3433 4614 3536 4658 nce

159 4716 185 4768 b

248 4681 479 4755 quidem
504 4699 603 4754 par
628 4692 767 4752 erat,
794 4693 852 4740 ut
884 4696 995 4740 tum
1031 4686 1264 4740 divisum
1290 4685 1482 4741 suisset
1503 4695 1558 4740 ει
1591 4684 1843 4754 fugisset,

1956 4685 2215 4740 seducere
2245 4683 2394 4738 illum
2430 4685 2603 4753 potuit
2647 4685 2821 4741 honor
2850 4686 2904 4742 in
2944 4703 3237 4757 quoquam.
3267 4688 3524 4748 Similiter

159 4813 197 4863 fl
254 4784 391 4825 eum
434 4770 662 4826 vidisset
701 4785 886 4827 eoram
937 4771 1135 4842 populo
1188 4774 1495 4842 praecedere
1544 4770 1847 4826 columnam
1957 4791 2171 4845 quoqne
2220 4775 2371 4828 Atina
2422 4784 2596 4830 matter
2643 4773 2913 4834 Satttuelis
2959 4778 3238 4848 prophetae
3290 4780 3534 4838 faciebat

159 4906 201 4957 ὕ

159 4996 203 5054 22

159 5184 211 5243 ’ὗ

258 4860 411 4933 ignis
436 4879 450 4915 ι
482 4870 658 4918 tamea
684 4864 765 4918 sic
793 4879 899 4918 non
930 4864 1053 4926 suit,
1084 4879 1273 4919 verum
1303 4863 1468 4936 Moysi
1496 4863 1657 4932 jussit
1679 4861 1846 4927 DeuS,

260 4962 329 5009 ιι
368 4952 628 5010 diuideret
685 4971 837 5010 mare
878 4955 1071 5011 baculo
1107 4971 1205 5010 suo
1232 4971 1392 5025 quem
1426 4973 1585 5012 :itanu
1619 4954 1854 5020 tenebat,

256 5056 325 5103 ιιι
362 5044 409 5101 εἰ
438 5048 885 5119 magnificaretur
927 5064 1023 5104 cor
1057 5048 1278 5120 Moy-sia,
1307 5066 1371 5106 co
1416 5051 1558 5118 quod
1610 5064 1756 5103 mare
1792 5050 1858 5101 ti-

254 5136 495 5193 intuisset
521 5136 695 5204 illum,
722 5138 998 5207 aspiceret
1036 5137 1287 5193 haculum
1318 5154 1476 5207 quein
1508 5152 1664 5190 titann
1712 5145 1858 5190 tene-

204 5278 219 5309 ,
260 5228 396 5295 bat.
440 5231 938 5300 recordaretur-que
989 5229 1135 5285 illum
1169 5233 1416 5285 eumdem
1460 5244 1580 5284 esso
1625 5243 1733 5298 quo
1764 5244 1860 5297 pa·

258 5320 456 5377 scebat
480 5336 616 5376 oves
659 5323 713 5377 in
745 5324 988 5390 deserto,
1016 5338 1137 5378 cum
1166 5331 1286 5378 crat
1318 5322 1521 5377 advena
1548 5329 1604 5376 et
1638 5336 1857 5390 panper,

196 5459 229 5489 ,ι
260 5424 323 5469 ει
372 5414 777 5470 humiliaretur.
830 5415 931 5483 Qui
986 5415 1202 5484 quidem
1254 5414 1477 5468 baculus
1520 5422 1637 5467 erat
1682 5411 1849 5478 Moysi

212 5538 241 5593 ι
268 5506 473 5579 duplici
506 5510 575 5564 de
596 5524 759 5563 causa
794 5524 811 5563 ι
845 5510 1016 5564 altera
1038 5512 1204 5565 estad
1233 5509 1377 5565 illius
1401 5507 1858 5579 magnificentiam

159 5638 239 5689 *⁸
338 5644 389 5677 ⁸²
423 5644 563 5702 Gen.
596 5661 769 5707 xxxii,
803 5646 889 5700 10.

159 5724 231 5773 ιιι
261 5716 311 5759 ⁸⁸
338 5716 479 5773 ibid.
511 5718 568 5773 9.
646 5717 691 5747 ’⁴
720 5712 893 5772 Judie.
915 5733 989 5783 vt,
1024 5719 1213 5774 15-15.
1288 5723 1334 5754 ··”
1359 5715 1490 5777 ibid.
1524 5717 1607 5775 ¹6.
1686 5718 1731 5754 ⁸⁸
1756 5716 1932 5776 lodic.
1966 5734 2084 5785 vttt,
2113 5719 2206 5777 23.

1001 5648 1049 5679 ⁸⁸
1077 5648 1211 5704 Gen.
1258 5664 1403 5709 κιιί,
1449 5647 1537 5710 55,
1588 5647 1681 5704 34.

601 5810 879 5873 Parnoi..
928 5810 1046 5875 Gn.
1096 5811 1223 5874 xl..

1794 5648 1839 5680 ⁸⁹
1873 5648 2038 5705 Exod.
2070 5662 2153 5711 tn,
2185 5649 2272 5704 to.

1964 4867 2041 4921 illi
2075 4866 2457 4920 vestimentum
2483 4867 2714 4938 singulis
2741 4869 2901 4924 annis
2926 4871 3222 4925 secundum
3258 4875 3535 4943 propriam

1965 4956 2334 5012 conditionem
2366 4958 2573 5027 (notum
2606 4958 2751 5013 enint
2785 4966 2870 5014 est
2903 4960 3157 5030 templum
3189 4960 3400 5017 Domini
3430 4978 3536 5018 non

1966 5061 2145 5116 egere,
2196 5053 2256 5100 ut
2303 5055 2478 5103 mater
2525 5050 2800 5117 prophetae
2832 5066 2895 5105 ex
2951 5052 3171 5121 proprio
3219 5052 3442 5110 afferret
3488 5058 3538 5111 ei

1964 5134 2403 5207 vestimentum);
2434 5154 2621 5194 verum
2652 5140 2755 5194 hoc
2787 5142 3041 5211 prestitit
3089 5153 3263 5199 mater
3306 5144 3446 5214 eius,
3475 5128 3570 5206 esi

1965 5230 2106 5300 quod
2142 5231 2400 5300 templum
2446 5231 2516 5287 ab
2551 5233 2773 5289 ineunte
2819 5245 2978 5291 aetate
3025 5237 3306 5308 ingressus
3353 5239 3541 5306 ruerit,

1967 5339 2032 5377 ne
2058 5322 2301 5380 diceret:
2335 5324 2447 5395 Ego
2475 5341 2593 5380 sum
2626 5327 2870 5397 angelus,
2902 5343 2993 5386 aut
3026 5332 3220 5398 tirtus,
3253 5333 3402 5404 qnod
3434 5335 3540 5390 vidi

1965 5414 2321 5471 revelationes
2354 5417 2408 5471 iu
2442 5417 2663 5486 templo.
2710 5416 3014 5477 Praestabat
3059 5435 3241 5481 autem
3272 5426 3379 5483 boe
3420 5428 3538 5483 siu·

1965 5509 2105 5578 gulis
2140 5510 2321 5576 annis,
2362 5518 2419 5565 ut
2456 5511 2508 5567 is
2551 5526 2803 5571 nosceret
2834 5517 3140 5589 certiorque
3195 5520 3353 5578 fleret
3386 5520 3542 5589 cujus

2319 5720 2325 5726 ι
2382 5650 2431 5693 ι·
2465 5649 2634 5713 Exod.
2688 5669 2761 5725 tv,
2821 5656 2907 5715 to.
3038 5658 3286 5718 ⁸¹Judic.
3354 5677 3425 5727 tv.
3485 5660 3540 5717 8·

3247 5809 3350 5870 Ἑλ
