3725 6125
255 286 398 356 ¹333

1350 282 1410 339 S.
1450 281 1651 340 lSAlAE
1686 280 1976 338 ABBATlS
2012 280 2423 345 onA'rtONEs.

3394 290 3534 348 {titt

253 416 379 461 sunt
405 403 541 465 luce,
572 397 619 456 si
677 405 801 455 eum
852 397 958 454 illis
998 399 1349 454 conserantur
1376 401 1429 455 in
1458 415 1577 467 quae
1617 411 1834 471 propter
1864 404 1911 459 Α
1957 400 2340 472 obstinateque
2371 402 2648 457 contendit
2688 402 2769 457 sic
2806 402 2892 457 illa
2930 417 3053 460 esse
3084 403 3452 474 intelligenda,
3488 406 3536 461 is

256 506 481 567 peccata
512 501 728 556 nostra,
767 490 873 545 nisi
921 492 1342 561 resipuerimus,
1374 493 1708 549 incidemus?
1745 493 1837 546 Di-

254 589 404 660 ligite
440 587 588 640 iuter
610 598 709 637 vos
739 590 962 652 propter
995 582 1183 636 Deum.
1227 582 1284 638 Si
1338 584 1453 638 baec
1501 586 1552 638 in
1580 584 1838 654 simplici-

258 688 365 732 tate
389 671 766 735 servaveritis,
793 687 914 724 eum
933 673 1130 740 gaudio
1158 673 1482 739 pervenietis
1498 673 1563 728 ad
1592 674 1830 743 requiem

263 771 384 827 Filii
411 768 542 824 Dei:
574 764 659 822 sin
692 765 761 819 ab
787 763 870 817 bis
900 764 1237 818 recesseritis
1258 801 1275 826 ‚
1327 763 1527 820 frustra
1568 766 1654 821 bic
1697 765 1837 820 labn-

258 861 487 926 tantun
545 867 599 914 et
636 871 761 913 cuin
790 869 823 908 e
853 868 1079 922 corpore
1133 854 1370 921 exibitis,
1419 856 1486 910 ad
1512 856 1832 927 supplicium

258 964 537 1015 mternum,
578 957 636 1003 ιιι
692 946 994 1014 Scripturas
1047 956 1314 1001 testantur
1341 986 1356 1013 ,
1403 936 1710 1015 rapienii'ni.
1748 948 1829 1003 Ob

260 1047 371 1099 lucc
393 1042 532 1098 enim
566 1055 691 1112 qnae
744 1039 1315 1102 commemoravimus,
1372 1039 1518 1092 venit
1573 1038 1833 1093 Dominus

253 1148 433 1191 noster
456 1133 619 1189 lesus
640 1132 914 1187 Christus.
958 1129 1155 1184 Verum
1201 1130 1384 1185 cordis
1431 1132 1601 1185 nostri
1637 1132 1831 1185 duritia

247 1244 345 1284 nos
367 1235 654 1291 excaecat,
700 1225 826 1295 quia
885 1231 1088 1278 nostrae
1141 1222 1496 1292 obsequimur
1542 1222 1829 1285 voluntati,

242 1335 482 1389 eamque
509 1317 876 1389 praeponimus
902 1316 1002 1386 ipsi
1027 1313 1160 1371 Deo.
1190 1313 1376 1383 Neque
1402 1315 1545 1370 enim
1570 1330 1692 1369 eum
1719 1315 1833 1368 dili·

239 1411 449 1481 gimus,
481 1408 575 1464 sed
603 1416 816 1462 nostras
839 1404 1166 1474 voluptateS.
1196 1403 1258 1457 Et
1287 1404 1401 1459 baee
1435 1403 1586 1458 vobis
1612 1412 1832 1459 coactus

246 1518 373 1556 sum
399 1501 658 1563 scribere,
680 1498 804 1568 quia
833 1497 1016 1567 priora
1047 1512 1154 1551 non
1182 1495 1401 1551 suerunt
1431 1500 1583 1550 satis.
1616 1494 1832 1565 Diligite

245 1595 420 1663 <igitur
443 1593 584 1648 inter
611 1606 727 1655 vos,
762 1600 818 1646 et
843 1591 1013 1646 nolite
1068 1590 1122 1644 in
1157 1589 1412 1644 cordibus
1440 1588 1639 1643 vestris
1670 1587 1832 1640 incir-

1945 491 2170 561 gl‹.riam
2207 493 2298 547 Dei
2324 501 2380 547 et
2405 493 2624 549 divitias
2669 490 2783 560 ejus
2832 495 3063 563 ignorat.
3109 494 3216 563 Qui
3258 505 3436 553 autem
3467 513 3531 553 ea

1958 583 2035 635 sie
2071 582 2307 652 inspicit,
2345 594 2402 636 ut
2438 584 2613 637 dicat:
2641 582 2754 639 Non
2786 584 2932 648 novi,
2974 587 3140 641 bomo
3189 588 3334 640 enim
3366 601 3529 651 eumz

1958 681 2012 725 ct
2035 672 2127 726 dut
2162 673 2388 741 gloriam
2419 672 2548 739 Deo,
2601 674 2655 727 in
2689 688 2754 727 co
2809 673 2900 727 Dei
2931 674 3138 732 divitiae
3193 674 3530 732 inhabitant.

1944 763 2311 833 Cogitationes
2342 774 2460 820 tuas
2516 764 2624 820 noli
2681 765 3015 834 quibuslibet
3043 766 3279 836 aperire,
3309 769 3405 822 sed
3435 782 3533 835 pa·

1948 857 2124 908 tribus
2153 863 2364 910 tantum
2403 857 2529 920 tuis,
2557 872 2623 911 ne
2651 856 2930 912 tristitiam
2958 859 3258 913 contrahas
3281 859 3336 913 in
3360 859 3530 914 corde

1947 952 2053 997 tuo.
2094 945 2169 999 Os
2194 955 2342 998 tunm
2372 947 2605 1012 custodi,
2639 955 2696 1000 ut
2742 948 3021 1018 proximus
3073 957 3196 1002 tuns
3228 947 3284 1002 in
3319 948 3528 1005 bonore

1943 1035 2016 1090 sit
2045 1038 2183 1105 apud
2219 1045 2291 1089 te.
2323 1036 2486 1091 Erndi
2518 1038 2755 1108 linguam
2781 1048 2927 1093 tuam
2957 1039 3010 1094 ιιι
3046 1040 3524 1108 Deisermonibus,

1941 1135 1998 1180 et
2026 1126 2367 1179 mendacium
2397 1126 2567 1196 fugiet
2599 1145 2627 1180 a
2661 1140 2731 1184 te.
2772 1129 3031 1183 liumanae
3052 1130 3238 1198 gluriae
3257 1132 3527 1199 cupiditas

1941 1217 2286 1271 mendacium
2316 1220 2480 1288 parit.
2515 1220 2587 1276 At
2614 1221 2937 1276 humilitatis
2959 1222 3199 1277 studium
3231 1222 3326 1279 Dei
3363 1225 3529 1280 titno-

1942 1322 2054 1361 rem
2093 1309 2146 1362 in
2173 1310 2336 1363 corde
2371 1311 2632 1380 majorem
2666 1310 2850 1366 efficit.
2881 1310 3082 1366 Eorum
3113 1314 3206 1381 qni
3237 1314 3293 1370 in
3323 1316 3526 1372 mundo

1941 1397 2112 1466 gloria
2152 1408 2280 1454 sunt
2316 1399 2581 1468 insignes,
2611 1402 2909 1456 amicitiam
2959 1402 3065 1458 noli
3112 1411 3520 1475 concupiscere.

1947 1501 2013 1540 ne
2043 1485 2135 1540 Dei
2187 1487 2419 1555 gloriam
2484 1491 2803 1560 exstinguas
2856 1490 2912 1545 ιιι
2946 1496 3112 1549 eorde
3147 1503 3259 1550 tuo.
3315 1493 3376 1549 st
3401 1496 3523 1565 quis

1942 1578 2176 1633 detrabit
2217 1580 2370 1635 fratri
2385 1595 2527 1664 Rsuo,
2559 1593 2615 1636 et
2654 1598 2776 1637 cum
2825 1584 3230 1650 calumniatur,
3264 1596 3320 1642 et
3351 1587 3516 1643 mali-

248 1682 512 1738 cnnicisis
533 1694 876 1750 permanere.
903 1679 1167 1735 pauculos
1197 1680 1330 1734 istos
1357 1680 1481 1734 vitae
1514 1678 1628 1731 dies
1681 1686 1826 1733 recte
1899 1737 1924 1758 0
1944 1669 2070 1724 tiam
2104 1672 2361 1735 ostendit,
2396 1673 2445 1727 ei
2475 1688 2542 1728 ne
2577 1673 2878 1742 patefacias
2905 1690 3066 1733 aures
3097 1686 3238 1747 tuas,
3268 1693 3335 1734 ne
3365 1689 3420 1737 ts
3450 1693 3519 1736 ea

250 1774 538 1843 transigite
558 1787 679 1828 eunt
710 1771 1037 1839 huudlitate,
1064 1783 1118 1829 et
1143 1788 1296 1842 pace.
1325 1780 1379 1825 et
1398 1771 1676 1843 patientia,
1700 1786 1827 1840 pro·
1870 1758 1911 1815 Β
1945 1778 2066 1831 (1¹¹ae
2103 1763 2261 1830 ιιοΙιε,
2293 1765 2779 1834 comprehendant.

248 1867 429 1935 priam
452 1874 788 1935 amputantes
815 1865 1147 1920 voluntatem
1198 1867 1251 1920 ιιι
1282 1866 1568 1919 charitate.
1602 1863 1752 1931 Quod
1784 1864 1832 1919 si

258 1961 374 2013 llaec
410 1971 514 2012 non
538 1956 861 2021 observatis,
890 1957 986 2012 sed
1024 1965 1110 2012 est
1157 1958 1298 2011 inter
1326 1972 1422 2011 vos
1461 1955 1631 2021 zelnS,
1661 1966 1713 2009 et
1744 1955 1829 2020 lis,

256 2058 313 2103 et
346 2047 641 2114 contentio,
668 2056 728 2104 et
753 2046 1033 2116 superbia,
1057 2056 1111 2101 et
1142 2046 1466 2118 indignatio,
1488 2055 1544 2101 et
1573 2046 1831 2114 suspicio,

252 2149 312 2193 et
341 2138 741 2206 inobedientia3
795 2138 939 2195 male
989 2147 1204 2210 tempus
1246 2139 1592 2205 consumitis,
1629 2147 1683 2192 et
1716 2138 1833 2193 sine

254 2232 421 2287 dubio
447 2231 499 2287 in
525 2243 727 2288 :eterna
784 2232 1073 2302 supplicia,
1118 2248 1243 2286 cnm
1277 2233 1409 2288 ltine
1444 2230 1829 2293 discesseritis,

248 2324 562 2381 incurretis.
592 2323 803 2395 Diligite
862 2324 1032 2393 igitur
1074 2323 1274 2379 fratres
1329 2331 1544 2381 vestros
1571 2322 1623 2376 in
1653 2322 1834 2376 cbari-

252 2427 363 2471 tate
391 2425 603 2480 sancta,
642 2422 699 2469 et
748 2413 987 2485 linguatu
1048 2424 1286 2469 vestram
1317 2413 1611 2476 custodite,
1647 2429 1713 2467 ne
1744 2420 1828 2466 te·

247 2521 399 2562 iniere
422 2509 583 2562 verba
614 2506 946 2577 pronuntiet,
976 2504 1176 2575 quibus
1197 2519 1297 2559 nos
1322 2502 1832 2558 offendatis.Potcst

236 2611 423 2655 autem
454 2598 716 2655 Dominus
742 2605 889 2656 Deus
911 2606 1104 2654 noster
1127 2598 1360 2668 gratiam
1395 2596 1554 2652 nobis
1587 2594 1829 2664 elargiri,

237 2708 305 2748 ιιι
333 2694 471 2752 bona
506 2708 671 2763 opera
701 2691 967 2748 facientes
1010 2690 1449 2746 misericordiam
1480 2689 1600 2759 ejus
1634 2702 1830 2743 eonse-

238 2799 481 2855 quamur
523 2799 648 2841 cum
706 2781 959 2839 omnibus
995 2782 1205 2839 sanclis
1256 2782 1348 2852 qui
1377 2784 1424 2836 ei
1461 2781 1820 2849 placuerunt:

242 2875 511 2947 quoidam
537 2874 707 2944 ipsius
734 2881 824 2929 est
850 2872 1041 2944 gloria,
1076 2881 1133 2928 et
1175 2873 1371 2937 bonor,
1401 2871 1652 2929 adoratio
1682 2887 1828 2929 nunc

238 2981 305 3023 et
339 2980 573 3037 semper,
594 2975 650 3021 et
676 2964 729 3022 in
766 2963 959 3022 saecula
982 2962 1328 3021 saeculorum.
1353 2962 1548 3018 Amen.

846 3108 1108 3179 onfflo
1133 3112 1236 3179 vt.

235 3252 360 3322 Οιιί
388 3256 651 3309 honestant
676 3253 904 3324 quietem
947 3251 1191 3321 amplecti·
1235 3251 1436 3316 velunt,
1463 3268 1549 3307 eos
1577 3268 1689 3309 ene
1730 3268 1829 3309 eu-

318 3325 483 3380 riosos
507 3340 612 3378 non
650 3332 909 3388 oportere,
934 3337 1098 3387 neque
1117 3324 1305 3395 ontjssa
1336 3334 1668 3391 peccatorum
1698 3342 1828 3378 sito·

309 3412 430 3449 rum
473 3393 943 3457 consideratione,
993 3388 1291 3461 temp-'siut
1355 3394 1508 3447 rebus
1548 3390 1824 3450 inutilibus

212 3504 217 3511 .
318 3477 658 3519 consumere.
1000 3482 1007 3489 ·

318 3598 367 3649 1.
410 3593 668 3660 Quicum
700 3590 1012 3648 curiositate
1052 3603 1323 3652 scrutatur
1353 3597 1686 3670 Scripturas,
1726 3600 1830 3656 ini·

248 3687 496 3743 micitias
527 3684 735 3740 invenit
761 3692 817 3741 et
842 3685 1236 3744 contentionem
1268 3706 1285 3757 ;
1318 3695 1487 3761 atqui
1530 3692 1674 3764 luget
1705 3709 1828 3765 pec-

255 3790 387 3835 cata
410 3794 532 3846 sua,
564 3792 751 3847 pacem
782 3777 982 3847 reperit
1016 3786 1071 3834 et
1122 3783 1598 3851 tranquillitatem.
1640 3785 1830 3840 Mona·

246 3875 395 3928 clins
424 3872 514 3941 qui
550 3870 744 3927 residet
780 3871 834 3925 iu
862 3869 997 3926 cella
1016 3885 1139 3938 sua,
1163 3880 1241 3938 et,
1269 3877 1581 3944 posthabita
1629 3891 1829 3946 pecca·

252 3975 441 4019 torum
505 3976 727 4017 suorum
786 3942 1220 4019 considErationc
1244 4002 1261 4030 ,
1321 3966 1570 4022 curiosus
1622 3977 1707 4022 est
1774 3967 1827 4023 in

249 4046 550 4109 scrutanda
578 4048 882 4122 Scriptura,
933 4054 991 4108 in
1039 4068 1231 4109 errore
1257 4071 1530 4112 versatur.
1573 4057 1828 4126 Quisquis

244 4152 543 4216 aitthuatn
570 4157 632 4200 se
658 4143 832 4213 ipsum
858 4144 1160 4214 possideat,
1205 4149 1619 4217 quaestinnculis
1651 4160 1826 4216 vacat,

240 4236 395 4309 quoti
416 4237 499 4292 sie
528 4235 714 4291 autsic
733 4234 981 4307 loquatur
1034 4233 1347 4306 Scriptura,
1402 4241 1448 4295 is
1490 4240 1824 4294 curiositatis

240 4324 386 4381 vitio
417 4325 647 4381 laborat.
680 4324 780 4394 Qui
808 4335 991 4382 autem
1032 4326 1241 4397 vigilat,
1290 4345 1358 4383 ne
1400 4347 1430 4385 a
1467 4330 1705 4400 peccatis
1729 4345 1823 4385 cn-

2007 1853 2072 1908 lt.
2118 1854 2454 1924 Simplicitas
2482 1865 2535 1911 et
2566 1857 2788 1912 humilis
2816 1857 2885 1913 de
2917 1871 2979 1914 se
3004 1861 3190 1927 opinio
3233 1876 3332 1918 eor
3375 1861 3521 1918 inte·

1939 1962 2095 2016 grum
2143 1957 2195 2001 et
2249 1963 2443 2017 purum
2514 1964 2543 2003 a
2586 1950 2729 2007 malo
2780 1963 3094 2007 conservat.
3147 1952 3252 2022 Qui
3328 1954 3519 2010 callide

1943 2036 2183 2090 ambulat
2214 2052 2333 2091 cnm
2367 2036 2538 2095 fratre
2563 2056 2662 2095 suo
2683 2077 2701 2107 ,
2736 2043 2903 2097 aniini
2940 2044 3222 2100 tristitiam
3256 2061 3364 2102 non
3391 2045 3521 2102 effu·

1937 2126 2065 2196 giet.
2104 2125 2202 2194 Qui
2237 2144 2399 2182 unum
2437 2129 2492 2185 in
2520 2132 2708 2198 corde,
2744 2131 2887 2188 aliud
2925 2134 2978 2189 in
3001 2134 3176 2206 lingna
3209 2137 3517 2207 promptum

1938 2219 2119 2284 babet,
2162 2221 2430 2275 sacrificia
2485 2224 2603 2293 ejus
2645 2235 2773 2280 sunt
2827 2241 2987 2284 vatia.
3057 2229 3192 2285 Cum
3250 2230 3515 2301 ejusmodi

1940 2309 2251 2363 bominibus
2292 2311 2400 2365 noli
2450 2313 2684 2379 versari,
2744 2329 2812 2369 ne
2841 2330 3052 2371 veneno
3113 2318 3352 2387 ipsorum
3378 2335 3511 2376 con·

1936 2414 2214 2470 spergat-e.
2243 2399 2375 2455 Cum
2409 2401 2591 2470 probis
2613 2411 2672 2456 et
2700 2404 2906 2459 sanctis
2933 2405 3247 2462 bominibus
3273 2406 3511 2472 ambula,

1936 2501 2209 2545 uteorum
2261 2492 2553 2560 probitatis
2601 2501 2657 2549 et
2705 2495 3012 2552 sanctitatis
3059 2498 3332 2568 particeps
3385 2499 3512 2554 lias.

1934 2580 2130 2638 Odium
2157 2582 2212 2637 in
2241 2583 2425 2637 animo
2450 2598 2636 2640 serves
2653 2585 2912 2641 adversus
2937 2588 3245 2655 neminem,
3267 2588 3511 2658 alioquin

1934 2673 2146 2730 labores
2175 2685 2293 2730 tuos
2355 2675 2542 2731 irritos
2607 2675 2907 2747 inanesque
2959 2681 3184 2735 reddes.
3218 2681 3327 2737 Cor
3353 2691 3512 2738 tuum

1932 2781 2061 2836 erga
2096 2781 2290 2823 omnes
2315 2760 2678 2840 sit'integruin
2717 2780 2884 2841 atque
2937 2771 3289 2840 benevolum,
3331 2782 3390 2828 ut
3417 2771 3515 2831 oei

1933 2873 2122 2928 pacem
2149 2861 2204 2915 in
2237 2868 2291 2915 te
2324 2860 2588 2931 reperias.
2648 2860 3115 2929 Quemadmodum
3157 2867 3309 2922 virus
3347 2865 3402 2922 in
3431 2875 3515 2922 te-

1935 2961 2048 3006 tum
2082 2951 2227 3007 illius
2242 2967 2441 3023 corpus
2475 2951 2816 3022 diffunditur,
2844 2956 2936 3025 qui
2966 2970 3179 3011 morsus
3201 2967 3290 3011 est
3314 2971 3515 3014 aeeon·

1936 3044 2122 3115 pinne,
2152 3053 2209 3100 et
2241 3046 2308 3101 ad
2340 3060 2436 3102 eor
2463 3063 2637 3115 usque
2669 3048 2994 3120 pertransit3
3033 3049 3113 3104 sic
3140 3063 3300 3120 quern
3323 3047 3511 3107 odium

1935 3146 2186 3208 occupat,
2216 3152 2429 3193 veneno
2468 3138 2833 3209 perfunditur,
2864 3149 2916 3196 et
2947 3140 3161 3196 animus
3203 3141 3326 3213 ejus
3355 3142 3424 3199 ab
3443 3158 3512 3200 eo

1938 3229 2273 3284 vulneratur.
2322 3229 2582 3301 Quisquis
2644 3232 2812 3302 igitur
2864 3235 3067 3299 studet,
3113 3247 3179 3288 ne
3209 3233 3424 3292 labores
3453 3247 3512 3291 et

1932 3336 2094 3389 opera
2139 3335 2239 3375 sua
2295 3320 2549 3379 celeriter
2591 3334 2842 3392 pereant,
2894 3323 2950 3378 in
3004 3326 3351 3395 scorpionem
3383 3344 3415 3383 a
3449 3341 3513 3385 se

1932 3410 2373 3480 proculnvertet,
2424 3413 2477 3467 id
2518 3420 2604 3468 est
2652 3414 2831 3468 odium
2882 3424 3047 3484 atque
3084 3416 3505 3486 improbitatem.

1931 3506 1974 3557 A
2007 3518 2112 3573 qua
2143 3504 2361 3573 quidem
2393 3515 2545 3572 peste
2576 3502 2770 3558 liberet
2799 3518 2898 3558 nos
2961 3506 3268 3576 benignitas
3297 3506 3509 3565 Dotttini

1932 3596 2103 3648 nostri
2130 3591 2255 3649 Jesu
2284 3593 2510 3658 Christi,
2535 3593 2691 3662 cujus
2739 3604 2824 3650 est
2879 3594 3142 3666 gloriaaet
3174 3598 3419 3656 adoratio
3453 3599 3508 3655 in

1932 3685 2127 3743 saecula
2160 3685 2501 3741 saeculorum.
2541 3683 2733 3739 Amen.

2452 3835 2722 3894 onA‘rt
2747 3839 2788 3892 o
2843 3806 2987 3895 ἰιι

2512 3999 2587 4055 De
2621 4001 2923 4073 uirtutibus.

2006 4155 2048 4212 1.
2086 4155 2227 4211 Tres
2253 4164 2380 4212 sunt
2411 4156 2639 4227 virtutes
2670 4155 2748 4229 (2)
2775 4171 2896 4227 qnae
2926 4160 3091 4214 menti
3141 4174 3359 4231 semper
3379 4178 3507 4232 pro·

1930 4247 2188 4318 spiciunt,
2213 4249 2373 4318 eique
2401 4258 2527 4304 sunt
2553 4252 2903 4306 necessariae:
2940 4249 3176 4320 impetus
3199 4256 3503 4312 seeundum

1933 4350 2211 4406 naturam,
2234 4351 2288 4396 et
2335 4341 2618 4408 fortitudo,
2653 4349 2708 4397 et
2744 4342 3048 4411 diligentia.
3078 4341 3213 4399 Tres
3239 4354 3368 4415 sunt
3396 4348 3506 4402 vir·

236 4420 456 4489 piatur,
498 4416 547 4473 is
574 4430 633 4473 se
656 4417 951 4487 supplicem
971 4396 1188 4474 assidue
1212 4420 1500 4491 projicitin
1529 4430 1822 4492 conspectu
1858 4453 1903 4511 D
1936 4441 2099 4498 tutes,
2133 4447 2267 4502 quas
2306 4433 2351 4488 si
2404 4448 2558 4489 mens
2589 4449 2773 4490 secum
2814 4435 3033 4499 viderit,
3067 4451 3126 4492 se
3158 4438 3403 4507 proxime
3433 4440 3504 4495 ad

140 4486 145 4581 ,Ι
238 4511 369 4567 Dei.
403 4508 508 4576 Qui
558 4507 964 4565 similitudinem
1005 4510 1061 4564 in
1116 4509 1230 4565 Deo
1282 4513 1495 4581 quaerit,
1552 4513 1826 4566 maledicit

230 4603 380 4659 neo.
433 4600 537 4668 Qui
586 4599 750 4655 Deum
789 4601 1036 4656 venerari
1093 4604 1297 4668 studet,
1354 4603 1406 4657 in
1460 4603 1652 4659 timore
1709 4604 1825 4674 ejus

224 4694 590 4751 satietitatem
617 4691 983 4762 amplectitur.
1035 4691 1138 4760 Qui
1170 4693 1264 4748 Dei
1307 4696 1472 4749 verba
1506 4695 1745 4751 custodit
1771 4705 1827 4749 et

228 4792 449 4849 servat,
474 4782 526 4837 is
550 4781 720 4839 Deum
750 4786 1055 4856 cognoscit.
1083 4784 1214 4852 Quae
1246 4786 1339 4841 Dei
1389 4785 1643 4861 sublimia
1698 4795 1826 4841 sunt

234 4888 313 4933 ne
336 4874 636 4945 quaesieras,
659 4877 788 4932 dum
826 4880 948 4948 ejus
975 4877 1233 4931 auxilium
1261 4877 1541 4946 imploras,
1566 4888 1624 4931 ut
1644 4878 1825 4934 veniat

222 4948 299 5023 ’et
326 4975 505 5022 servet
534 4976 589 5022 te
619 4982 649 5021 a
684 4977 933 5038 peccato.
967 4968 1061 5044 Dei
1111 4984 1335 5023 munera
1362 4977 1554 5038 sponte
1577 4967 1819 5033 veniunt,

1936 4523 2245 4579 felicitatem
2280 4524 2455 4579 credit
2509 4527 2847 4583 accessisse:
2889 4543 3052 4582 unum
3083 4528 3152 4584 ab
3175 4529 3284 4585 alio
3309 4531 3506 4586 ‹liscet-

1936 4629 2087 4681 nere,
2118 4616 2298 4670 omnia
2355 4624 2484 4670 ante
2549 4626 2759 4686 tempus
2791 4619 3114 4687 praevidere,
3144 4628 3202 4675 et
3227 4619 3389 4675 nullis
3417 4634 3513 4677 ex-

1933 4708 2102 4759 ternis
2157 4706 2320 4761 rebus
2363 4708 2718 4762 commoveri.
2754 4706 2889 4764 Tres
2934 4719 3061 4764 sunt
3107 4709 3356 4778 virtutes,
3385 4726 3545 4781 qua».

1931 4797 2098 4851 menti
2134 4797 2311 4853 lucem
2339 4798 2583 4869 praebent
2616 4800 2866 4858 assidue:
2895 4818 2999 4857 non
3033 4817 3189 4859 nosse
3211 4803 3504 4873 cujuscun-
3539 4786 3546 4820 ²

1926 4903 2034 4958 que
2060 4889 2297 4946 bominis
2327 4891 2613 4960 malitiam,
2674 4901 2729 4947 et
2774 4893 3095 4950 benefacere
3140 4895 3209 4951 iis
3247 4913 3277 4950 a
3305 4898 3504 4966 quibus

1927 4977 2102 5034 affecti
2129 4995 2317 5035 sumus
2339 4980 2557 5049 injuria,
2587 4991 2644 5037 et
2696 4983 2840 5040 serre
2872 4999 3208 5055 quacunque
3246 4986 3502 5041 accidunt

139 5034 169 5149 ¹3
228 5056 285 5113 ti
326 5056 507 5113 locunt
553 5073 748 5128 purum
798 5050 1117 5131 castnn'tque
1166 5061 1486 5130 repererint.
1537 5056 1640 5128 Qui
1694 5074 1820 5129 prce

228 5151 365 5223 pria
396 5150 595 5206 nititur
617 5153 949 5223 cognitione,
1001 5163 1058 5208 et
1111 5170 1262 5210 suain
1299 5154 1544 5224 seqnitur
1572 5153 1826 5209 volunta·

224 5253 375 5310 tem,
416 5241 466 5298 is
501 5245 556 5299 in
585 5259 646 5300 se
676 5244 822 5302 fovet
848 5244 1179 5313 inimicitias,
1211 5256 1267 5302 et
1289 5247 1358 5301 ab
1398 5262 1464 5302 eo
1485 5249 1678 5316 spiritu
1704 5261 1825 5303 esse

218 5350 347 5393 non
383 5344 583 5404 potest,
615 5339 707 5406 qui
756 5338 938 5392 cordis
978 5341 1120 5407 parit
1169 5341 1661 5410 eonipunctionem.
1722 5340 1823 5408 Qui

214 5426 395 5483 videt
429 5427 596 5484 verba
628 5429 945 5500 Scripturae,
975 5440 1031 5486 et
1060 5442 1241 5489 servat
1267 5446 1333 5487 ea
1394 5434 1614 5504 proprio
1663 5447 1823 5490 sensu

1930 5071 2048 5125 sine
2078 5072 2503 5141 perturbatione.
2534 5074 2625 5130 llae
2658 5085 2773 5132 tres
2798 5077 3061 5143 virtutes,
3110 5085 3223 5133 tres
3250 5077 3389 5134 alias
3416 5092 3511 5146 pa-

140 5292 171 5339 Ι

140 5384 177 5433 Ι

1931 5256 2083 5319 tintn,
2110 5255 2536 5312 benevolentiam
2553 5258 2727 5328 gignit
2748 5278 2764 5325 ;
2786 5261 3111 5316 benefacere
3129 5258 3282 5317 illisa
3307 5261 3500 5330 quibus

1931 5347 2196 5401 allicimur
2224 5347 2442 5418 injuria,
2469 5360 2931 5420 paceztigenera13
2981 5350 3126 5408 serre
3148 5351 3267 5408 sine
3296 5362 3496 5422 pertur-

1934 5438 2149 5494 batione
2168 5453 2503 5509 quaecunque
2541 5441 2818 5511 accidunt,
2831 5445 2982 5514 parit
3003 5443 3500 5499 mansuetudinem.

252 5632 259 5637 ·
310 5606 564 5691 (ξιΐιτε
590 5620 713 5666 sune
768 5613 981 5669 uirtutes
1014 5645 1086 5658 —-
1120 5614 1419 5674 ΙιιιιιιιΙιιαε.
1455 5616 1704 5673 Graecnrn
1759 5617 1862 5675 toci
1924 5620 2082 5691 liujus
2133 5630 2337 5682 textum
2379 5625 2547 5686 habes
2601 5629 2741 5689 inira
2798 5631 2939 5688 inter
2971 5630 3222 5702 Capitale
3262 5627 3504 5700 eiusdem

222 5680 461 5739 timaus
500 5680 651 5738 lsaiae
687 5698 716 5737 a
746 5682 971 5742 Possint)
996 5687 1269 5758 evu!gata,
1298 5688 1508 5745 scilicet
1543 5702 1664 5759 cap.
1706 5687 1811 5742 l-t.

139 5732 191 5793 d

1934 5164 2080 5219 riunt
2112 5180 2170 5219 se
2202 5165 2335 5234 ipsis
2371 5166 2648 5236 majores:
2700 5183 2809 5224 non
2860 5184 3018 5225 nosse
3067 5169 3302 5224 bominis
3347 5171 3498 5222 moli-
3599 5232 3605 5238 ,
