3725 6125
989 274 1046 330 S.
1088 273 1369 331 Amoxu
1416 275 1486 331 tt.
1528 274 1822 333 Asnaus
1861 276 2248 336 EPiSToLAE.

3125 280 3266 338 {018

191 403 235 444 is
257 401 368 443 non
400 386 523 442 est?
552 384 763 443 Etenim
798 401 898 442 nec
932 389 1260 458 patriarcnae
1282 406 1382 463 pro
1419 391 1578 468 nobis
1606 396 1652 451 Δ
1682 392 1905 452 dantiae.
1932 392 2069 451 Nam
2097 396 2412 466 quicunque
2432 396 2542 451 Deo
2566 394 2898 460 inservierit,
2926 393 3183 465 illumque
3204 397 3271 451 de

192 483 257 538 iti
283 490 437 549 suut,
482 494 584 536 nee
617 481 931 538 sacerdotes
963 498 1064 540 uos
1110 483 1437 552 docuerunt,
1471 504 1573 545 uec

216 584 273 631 et
298 588 460 645 reges
482 587 582 644 pro
608 571 764 629 uobis
795 574 1152 632 decertarunt
1203 594 1304 633 nec
1338 579 1572 650 apostoli

191 667 276 723 bis
310 665 754 739 persecutionem
785 666 933 736 passi
962 678 1112 736 suut,
1155 666 1250 723 sed
1276 667 1452 725 Filius
1482 667 1574 724 di-

211 757 472 824 Verbum,
502 772 607 829 pro
655 758 812 815 nobis
868 760 1124 816 omnibus
1184 768 1430 816 mortuus
1467 769 1573 817 est.

192 852 365 909 ›brem
395 849 540 906 omni
584 847 822 920 puritate
861 863 962 906 nos
997 852 1180 922 parari
1207 859 1447 922 oportet,
1478 864 1575 907 ea-

194 960 226 1001 e
256 943 570 1001 ordinantes
607 944 883 1014 proposita
919 952 974 999 et
1001 958 1195 1000 seusus
1243 951 1462 1001 nostros
1490 944 1576 998 in·-

190 1052 300 1093 mm
329 1045 384 1092 et
411 1033 613 1090 malum
651 1034 972 1102 variabiles;
1011 1051 1136 1091 cum
1169 1051 1394 1092 necesse
1445 1050 1579 1106 quo-

192 1171 213 1196 .,
243 1144 348 1188 nos
387 1127 668 1185 immutari
714 1137 768 1185 et
797 1144 1094 1186 occurrere
1132 1128 1359 1185 Domino
1392 1137 1580 1184 nostro

192 1221 394 1285 bristo,
424 1221 515 1293 qui
550 1220 774 1277 veniens
798 1221 864 1276 ad
904 1238 1004 1277 nos
1031 1222 1144 1278 suis
1173 1220 1431 1277 omuibus
1459 1218 1579 1274 dis-

191 1315 433 1382 ionibns,
479 1328 583 1371 nos
626 1313 918 1376 liberavit,
956 1323 1011 1369 et
1046 1314 1098 1368 iu
1130 1301 1384 1369 omnibus
1424 1309 1583 1367 nobis

191 1406 339 1462 latus
376 1413 461 1463 est
503 1414 699 1475 praeter
751 1415 1034 1477 peecatum
1065 1405 1132 1458 δ’.
1164 1404 1319 1472 Quod
1360 1401 1582 1475 quidem

191 1512 278 1554 >us
301 1496 402 1552 init
429 1496 483 1552 in
513 1495 847 1563 scandalum,
881 1497 1007 1552 aliis
1032 1511 1164 1553 vero
1194 1496 1248 1551 in
1273 1495 1582 1563 utilitatem,

191 1604 220 1643 n
266 1587 587 1660 sapientiam
616 1595 672 1644 et
718 1588 1116 1656 tortitudinem,
1152 1587 1277 1643 aliis
1312 1588 1366 1643 in
1403 1603 1588 1644 resur·

190 1692 296 1735 iem
347 1687 404 1735 et
440 1679 628 1735 vitam.
661 1678 869 1753 ltaque,
917 1680 1064 1736 lilioli
1103 1680 1232 1745 mei,
1263 1689 1449 1735 notum
1486 1682 1588 1737 boc

1685 491 1801 539 toto
1831 484 1995 540 eorde
2017 484 2317 555 quatsierit,
2345 485 2399 540 id
2438 498 2572 540 sane
2596 483 2728 540 facit
2749 499 2848 540 sua
2881 483 3116 541 naturali
3141 484 3270 540 sub·

1683 578 1907 631 stantia.
1952 576 2010 633 Si
2050 590 2232 633 autem
2264 576 2663 648 perpetraverit
2709 587 2991 647 peccatum
3025 575 3267 648 aliquod,

1685 670 2116 738 reprehensione
2148 685 2380 742 poenave
2401 671 2599 742 dignus
2627 671 2754 736 erit,
2789 686 2912 727 cum
2947 671 3002 727 id
3028 671 3269 727 alienum

1684 761 1759 815 sit
1789 776 1818 816 a
1849 761 2078 817 naturali
2121 763 2447 820 substantia.
2483 760 2673 834 ltaque
2713 764 2819 819 boc
2861 764 3197 831 cognoscite,
3218 771 3274 821 et

1684 852 1883 909 scitote
1909 868 1996 909 me
2035 854 2167 909 nihil
2212 854 2390 911 celare
2421 870 2542 919 vos,
2574 864 2669 910 aut
2702 856 2997 927 quidquam
3042 857 3275 917 abscon-

1686 945 1816 1000 dere
1841 960 1874 1001 a
1901 946 2057 1001 vobis
2091 946 2235 1018 quod
2260 946 2336 1002 ad
2360 956 2597 1003 vestram
2630 957 2841 1018 spectet
2867 947 3125 1004 salutem.
3155 946 3271 1003 No·

1688 1045 1802 1092 tum
1845 1048 2108 1108 praeterea
2154 1039 2309 1095 vobis
2350 1039 2739 1109 facio„corpus
2768 1049 3032 1111 perpetuo
3062 1039 3279 1111 spiritui

1688 1130 1988 1196 adversari,
2024 1139 2084 1185 ut
2129 1131 2209 1186 ait
2251 1129 2456 1188 Paulus
2510 1131 2883 1201 apostolus'&
2913 1131 3278 1199 Quamobrem

1688 1219 1778 1289 qui
1820 1218 2191 1289 religiositatis
2222 1220 2390 1276 vitam
2420 1221 2473 1276 in
2503 1219 2632 1280 lesu
2676 1221 2895 1279 Christo
2942 1222 3095 1294 sequi
3127 1221 3283 1293 cupi-

1691 1308 1782 1371 tis,
1814 1322 1913 1362 vos
1950 1317 2169 1379 oportet
2201 1307 2367 1380 longe
2412 1309 2687 1380 expellere
2726 1310 3041 1382 corporales
3080 1325 3283 1368 concu-

1691 1399 1991 1470 piscentias
2031 1402 2287 1471 precibus
2324 1402 2392 1458 ad
2446 1403 2737 1460 Dominum
2791 1412 3039 1460 nostrum
3095 1403 3281 1462 lesum

1692 1488 1969 1546 Christum
2009 1490 2165 1559 lusis»,
2194 1492 2287 1563 qui
2330 1508 2427 1548 sua
2470 1493 2845 1550 misericordia
2872 1504 2927 1551 et
2950 1493 3287 1568 benignitate

1693 1582 1969 1638 amovebit
2004 1598 2035 1637 a
2069 1584 2223 1640 vobis
2262 1594 2485 1641 cunctas
2540 1600 2815 1643 aerumnas
2848 1602 2913 1642 ac
2956 1586 3285 1643 tentationes

1696 1688 1817 1744 quae
1861 1690 1892 1728 a
1938 1689 2174 1746 corpore
2210 1684 2533 1747 emergunt3
2563 1677 2753 1746 quales
2775 1678 2921 1748 passi
2949 1688 3075 1734 sunt
3103 1686 3292 1750 patres

191 1771 285 1835 sit,
325 1770 475 1842 quod
521 1784 719 1842 nempe
748 1771 961 1828 Domini
1007 1771 1178 1826 nostri
1214 1770 1480 1825 adventus
1507 1769 1588 1825 fa·
1621 1753 1668 1813 Β
1700 1765 1877 1822 nostri
1913 1766 2173 1838 apostoli,
2218 1761 2309 1837 qui
2360 1783 2462 1824 sua
2505 1769 2778 1824 mediante
2822 1770 3088 1841 patientia
3114 1772 3288 1828 bostis

196 1872 219 1918 t
249 1862 359 1919 illis
386 1863 441 1917 in
463 1862 752 1933 judicium,
780 1869 836 1917 et
860 1863 914 1917 iu
944 1863 1114 1918 vitam
1149 1861 1289 1917 istis.
1317 1861 1386 1916 At
1415 1863 1482 1917 de
1506 1861 1589 1918 liis

192 1955 426 2010 eremias
458 1953 762 2023 propbeta:
799 1950 1016 2008 Venient
1067 1952 1203 2017 dies,
1237 1949 1368 2007 dicit
1401 1950 1585 2008 Domi·

191 2054 203 2100 t
232 2046 547 2101 constituam
570 2043 732 2115 leqem
769 2044 1010 2099 meantia
1039 2043 1339 2112 pectoribus
1363 2058 1566 2110 eorum,

191 2135 301 2192 bum
319 2134 468 2190 illam
490 2136 546 2188 in
571 2132 817 2187 cordibus
844 2149 1062 2200 eorum;
1085 2143 1132 2188 et
1166 2149 1255 2188 ero
1285 2134 1392 2188 illis
1412 2131 1573 2197 Deus,

191 2236 238 2281 ιιι
266 2226 394 2281 milii
435 2224 698 2298 populun
747 2233 797 2279 et
834 2208 1137 2279 tum'uemo
1172 2224 1376 2279 docebit
1423 2224 1589 2279 cicens

216 2333 375 2389 neque
403 2316 621 2389 fratrent
651 2333 828 2377 suum.
859 2317 1036 2371 diceus
1064 2332 1084 2370 .·
1113 2314 1380 2387 Cognosce
1407 2312 1590 2369 Domi-

201 2410 386 2466 etenim
421 2426 595 2465 omnes
640 2426 722 2464 me
747 2417 1059 2480 cognoscent
1086 2408 1342 2462 o-miuori
1374 2408 1442 2460 nd
1472 2422 1589 2460 ntu-

191 2544 197 2563 .
238 2511 289 2558 et
332 2518 498 2558 emam
541 2517 634 2557 eos
664 2517 699 2555 a
730 2500 956 2571 peccatis
1006 2516 1211 2567 eorum,
1241 2514 1334 2552 uec
1363 2497 1590 2567 amplius

191 2610 236 2650 tt·
284 2593 556 2651 recordari
618 2593 832 2647 illorum
886 2600 1220 2661 peccalorum
1243 2592 1311 2645 ⁸⁰.
1356 2590 1430 2644 De
1484 2589 1592 2645 illis

191 2688 471 2756 Apostolus
524 2685 652 2742 dicit
680 2699 694 2739 ε
722 2683 794 2739 Ut
857 2701 1009 2739 omine
1061 2700 1120 2739 os
1170 2682 1503 2748 obstruatur,
1538 2692 1593 2738 et

191 2790 268 2833 :ur
301 2780 470 2833 omnis
511 2779 733 2833 uniendus
780 2778 890 2831 Deo
910 2776 979 2831 ⁸¹.
1017 2775 1227 2847 Quippe
1272 2776 1365 2845 qui
1417 2775 1588 2831 Deum

193 2877 426 2933 verunt,
472 2881 570 2922 uec
613 2866 757 2922 illum
804 2875 863 2920 ut
906 2848 1078 2922 Deum
1122 2864 1489 2921 laudaverunt
1520 2866 1590 2921 ob

216 2959 576 3030 insipientiam
602 2974 720 3031 quae
742 2958 1072 3030 sapientiam
1100 2957 1193 3013 Dei
1219 2957 1473 3029 excipere
1506 2972 1594 3013 ue-

191 3051 266 3109 ira
299 3067 463 3123 super
491 3050 610 3108 illos
637 3051 954 3109 descendet.
986 3048 1135 3119 lam,
1165 3049 1317 3106 filioli
1347 3050 1475 3119 mci,
1518 3048 1598 3105 vi-

1690 1866 2036 1928 potestatem,
2057 1858 2693 1930 idololatriamyidelicet
2712 1860 3052 1916 debellarunt
3073 1881 3085 1916 :
3116 1874 3288 1933 quare

1693 1947 1959 2019 elargitus
1987 1957 2074 2004 est
2096 1949 2177 2004 eis
2208 1947 2471 2005 Dominus
2496 1950 2922 2008 consolationem
2945 1962 3001 2008 et
3030 1953 3287 2010 virtutem

1694 2040 1884 2096 dicens
1907 2040 2014 2096 illis
2047 2059 2061 2095 ε
2094 2038 2214 2094 Erit
2232 2040 2376 2096 vobis
2408 2057 2660 2111 pressura
2683 2046 2737 2099 iu
2771 2046 2966 2101 mundo
2986 2061 3005 2112 ,·
3032 2047 3125 2101 sed
3158 2063 3286 2102 eon·

1694 2131 1843 2199 fidite
1880 2148 1900 2186 .·
1925 2148 2018 2203 eqo
2042 2133 2180 2187 em'm
2210 2133 2309 2188 vici
2334 2134 2586 2187 muudum
2608 2132 2675 2190 ⁸⁸.
2706 2134 2854 2191 Dixit
2880 2136 2985 2191 illis
3032 2151 3287 2208 quoquet

1694 2219 1756 2276 Si
1783 2221 2064 2290 propbetas
2102 2224 2361 2292 persecuti
2388 2234 2533 2291 sunt,
2574 2233 2622 2279 et
2656 2240 2738 2279 me
2761 2235 2882 2279 suut
2930 2228 3211 2297 persecuti,
3236 2241 3289 2285 et

1696 2329 1785 2367 ros
1826 2323 2203 2385 persequentur
2225 2328 2245 2366 .·
2270 2324 2317 2368 et
2347 2315 2393 2368 si
2428 2316 2549 2370 odio
2579 2331 2660 2370 rue
2690 2314 3008 2383 habuerunt,
3042 2334 3131 2373 vos
3160 2336 3290 2390 quo-

1692 2421 1791 2477 que
1818 2404 1940 2459 odio
1973 2404 2267 2467 habebunt,-
2296 2403 2390 2459 sed
2421 2404 2685 2475 confidite,
2714 2415 2762 2461 et
2794 2407 2974 2462 scitote
3001 2405 3144 2477 quod
3194 2422 3286 2461 re·

1693 2508 1806 2552 stra
1830 2496 2085 2565 patientia
2116 2494 2324 2551 solvetis
2353 2499 2592 2553 virtutem
2624 2497 2787 2553 ltostis
2807 2497 2874 2553 ⁸⁸.
2909 2497 3018 2569 Ego
3051 2512 3290 2569 qnoque,

1694 2588 1846 2645 tilioli
1879 2587 2293 2654 meibeuedicti‚
2322 2590 2480 2658 cupio
2505 2598 2563 2645 nt
2588 2590 2774 2645 sciatis
2795 2592 2934 2645 bunc
2952 2605 3291 2659 sermonem,

1698 2696 1801 2736 nec
1847 2694 1955 2735 non
1991 2694 2113 2750 quae
2160 2680 2298 2735 dixit
2342 2679 2539 2737 Paulus
2571 2682 2869 2751 apostolus,
2894 2682 3037 2753 quod
3081 2681 3294 2739 scilicet

1698 2772 1977 2843 passiones
2010 2772 2173 2844 liujus
2205 2773 2383 2828 saeculi
2429 2788 2533 2828 non
2568 2773 2678 2830 sint
2706 2774 3085 2846 comparandas
3110 2773 3295 2847 gloriae

1698 2866 1752 2921 in
1786 2866 1945 2923 nobis
1991 2866 2398 2921 nianil'estandae
2414 2864 2483 2921 ⁸⁸.
2515 2866 2580 2922 Et
2621 2877 2809 2923 notum
2846 2868 3001 2925 vobis
3026 2867 3120 2935 sit,
3149 2870 3295 2940 quod

1699 2970 1921 3033 propter
1948 2975 2121 3016 meam
2153 2974 2281 3030 erga
2316 2974 2411 3016 vos
2431 2960 2756 3017 charitatem
2780 2960 2992 3016 modica
3028 2960 3144 3016 baec
3176 2975 3295 3017 ver·

1701 3056 1766 3111 ba
1796 3054 2099 3127 spiritualia
2129 3068 2225 3111 vos
2251 3070 2371 3111 sum
2398 3054 2687 3123 allocutuS,
2711 3064 2772 3110 ιιι
2791 3069 2948 3127 aequo
2968 3053 3088 3112 sitis
3110 3053 3299 3112 corde.

193 3146 295 3203 uod
339 3148 710 3219 unusquisque
747 3155 998 3202 nostrum
1045 3158 1169 3200 sese
1205 3143 1363 3199 malis
1403 3153 1598 3216 sponte
1703 3150 1830 3206 Mihi
1885 3150 2083 3221 quippe
2117 3157 2337 3205 constat
2382 3148 2726 3219 evigilantem
2778 3145 3113 3202 intellectum
3167 3160 3292 3201 coro

192 3243 482 3311 eritzquce
510 3241 731 3311 quidem
755 3241 808 3294 in
837 3238 995 3295 nobis
1025 3248 1398 3293 consummata
1431 3246 1601 3307 suut;
1702 3241 1871 3314 porali
1936 3243 2219 3299 verborum
2288 3239 2684 3309 multiplicitate
2745 3237 2993 3310 indigere
3052 3236 3294 3294 minime.

191 3342 347 3391 stram
388 3332 759 3404 insipientiam
789 3332 944 3387 nobis
969 3330 1245 3387 dominata
1270 3338 1421 3385 sum.
1701 3334 1963 3404 Equidem
1987 3332 2196 3406 gaudeo
2229 3331 2284 3387 in
2319 3329 2552 3387 Domino
2585 3338 2808 3401 propter
2830 3345 2950 3396 vos,
2978 3330 3130 3386 tilioli
3162 3331 3297 3387 dile-

191 3427 447 3485 imobrem
491 3426 728 3482 formam
777 3423 927 3479 servi
956 3433 1142 3480 noster
1173 3422 1465 3494 assumpsit
1500 3421 1605 3478 Do·
1705 3425 1954 3490 ctissimi,
2014 3425 2188 3480 sancti
2238 3422 2291 3479 in
2339 3432 2515 3478 vestra
2568 3420 2914 3476 intellectuali
2956 3423 3296 3490 substantia;

200 3557 218 3584 ι
251 3524 319 3569 ¹¹²
350 3529 453 3583 l‘ffl'
487 3528 611 3566 eam
673 3525 774 3566 ¹¹⁰³
831 3511 1083 3579 ⁸³¹V21'012
1138 3528 1330 3568 omnes
1378 3511 1604 3582 implens
1703 3528 1759 3573 et
1783 3518 1963 3590 cupio,
2000 3528 2059 3573 nt
2104 3517 2289 3573 sciatis
2341 3530 2649 3571 mensuram
2689 3516 2956 3570 donorum
2985 3531 3105 3588 qnae
3140 3516 3300 3572 nobis

191 3603 621 3673 dispensationes
649 3616 816 3674 usque
834 3603 901 3658 ad
925 3614 1152 3661 mortem
1182 3604 1382 3672 crucis,
1406 3611 1463 3657 ut
1488 3602 1608 3676 ejus

191 3710 212 3750 e
247 3704 411 3764 atque
439 3693 829 3751 resurrectione
859 3695 930 3751 sit
954 3696 1111 3752 nobis
1156 3697 1606 3767 praestantissima

197 3789 383 3853 rectio,
412 3796 694 3859 cessetque
727 3803 758 3843 a
800 3789 958 3845 nobis
993 3790 1191 3845 mortis
1217 3799 1461 3860 potestas
1486 3803 1609 3858 quse

193 3891 394 3937 otestas
435 3880 660 3948 diaboli,
687 3889 745 3938 ut
774 3891 989 3937 nosmet
1024 3882 1172 3951 ipsos
1205 3880 1608 3947 abstrahenteS,

191 3987 255 4030 ue
285 3974 560 4030 imitantes
592 3972 975 4041 humilitatem,
1011 3989 1143 4030 vere
1171 3975 1340 4031 simus
1368 3975 1418 4030 ei
1446 3974 1610 4030 disci-

191 4065 362 4123 Filioli
410 4065 518 4122 mei
552 4065 894 4122 dilectissimi
928 4065 983 4121 in
1020 4067 1274 4136 Domino,
1299 4069 1422 4123 dico
1447 4067 1602 4124 vobis

191 4173 367 4230 »rpore
407 4168 573 4231 atque
612 4141 1005 4229 spiritu'valde
1045 4172 1166 4216 esse
1204 4161 1610 4231 perturbatum,

191 4251 278 4307 iod
324 4261 641 4308 sanctornm
688 4251 988 4321 nuncupati
1053 4253 1226 4308 simus
1279 4250 1610 4317 nominibus,

191 4359 329 4415 nque
366 4343 540 4400 induti
575 4342 759 4400 babitu
793 4358 900 4414 quo
927 4359 1113 4401 coram
1159 4343 1466 4399 infidelibus
1494 4343 1611 4415 glo-

1706 3613 1841 3667 tiunt
1881 3627 1913 3666 a
1943 3609 2171 3667 Domino
2220 3609 2286 3664 ad
2337 3617 2578 3665 nostram
2628 3606 3102 3664 conservationem
3136 3608 3299 3663 etin·

1708 3712 2069 3766 crementum,
2115 3709 2169 3757 et
2210 3709 2268 3756 ut
2332 3698 2735 3769 amplectamini
2798 3713 2963 3764 opera
3029 3698 3298 3754 naturalia

1709 3794 2108 3859 substantialia,
2135 3808 2243 3848 non
2269 3803 2446 3847 autem
2467 3807 2586 3863 quae
2606 3789 2980 3849 substantialia
3011 3805 3119 3847 non
3151 3800 3301 3850 sunt.

1779 3887 1895 3946 Nec
1930 3904 2036 3945 uon
2076 3903 2176 3960 ego
2207 3887 2393 3944 infelix
2427 3888 2647 3959 planum
2676 3900 2894 3959 quoque
2935 3887 3092 3944 vobis
3124 3886 3300 3956 facio,

1710 3983 2170 4052 quemadmodum
2228 3981 2491 4036 Dominus
2530 3996 2682 4037 meus
2705 3996 2803 4036 sua
2830 3982 3005 4053 gratia
3037 3981 3303 4037 excitavit

1711 4077 2046 4135 intellectum
2078 4090 2258 4131 meum
2283 4089 2312 4129 a
2347 4074 2731 4130 dormitatione
2778 4075 2992 4139 mortis,
3025 4085 3080 4130 et
3107 4075 3301 4145 iugens

1705 4167 1816 4238 jam
1848 4167 2078 4236 contigit
2106 4165 2237 4220 mibi
2291 4164 2534 4236 ploratus
2566 4173 2732 4233 atque
2767 4163 3002 4232 gemitus
3048 4170 3163 4216 toto
3213 4161 3303 4216 in-

1714 4259 1940 4314 tervallo
1972 4258 2169 4313 niodici
2205 4256 2466 4328 temporis
2493 4254 2675 4325 buius,
2710 4254 2854 4326 quod
2895 4253 3029 4308 milii
3066 4254 3118 4308 in
3159 4264 3302 4308 terra

1717 4361 1992 4422 superest.
2024 4349 2239 4406 Etenim
2266 4364 2478 4406 mecum
2510 4347 2711 4420 cogito,
2748 4346 2880 4419 quid
2915 4345 3164 4403 dabimus
3197 4342 3305 4401 Do·

191 4452 259 4503 ir,
287 4435 548 4508 operandi
593 4451 722 4493 vero
765 4436 1022 4491 virtutem
1071 4437 1294 4494 minime
1322 4438 1607 4493 babemus.
1640 4463 1687 4519 Ι)
1718 4444 1867 4498 ιιιὶιιο
1917 4459 2014 4515 pro
2055 4443 2124 4498 iis
2171 4457 2293 4513 qum
2330 4440 2490 4498 nobis
2538 4440 2702 4497 iecit?
2734 4441 2868 4496 Cum
2908 4438 3131 4510 angelos
3175 4450 3305 4492 suos

191 4542 241 4583 ιι·
270 4528 511 4598 quidem,
539 4528 925 4600 ne··impleatur
955 4526 1022 4583 de
1053 4527 1212 4584 nobis
1249 4528 1492 4598 Apostoli
1526 4528 1612 4583 di·

207 4635 227 4675 a
253 4618 519 4675 Habentes
555 4619 783 4690 sortitam
813 4619 1191 4688 religiositatis,
1220 4621 1372 4689 cujus
1400 4619 1610 4687 inlicia-

191 4713 424 4771 rirtutem
443 4713 512 4768 ⁸⁸.
546 4713 658 4786 Ego
680 4721 864 4768 autem
894 4712 965 4766 ob
994 4726 1167 4765 meam
1190 4725 1319 4781 erga
1354 4725 1450 4766 vos
1482 4710 1615 4766 cba-

191 4820 271 4871 zm,
297 4820 572 4875 uunquam
610 4804 776 4859 Deum
810 4816 910 4872 pro
936 4803 1086 4858 vobis
1112 4802 1394 4872 deprecari
1421 4816 1609 4866 cesso,

191 4896 450 4968 arcipiatis
491 4905 731 4953 vestram
767 4894 821 4950 in
867 4894 1023 4950 vobis
1056 4893 1298 4949 abditam
1327 4893 1525 4958 vitam,
1555 4901 1614 4950 et

191 5003 287 5044 iam
304 4990 608 5060 operemini
639 4990 690 5044 id
715 5004 826 5060 quo
854 4988 1000 5058 digni
1036 4985 1345 5043 efficiamini
1372 4984 1617 5044 invisibi-

191 5083 433 5153 :ousequi
465 5081 864 5137 liaereditatem.
897 5078 1227 5150 sciatisque,
1252 5076 1614 5145 dilectissimi,

222 5184 407 5231 nostra
460 5173 746 5230 absolvere
789 5186 957 5243 opera
1006 5171 1208 5226 nostris
1260 5183 1359 5240 pro
1412 5170 1620 5226 viribus
1721 5179 1897 5234 nostri
1933 5176 2062 5237 iesu
2092 5179 2321 5247 Christi,
2352 5177 2767 5251 quibaptizavit
2795 5174 3000 5245 Spiritu
3032 5181 3221 5228 sancto
3248 5180 3307 5227 et

191 5265 332 5323 udum
375 5266 495 5334 ejus
543 5265 904 5331 voluntatem,
936 5264 988 5318 id
1018 5277 1141 5318 esse
1165 5263 1307 5332 quod
1334 5259 1615 5331 debemus,

190 5369 389 5415 uostrae
419 5356 741 5416 substantiae
764 5354 818 5410 id
842 5354 1090 5410 naturale
1116 5353 1224 5421 sit;
1257 5368 1323 5408 ac
1352 5362 1615 5422 praeterea

1717 4534 1876 4589 nobis
1914 4535 2122 4590 servire
2160 4533 2372 4600 iecerit,
2402 4541 2458 4588 et
2489 4534 2789 4604 prophetas
2818 4547 2948 4587 suos
2995 4529 3151 4585 uobis
3178 4543 3302 4599 pro·

1717 4626 1964 4696 pbetare,
1991 4637 2046 4682 et
2068 4625 2346 4697 apostolos
2377 4641 2507 4682 suos
2539 4626 2694 4682 nobis
2731 4619 3305 4695 evangelizarezqnod

1718 4734 1848 4775 vero
1892 4718 1977 4774 bis
2022 4719 2275 4776 omnibus
2320 4717 2497 4789 majus
2530 4728 2650 4782 est,
2697 4717 2842 4774 misit
2899 4715 3096 4771 Filium
3143 4728 3305 4768 suum

1719 4811 2057 4880 unigenitum
2084 4811 2152 4867 ad
2178 4821 2422 4867 nostram
2448 4810 2701 4866 salutem.
2728 4808 2910 4876 Quare
2936 4819 3033 4861 vos
3053 4802 3305 4870 obsecro,

1719 4913 1776 4957 ut
1800 4903 1968 4959 corda
2002 4914 2186 4959 vestra
2210 4904 2464 4962 excitetis
2500 4904 2553 4958 in
2592 4903 2785 4958 timore
2809 4897 3047 4962 Domini,
3078 4905 3132 4953 et
3164 4895 3306 4951 seia-

1718 4997 1807 5060 tis,
1847 4996 1994 5066 quod
2034 4995 2274 5054 loannes
2314 5009 2621 5068 praecursor
2658 5008 2797 5064 aqua
2847 4989 3209 5063 baptizaverit
3234 4987 3304 5044 ad

1717 5087 2092 5156 poenitentiam
2122 5087 2175 5144 in
2207 5086 2658 5159 pra-parationem
2688 5084 2756 5140 ad
2785 5082 3052 5154 baptisma
3090 5079 3305 5136 Domini

3329 5215 3339 5245 Ι

1725 5270 1855 5342 igni,
1895 5274 1986 5342 qui
2035 5282 2119 5328 est
2153 5273 2295 5343 ignis
2336 5273 2599 5328 bonorum
2641 5283 2889 5338 operum.
2931 5265 3334 5334 Praeparemur·

1728 5362 1892 5433 igitur
1944 5364 2010 5420 ad
2062 5362 2462 5420 emundandum
2519 5360 2907 5429 nosmetipsos
2964 5372 3197 5428 corpore
3249 5366 3308 5412 et

191 5454 255 5509 tis
304 5460 510 5507 nostrae
550 5449 698 5506 baud
753 5448 1101 5506 tribuendum
1146 5456 1233 5503 est
1284 5448 1623 5518 superabuu·
1727 5453 1924 5523 spiritu
1974 5455 2041 5510 ad
2095 5455 2505 5525 suscipiendum
2542 5451 2812 5524 baptisma
2862 5449 3076 5508 Domini
3133 5446 3303 5505 nostri

197 5660 341 5718 lebr.
379 5676 458 5723 tv,
489 5659 576 5715 15.

191 5748 272 5790 m.
303 5747 360 5801 x,
390 5731 481 5787 32.
558 5730 604 5764 ⁸¹
628 5728 786 5786 Joatt.
829 5743 917 5796 xv,
944 5727 1035 5784 2⁰.
1110 5726 1155 5760 ⁸‘
1182 5726 1340 5784 Rom.
1375 5741 1491 5798 viu,
1529 5728 1608 5782 ts.

673 5657 720 5690 ¹⁹
749 5655 949 5714 Jercm.
981 5671 1133 5716 xxxi.
1159 5656 1340 5712 :tt-5³.
1414 5657 1455 5689 ⁸⁸
1492 5654 1648 5715 Rom.
1680 5673 1760 5723 ιιι,
1792 5654 1875 5712 19.
1953 5652 1998 5688 ⁸²
2029 5652 2186 5709 Rom.
2221 5669 2282 5720 n,
2314 5649 2418 5720 '20;
2446 5649 2555 5707 Tit.
2587 5666 2626 5720 t,
2667 5649 2748 5706 16.

2852 5648 2899 5682 ⁸³
2922 5647 3096 5706 Galat.
3124 5661 3179 5715 v,
3215 5642 3297 5698 ¹7.
