3725 6125
261 313 364 370 305

1532 305 1592 361 S.
1635 301 1914 362 ASTERtt
1948 302 2253 360 AMAsr-:xt

3418 292 3527 360 504

265 430 436 499 lsaac,
465 431 670 497 Jacob;
707 446 770 485 ac
798 443 917 482 cum
952 426 1190 480 virorum
1249 423 1643 489 recordatione,
1680 423 1843 479 totins
1871 425 1921 484 Α
1947 440 2037 476 νου
2064 419 2221 493 ῥίζης
2244 419 2796 491 &nomast-hemme,
2820 418 2909 473 τὸν
2941 417 3150 486 Ἰσαὰκ,
3176 419 3267 474 τὸν
3307 416 3528 486 Ὶακὼὸ,

264 540 453 580 eorum
482 523 721 579 historia·
754 523 1080 589 spectatores
1132 513 1262 568 liunt
1295 530 1310 569 :
1342 513 1420 566 sic
1450 521 1502 568 et
1532 527 1631 583 ego
1661 512 1841 577 hodio,

271 629 350 672 ter
372 604 1062 673 beatFPhoraercnerabile
1097 605 1376 660 delubrum
1402 603 1618 669 adiens,
1645 618 1708 658 ex
1740 602 1841 658 loci

268 704 468 773 speeie,
495 697 736 754 omnium
766 693 923 749 simut
973 709 1092 764 quae
1117 693 1185 748 de
1215 692 1304 745 illo
1350 700 1500 761 gesta
1531 700 1841 759 narrantur,

270 791 527 849 memoria
580 786 808 857 repleor.
839 783 1037 838 ‘Video
1071 782 1407 855 professione
1468 782 1839 845 hortulanum,

271 882 452 938 auimo
507 876 831 947 simplicem,
867 874 1186 944 hospitalem
1215 915 1230 940 ,
1287 874 1576 928 maritimae
1610 873 1845 943 regionis

267 964 523 1023 eximium
553 962 737 1025 decus,
773 963 824 1015 in
876 962 1323 1017 mediterraneam
1363 961 1684 1025 beneficum,
1717 976 1843 1016 san·

268 1066 413 1114 ctum
470 1055 624 1112 illum
661 1064 1008 1121 sanctorum;
1067 1054 1251 1116 asiis,
1285 1054 1378 1125 qui
1430 1052 1633 1109 Christi
1682 1068 1844 1110 causa

266 1148 542 1208 consecuti
569 1156 699 1204 sunt
726 1147 976 1215 gloriam,
1010 1145 1178 1217 gloria
1218 1145 1681 1222 potiorifauctuzn.

341 1329 456 1405 (ὦ)
484 1327 662 1386 Sacer
692 1326 912 1398 quidem
944 1334 1028 1381 est
1048 1324 1346 1380 ac'divinns
1372 1325 1652 1379 universus
1686 1337 1848 1392 gene-

271 1435 520 1480 rosorum
562 1434 624 1475 ac
648 1418 865 1473 fortium
913 1424 1212 1487 martyrum
1247 1415 1543 1486 catalogus,
1574 1412 1845 1484 passione,

268 1512 508 1577 debitam
535 1525 633 1581 pro
655 1508 907 1579 passione
930 1506 1167 1562 reserens
1189 1506 1437 1575 gratiam,
1475 1521 1540 1560 ac
1562 1503 1847 1576 sanguine,

271 1618 373 1676 pro
397 1600 660 1672 sainguine
694 1598 927 1654 debitam
959 1597 1198 1651 omnium
1229 1594 1494 1652 Salvatori
1519 1596 1734 1651 solvens
1761 1608 1846 1649 re·

272 1693 726 1751 munerationem.
778 1688 980 1745 Verum
1046 1689 1099 1743 in
1156 1688 1241 1743 his
1299 1688 1452 1759 ipsis,
1485 1702 1592 1743 non
1633 1702 1736 1741 una
1766 1695 1850 1741 est

1945 514 2039 568 καὶ
2066 513 2204 585 μετὰ
2227 514 2325 583 τῆς
2362 512 2583 584 μνήμης
2609 510 2719 565 τῶν
2743 509 2971 583 ἀνδρῶν,
3010 499 3141 582 ὅλης
3176 509 3280 581 τῆς
3308 509 3396 564 ἐπ’
3432 511 3531 564 αὐ·

1943 606 2070 668 τοὺς
2101 603 2343 676 ἱστορίας
2374 602 2614 671 γίνονται
2648 601 2870 656 θεαταί·
2901 600 3044 656 οῦτω
3077 600 3236 670 κάγὼ
3265 601 3532 674 σήμερον,

1946 697 2037 751 τὸν
2056 695 2237 766 τίμιον
2265 694 2428 767 σηκὸν
2451 693 2546 747 τοῦ
2567 692 2967 767 τρισμακαρίου
2990 694 3156 747 Φωκᾶ
3180 690 3530 756 καταλαδὼν,

1947 790 2011 842 ὲκ
2042 784 2137 840 τοῦ
2165 786 2332 839 τόπου
2365 784 2679 857 πληροῦμαι
2716 786 2815 855 τῆς
2862 786 3089 856 μνήμης
3131 785 3357 839 πάντων
3392 785 3535 858 ὁμοῦ

1947 877 2055 932 τῶν
2104 878 2192 932 ἐπ’
2230 876 2380 947 αύτῷ
2428 876 2738 946 λεγομένων
2784 875 3174 947 διηγημάτων·
3214 875 3402 945 βλέπω
3445 876 3537 930 τὸν

1950 968 2228 1042 κηπουρὸν
2254 968 2315 1021 τὸ
2355 968 2715 1040 ἐπιτήδευμα,
2746 967 2840 1021 τὸν
2883 968 3159 1022 ἄπλαστον
3195 967 3296 1038 τὴν
3327 967 3533 1039 ψυχὴν,

1947 1057 2041 1113 τὸν
2080 1057 2356 1128 φιλόξενον
2374 1097 2390 1122 ,
2418 1055 2511 1110 τὸν
2538 1056 2640 1126 τῆς
2670 1055 2945 1127 παραλίας
2974 1056 3278 1127 ἐξαίρετον,
3312 1056 3405 1111 τὸν
3436 1056 3538 1127 τῆς

1952 1145 2236 1221 μεσογείου
2264 1144 2581 1218 εὐεργέτην,
2608 1143 2718 1199 τῶν
2749 1143 2922 1215 ἀγίων
2951 1144 3043 1199 τὸν
3078 1147 3232 1215 ἅγιον
3251 1187 3269 1212 ,
3295 1146 3398 1202 καὶ
3427 1145 3536 1201 τῶν

1948 1234 2355 1306 δεδοξασμένων
2390 1233 2480 1288 διὰ
2511 1232 2745 1304 Χριστὸν
2773 1232 3136 1305 ἐνδοξότερον.

2031 1328 2197 1402 Ὶερδς
2250 1327 2348 1399 μὲν
2384 1325 2494 1399 γὰρ
2534 1327 2630 1381 καὶ
2673 1325 2961 1391 θεσπέσιος
3009 1326 3157 1390 ἅπας
3199 1327 3228 1379 ό
3268 1324 3380 1378 τῶν
3409 1342 3516 1395 γενι

1950 1423 2113 1478 ναίων
2146 1418 2440 1493 μαρτύρων
2470 1418 2770 1489 κατάλογος
2789 1458 2804 1483 ,
2836 1417 2999 1474 πάθει
3029 1419 3128 1489 τὴν
3152 1418 3299 1489 ὑπὲρ
3328 1416 3522 1481 πάθους

1950 1512 2185 1575 ἀποδοὺς
2217 1509 2399 1583 χάριν,
2433 1509 2626 1582 αἵματι
2658 1509 2718 1564 δὲ
2745 1508 2842 1582 τήν
2869 1508 3012 1581 ὖπέρ
3040 1509 3274 1580 αἵματος
3299 1508 3379 1580 τῷ
3420 1509 3531 1562 nto-

1949 1603 2078 1676 τῆρι
2104 1601 2212 1657 τῶν
2236 1602 2373 1656 ὅλων
2398 1600 2633 1674 ἀμοιδὴν
2664 1599 3046 1673 ἐκπληρώσας.
3077 1601 3226 1674 Πλὴν
3261 1603 3322 1657 ἐν
3349 1602 3533 1666 αὐτοῖς

1950 1695 2191 1761 τούτοις,
2225 1693 2288 1748 οὗ
2326 1694 2425 1764 μία
2455 1686 2573 1747 ’τῶν
2620 1693 2839 1748 πάντων
2872 1694 2905 1765 ή
2939 1693 3089 1759 δόξα,
3142 1693 3267 1747 οὐδὲ
3313 1692 3455 1766 πρὸς
3478 1691 3535 1746 ἐν

271 1782 746 1855 omnium-gloria,
800 1797 903 1838 nec
942 1796 1049 1836 una
1093 1794 1345 1838 mensura
1378 1780 1587 1837 cunclls
1622 1779 1848 1850 aequalia
1882 1767 1925 1824 Β
1956 1784 2153 1858 μέτρον
2184 1783 2275 1838 ίσα
2300 1782 2371 1838 τὰ
2402 1783 2543 1856 γέρα
2570 1785 2683 1848 τοῖς
2705 1783 2848 1848 ὅλοις
2877 1783 3368 1856 ἀποκεκλήρωται·
3399 1783 3539 1840 ἀλλά

273 1878 530 1934 attributa
562 1884 689 1932 sum
714 1875 934 1946 praemia
964 1891 980 1930 x
1008 1873 1137 1944 quin
1175 1874 1407 1943 primum
1444 1884 1497 1929 et
1532 1871 1850 1935 secundnm,

274 1978 671 2026 nesanctorum
700 1967 915 2038 quidem
942 1964 1127 2037 effugit
1154 1964 1652 2035 catatdgnsjltnjus
1675 1975 1851 2020 antem

274 2061 381 2130 rei,
403 2068 465 2116 ut
485 2060 743 2124 arbitror,
774 2065 1066 2122 causaest,
1088 2057 1232 2128 quod
1265 2056 1336 2110 sit
1357 2054 1517 2127 judex
1543 2064 1847 2120 accuratus,

276 2168 379 2212 nec
403 2152 696 2225 quidquam
726 2150 778 2205 in
814 2158 1021 2221 partem
1055 2146 1511 2203 alteram-innecti
1546 2154 1727 2215 queat.
1770 2144 1856 2199 ln·

274 2255 461 2302 tuetur
489 2243 639 2299 enim
663 2250 715 2296 et
746 2239 1132 2310 suppliciorum
1159 2237 1609 2309 magnitudinem,
1643 2246 1698 2291 et
1721 2234 1854 2289 tole-

276 2336 468 2392 tantia
495 2333 857 2391 constantiam
884 2347 899 2398 ;
942 2331 1371 2399 examinansque
1405 2328 1723 2394 certamina,
1756 2340 1853 2397 pro

272 2427 589 2483 meritorum
612 2424 825 2480 ratione
859 2422 1078 2478 athletis
1105 2419 1378 2478 distribuit
1406 2418 1645 2489 prat-mia.
1671 2417 1854 2485 Neque

272 2532 403 2575 vero
428 2516 733 2573 mirandum
783 2523 887 2578 est,
927 2513 998 2569 ita
1044 2527 1073 2566 a
1125 2511 1235 2566 Deo
1269 2509 1526 2565 honorari
1574 2508 1841 2579 justitiam

272 2627 396 2668 cum
433 2625 499 2664 ne
541 2608 594 2662 in
614 2606 877 2663 humanis
907 2604 1122 2673 quidem
1165 2602 1522 2671 imperatores
1548 2613 1610 2653 ac
1654 2613 1855 2670 agono-

276 2703 463 2761 theta,
497 2698 647 2752 viros
676 2694 871 2758 fortes»,
916 2702 1008 2748 aut
1045 2693 1274 2765 pugileS,
1317 2692 1604 2762 aequaliter
1640 2693 1856 2748 univer-

275 2803 367 2846 sos
397 2787 668 2852 babeant;
715 2785 811 2842 sed
851 2786 1068 2856 cuique,
1129 2799 1228 2854 pro
1284 2784 1359 2839 rei
1403 2784 1663 2855 praeclare
1693 2794 1858 2855 gestae

277 2877 460 2941 mode.
493 2879 633 2932 dona
664 2890 906 2946 congrua
938 2876 1251 2931 decernant.

351 2967 476 3026 llaec
526 2978 711 3024 mitem
769 2966 1043 3032 disserui,
1095 2981 1206 3037 quo
1234 2966 1429 3036 virum,
1479 2970 1575 3040 qui
1611 2968 1854 3025 hodierni

1952 1872 2015 1925 τὸ
2035 1870 2251 1944 πρῶτον
2293 1871 2389 1926 καὶ
2414 1870 2686 1944 δεύτερον.
2715 1871 2835 1926 οὐδὲ
2867 1875 2896 1927 ό
2923 1871 3032 1928 τῶν
3068 1874 3238 1943 ἁγίων
3275 1873 3539 1945 ἐκφεύγει

1954 1963 2274 2035 κατάλογος.
2306 1965 2487 2019 Αἴτιον
2512 1964 2569 2018 δέ
2601 1960 2754 2037 οἶμαι
2797 1964 3013 2030 τούτου,
3043 1967 3106 2021 τὸ
3132 1966 3256 2021 λίαν
3292 1967 3537 2040 ἀπηκρι-

1952 2053 2199 2125 δωμένον
2218 2052 2313 2108 τοῦ
2336 2052 2522 2126 κριτοῦ
2548 2055 2642 2108 καὶ
2660 2054 3045 2127 ἀπρόσκλιτον.
3085 2056 3291 2129 Ἐφορᾷ
3309 2057 3417 2130 γὰρ
3445 2059 3541 2112 καὶ

1950 2145 2235 2218 τιμωριῶν
2264 2145 2492 2218 μεγέθη,
2528 2147 2624 2201 καὶ
2662 2149 2957 2221 καρτερίας
2984 2149 3289 2216 ἐνστάσεις,
3316 2150 3534 2223 καιβα-

1960 2234 2192 2301 σανίζων
2238 2236 2306 2291 τά
2350 2236 2746 2309 ἀγωνίσματα,
2792 2237 2891 2303 τὰς
2928 2238 3064 2311 πρὸς
3110 2238 3274 2307 ἀξίαν
3306 2239 3537 2312 ἀμοιδάς

1955 2326 2201 2398 διανέμει
2229 2328 2343 2391 τοῖς
2372 2325 2652 2399 ἀθληταῖς.
2687 2329 2798 2382 Καὶ
2842 2328 3143 2400 παράδοξον
3172 2329 3450 2403 οὐδαμῶς,
3490 2333 3540 2387 tl

1958 2419 2111 2491 παρὰ
2146 2417 2282 2474 Θεοῦ
2313 2419 2457 2475 οὓτω
2477 2421 2703 2492 τιμᾶται
2728 2420 2788 2475 τὸ
2816 2420 3047 2485 δίκαιον,
3068 2421 3236 2477 ὁπότε
3279 2425 3378 2478 καὶ
3412 2424 3541 2495 παρ’

1956 2512 2091 2584 ήμῖν
2139 2512 2437 2583 στρατηγοὶ
2469 2514 2562 2566 καὶ
2608 2511 2941 2583 ἀγωνοθέται
2988 2512 3089 2569 οὐκ
3144 2513 3255 2569 ἶσοι
3303 2516 3539 2585 γίνονται

1956 2604 2069 2667 τοῖς
2090 2601 2505 2677 ’ἀριστεῦσιν,”ῆ
2536 2606 2650 2669 τοῖς
2676 2605 3004 2674 ἀγωνισταῖς
3021 2622 3035 2637 ·
3067 2605 3210 2661 ἀλλὰ
3234 2607 3302 2681 δὴ
3328 2609 3542 2683 ἑκάστῳ

1959 2694 2100 2749 κατὰ
2122 2693 2185 2749 τὸ
2208 2692 2411 2769 μέτρον
2433 2695 2528 2750 τοῦ
2557 2695 3005 2770 κατορθώματος,
3040 2697 3141 2763 τὰς
3173 2697 3541 2772 δωρεὰς-ἀνα·

1957 2784 2219 2857 λογούσας
2245 2788 2652 2860 ἐπιψηφίζουσι.

2032 2960 2216 3017 Ταῦτα
2247 2962 2306 3016 δέ
2344 2961 2580 3035 διῆλθον,
2608 2964 2697 3017 ἵνα
2729 2962 2911 3029 δείξω,
2960 2963 3038 3029 ὡς
3081 2965 3111 3019 ό
3137 2965 3382 3040 σήμερον
3413 2970 3547 3041 ἡμῖν

279 3071 578 3115 conventus
609 3058 762 3114 nohis
791 3055 1021 3128 praebuit
1051 3072 1296 3121 causam.
1327 3058 1512 3124 sociis.
1563 3073 1630 3114 ac
1663 3058 1856 3130 pugili·
1908 3119 1927 3142 ἱ
1961 3053 2257 3128 παρασχὼν
2294 3053 2387 3111 τοῦ
2417 3054 2677 3127 συλλόγου
2712 3059 2813 3130 τήν
2853 3056 3133 3130 ἀφορμὴν,
3172 3058 3282 3114 τῶν
3303 3060 3545 3134 ἑταίρων

280 3155 400 3220 bus,
442 3150 535 3222 qui
572 3149 790 3206 eosdem
845 3148 1176 3204 desudarunt
1230 3165 1460 3221 agones,
1508 3149 1854 3206 illustriorem
1884 3122 1930 3181 (δ
1961 3148 2057 3202 καὶ
2094 3147 2509 3218 συναγωνιστῶν
2534 3151 2650 3203 ἐστι
2679 3148 3158 3222 περιφανέστερος.
3189 3150 3253 3206 Οί
3278 3149 3396 3223 ,μὲν
3429 3152 3537 3224 γὰρ

277 3244 594 3312 οειεηόεηις
642 3255 772 3299 nam
823 3239 921 3296 alii
985 3239 1224 3312 quidem,
1258 3256 1432 3316 neque
1486 3256 1676 3296 omues
1722 3242 1858 3313 apud

278 3352 470 3393 omues
501 3343 627 3391 sunt
657 3332 791 3405 uoti,
817 3350 991 3406 neque
1011 3334 1291 3391 bominum
1319 3346 1578 3422 sermone
1599 3321 1857 3390 virtutem

280 3429 607 3486 celebratam
640 3428 841 3482 habeut
873 3444 887 3479 ι
933 3427 1167 3482 Phocam
1221 3435 1400 3480 autem
1454 3440 1612 3480 nemo
1646 3434 1729 3482 est
1765 3425 1856 3496 qui

282 3525 492 3594 ignoret
521 3538 541 3576 τ
578 3520 671 3574 sed
719 3520 990 3590 quomodo
1045 3518 1176 3573 solis
1233 3518 1416 3573 radius
1480 3517 1855 3573 universorum

280 3615 450 3670 oculis
497 3613 795 3682 explicatus
850 3620 934 3668 est
966 3629 980 3667 ι
1042 3611 1118 3668 ita
1177 3610 1340 3666 etiam
1396 3609 1553 3681 buius
1605 3611 1858 3682 martyris

284 3707 424 3760 sama
481 3705 721 3759 omnium
750 3720 910 3761 aures
938 3703 1361 3772 circumsonuit;
1392 3713 1631 3775 atqueut
1671 3704 1858 3774 paucis

281 3797 480 3862 dicam,
501 3806 760 3867 quotquot
788 3796 1067 3852 Dominum
1089 3796 1365 3853 Christum
1383 3806 1666 3865 noverunt,
1694 3796 1859 3851 iideut

282 3905 496 3962 quoque
524 3891 639 3958 ejus
665 3898 930 3945 noverunt
954 3889 1165 3945 ssdclem
1192 3904 1432 3945 servum.
1457 3885 1656 3945 Verum
1688 3889 1859 3944 enitu-

284 3998 414 4038 νει-ο
446 3981 668 4049 relictis,
709 3983 756 4036 si
786 3982 1014 4046 videtur,
1044 3995 1161 4051 quae
1190 3981 1277 4036 ille
1308 3996 1429 4037 cum
1450 3980 1573 4036 aliis
1611 3982 1857 4037 encomia

283 4072 450 4129 habet
473 4072 800 4136 communia,
834 4073 1064 4127 eximias
1094 4072 1352 4144 martyris
1402 4070 1624 4138 laudes,
1657 4075 1877 4146 marty-'

285 4179 403 4220 rum
437 4163 745 4219 amantibus
778 4163 929 4218 robis
953 4163 1266 4219 recensebo.

355 4256 506 4312 Tulit
535 4257 716 4327 itaque
744 4264 991 4311 sanctum
1029 4255 1170 4310 hunc
1214 4256 1410 4324 virum,
1471 4270 1744 4325 magnum,
1773 4254 1857 4309 in·

205 4381 212 4389 -
285 4364 477 4421 quam,
509 4347 640 4403 illud
688 4345 1126 4403 Christianorum
1159 4345 1525 4415 commodum,
1548 4347 1725 4403 vicina
1772 4345 1857 4402 Si-

1960 3238 2133 3303 ἀ).λοι,
2160 3240 2220 3292 ού
2261 3239 2460 3304 πάντες
2496 3239 2645 3312 παρὰ
2676 3243 2813 3295 πᾶσι
2852 3239 3230 3314 γνωρίζονται,
3260 3242 3390 3295 οὐδὲ
3432 3241 3531 3311 βε-

1959 3329 2429 3404 ἴσημένηνέχουσι
2453 3332 2551 3407 τὴν
2568 3329 2936 3405 ἀνδραγαθίαν
2960 3351 2976 3365 ·
2994 3332 3233 3389 qulv‘fl
3254 3333 3353 3386 οὐκ
3374 3332 3522 3387 ἔστιν

1959 3424 2019 3488 ὃς
2046 3424 2251 3493 ἀγνοεῖ·
2266 3418 2596 3496 ’ἀλλ”ὧσπερ
2621 3424 2785 3490 ἀκτὶς
2801 3427 2837 3498 ή
2859 3424 2951 3481 τοῦ
2976 3425 3122 3497 ἡλίου
3139 3423 3299 3480 πᾶσιν
3319 3423 3525 3496 ὀφθαλ-

1965 3517 2085 3588 μοῖς
2118 3515 2470 3589 ἐφήπλωται,
2512 3516 2653 3572 οὕτω
2692 3515 2787 3571 καὶ
2820 3519 2854 3588 ή
2894 3485 3535 3594 τοῦΜΞός-τούτου

1962 3609 2120 3680 φήμη
2185 3610 2367 3664 πᾶσαν
2420 3610 2592 3680 ἀκοὴν
2647 3610 2948 3682 περιήχησε
2970 3628 2985 3643 ·
3030 3612 3125 3665 καὶ
3152 3606 3251 3667 ἶνα
3302 3608 3546 3665 συνελὼν

1963 3699 2104 3752 εἴπω
2125 3741 2138 3762 ,
2168 3701 2283 3754 ὅσοι
2306 3700 2397 3754 τὸν
2440 3702 2716 3772 Δεσπότην
2756 3698 3063 3774 ἐγνώρισαν
3091 3701 3331 3775 Χριστὸν
3352 3742 3369 3770 ,
3398 3695 3549 3758 οῦτοι

1962 3789 2057 3844 καὶ
2088 3790 2178 3845 τὸν
2210 3790 2617 3845 πιστδνδοῦλον
2646 3789 2951 3864 ἐγνώρισαν
2972 3811 2989 3828 ·
3018 3792 3237 3865 ,μᾶλλον
3267 3793 3350 3859 δὲ,
3380 3795 3431 3848 εί
3457 3794 3551 3849 δο-

1962 3885 2068 3949 κεῖ,
2099 3884 2207 3937 τῶν
2236 3881 2432 3937 κοινῶν
2469 3884 2606 3954 πρὸς
2641 3885 2988 3950 τοὺς.ἀλλους
3016 3886 3314 3958 ἐγκωμίων
3338 3887 3552 3960 ἀφέμε-

1961 3989 2072 4041 νος,
2096 3972 2165 4027 τά
2183 3971 2436 4045 ἐξαίρετα
2459 3972 2554 4027 τοῦ
2587 3974 2864 4047 μάρτυρος
2911 3975 3230 4049 διηγήματα
3271 3977 3407 4050 ὑμῖν
3433 3980 3546 4043 τοῖς

1961 4061 2323 4135 φιλομάρτυσι
2353 4061 2708 4136 διηγήσομαι.

2036 4260 2272 4329 Ἥνεγκε
2308 4260 2484 4315 τοίνυν
2527 4261 2618 4317 τὸν
2653 4262 2807 4332 ἀγιον
2850 4262 3018 4336 ἀνδρα
3048 4263 3273 4333 τοῦτον,
3309 4266 3368 4322 τὸ
3402 4269 3548 4339 μέγα

1964 4352 2306 4425 Χριστιανῶν
2340 4353 2553 4422 ὄφελος,
2582 4357 2615 4427 ή
2644 4357 2839 4424 γείτων
2864 4356 3104 4429 Σινώπη,
3148 4357 3306 4424 πόλις
3337 4361 3547 4432 ἀρχαία

286 4455 449 4510 nope,
499 4438 717 4511 antiqua
746 4439 936 4495 civitas
956 4452 1026 4492 ac
1055 4447 1199 4504 nota,
1252 4436 1472 4493 sortium
1520 4439 1761 4495 virorum
1791 4454 1856 4495 ac
1889 4474 1935 4530 D
1962 4445 2058 4499 καὶ
2094 4443 2368 4517 γνώριμος
2389 4485 2404 4512 ,
2446 4443 2677 4519 εὔπορος
2712 4448 2997 4521 καρτερῶν
3020 4450 3064 4484 ²⁷
3107 4451 3202 4507 καὶ
3231 4451 3547 4523 φιλοσόφων

286 4531 726 4602 pbilosophorum
762 4529 933 4586 ferax.
992 4527 1069 4584 Ne
1116 4528 1237 4600 quis
1264 4530 1406 4586 enirn
1454 4530 1585 4587 mibi
1626 4531 1679 4586 iu
1718 4545 1862 4603 prae·

286 4624 582 4680 sentiarum
612 4621 886 4679 diversam
909 4621 1222 4690 religionem
1251 4631 1500 4693 reputet;
1531 4625 1625 4680 sed
1659 4622 1710 4680 id
1744 4634 1860 4679 tan·

288 4729 423 4781 tum,
456 4730 583 4770 num
620 4715 843 4769 omnino
870 4714 1232 4770 studiosorum
1268 4715 1505 4769 virorum
1535 4714 1716 4771 nutrix
1743 4714 1859 4772 t'ue-

286 4810 356 4864 rit
384 4824 448 4863 ac
478 4821 693 4878 parens.
725 4804 861 4865 vnae
882 4816 1061 4862 autem
1083 4806 1319 4861 studium
1342 4806 1409 4868 ei
1433 4815 1549 4862 erat
1577 4807 1716 4862 horti
1745 4806 1861 4862 cul·

289 4909 430 4969 tura,
464 4912 625 4971 quem
656 4897 726 4953 ibi
759 4907 886 4953 ante
916 4907 1128 4967 portam
1161 4895 1398 4951 civitatis
1430 4895 1481 4950 in
1511 4896 1694 4952 lsthmi
1717 4898 1856 4953 dstio

286 4993 588 5063 possidens.
610 4989 898 5062 diligenter
922 4988 1156 5054 colebat,
1186 4998 1248 5041 ut
1269 4986 1376 5042 sibi
1401 5001 1466 5043 ae
1493 4987 1857 5058 indigentibus

286 5089 430 5136 esset
451 5081 577 5137 vitae
603 5080 872 5135 solatium.
907 5076 1015 5132 Sed
1039 5087 1093 5132 et
1124 5075 1450 5144 hospitibus,
1503 5086 1752 5147 prompto
1793 5091 1859 5132 ac

288 5168 454 5226 alacri
476 5172 677 5236 animo,
710 5184 927 5239 parvam
954 5184 1017 5224 ac
1048 5181 1334 5239 pauperem
1358 5166 1579 5223 domum
1612 5175 1854 5237 apertam

286 5259 523 5316 volebat.
550 5261 685 5314 Cum
711 5270 890 5316 autent
922 5260 1194 5316 babitaret
1234 5260 1289 5315 in
1318 5261 1401 5314 via
1449 5259 1682 5330 publica,
1731 5274 1854 5331 quoe

290 5347 667 5419 suppetebant,
714 5349 1125 5405 adventantibus
1181 5351 1484 5405 communia
1525 5351 1846 5421 promebam

290 5457 356 5499 ac
379 5440 477 5501 bot
518 5441 732 5511 quidam
761 5441 992 5509 medius,
1020 5458 1125 5498 non
1145 5442 1544 5498 Sodomitarum
1575 5445 1670 5499 sed
1692 5442 1852 5498 Sino·

360 5581 409 5616 ¹⁸
450 5581 602 5637 Deest
636 5590 813 5654 negat.
845 5584 897 5638 in
939 5582 1101 5639 sirm.
1150 5582 1352 5638 codice.

1961 4536 2191 4609 ἀνδρῶν.
2227 4537 2320 4609 Μὴ
2350 4537 2460 4611 γάρ
2494 4539 2587 4610 μοί
2625 4556 2710 4605 τις
2741 4541 3040 4610 λογιζέσθω
3065 4541 3162 4597 νῦν
3185 4543 3249 4598 τὸ
3270 4543 3378 4615 τῆς
3408 4544 3547 4617 θρη-

1959 4627 2146 4691 σκείας
2168 4627 2445 4701 διάφορον,
2469 4629 2584 4683 ἀλλ’
2607 4632 2658 4686 εί
2689 4633 2995 4688 σπουδαίων
3014 4633 3153 4699 ὅλως
3175 4634 3393 4708 ἀνδρῶν
3419 4653 3547 4710 τρο-

1959 4717 2059 4788 φὸς
2079 4719 2173 4773 καὶ
2196 4721 2381 4792 μήτηρ
2397 4719 2632 4792 ἐδείχθη.
2668 4722 2952 4795 ’Βπιτήδευ
2959 4741 3035 4796 μα
3045 4724 3103 4779 δέ
3121 4724 3275 4798 αὐτῷ
3285 4725 3384 4781 τοῦ
3402 4726 3544 4796 βίου,

1960 4811 2138 4882 κήπου
2167 4812 2411 4883 γεωργία
2437 4813 2531 4867 καὶ
2561 4813 2883 4885 ἐπιμέλεια,
2907 4817 3076 4889 ὅνπερ
3094 4817 3263 4873 αὐτοῦ
3293 4817 3401 4873 που
3434 4819 3543 4892 πρὸ

1957 4900 2061 4972 τῆς
2092 4901 2268 4975 πύλης
2297 4902 2393 4958 τοῦ
2421 4902 2614 4968 ἄστεος
2653 4906 2747 4959 ἐπὶ
2766 4905 2861 4960 τοῦ
2893 4907 3160 4979 στόματος
3183 4908 3281 4964 τοῦ
3321 4909 3536 4981 Ἰσθμοῦ

1955 5010 2121 5065 κεκτη
2129 4994 2307 5066 μένος,
2322 4996 2481 5067 ήσκει
2498 4996 2819 5065 φιλοπόνως,
2834 4997 3014 5069 ἐαυτῷ
3025 4999 3249 5065 καὶτοῖς
3262 5000 3538 5073 δεομένοις

1955 5084 2305 5157 παραμυθίαν
2328 5085 2422 5140 τοῦ
2448 5086 2587 5157 βίου.
2610 5085 2829 5157 Ἥνοιγε
2854 5088 2911 5143 δέ
2934 5090 3030 5143 καὶ
3058 5091 3169 5154 τοῖς
3196 5089 3380 5158 ξένοις
3397 5089 3545 5163 μάλα

1956 5174 2251 5248 προθύμως
2296 5176 2396 5248 τὴν
2441 5176 2642 5248 μικρὰν
2677 5178 2772 5231 καὶ
2800 5178 3101 5250 πενομένην
3145 5180 3359 5236 ἑστίαν.
3411 5181 3549 5236 Ἔπ-

1954 5266 2118 5321 οικῶν
2145 5265 2201 5319 δὲ
2230 5269 2295 5336 τῇ
2325 5266 2604 5338 λεωφόρῳ,
2640 5266 2798 5321 κοινά
2823 5271 2937 5331 τοῖς
2956 5267 3285 5339 ἐπιδημοῦσι
3319 5269 3551 5340 προετί-

1960 5357 2042 5413 θει
2073 5358 2142 5413 τὰ
2179 5357 2342 5413 ὄντα·
2394 5360 2489 5412 καὶ
2519 5358 2683 5430 μέσος
2720 5359 2764 5391 ⁸⁸
2814 5356 2882 5431 ἦν
2914 5358 3058 5415 Λὼτ.
3107 5359 3169 5413 ού
3207 5360 3545 5432 Σοδομιτῶν,

1959 5445 2095 5501 ἀλλὰ
2128 5444 2436 5502 Σινωπέων.
2470 5445 2577 5501 Τοῦ
2609 5447 2666 5501 δὲ
2693 5448 2885 5520 χρόνου
2915 5447 3292 5521 προελθόντος,
3326 5452 3426 5526 τήν
3452 5451 3549 5511 ἐν·

1433 5584 1476 5614 ¹⁷
1514 5582 1677 5639 Sirm.
1711 5583 1965 5652 γεναίων.
2040 5583 2086 5617 ¹⁸
2111 5582 2276 5638 Sirm.
2298 5578 2437 5645 νέος.

364 5718 477 5794 (⁴3)
517 5719 715 5777 Desunt
735 5720 913 5776 omnia
936 5720 1218 5790 superiora
1262 5720 1316 5774 ir·
1345 5718 1676 5790 autographo
1703 5717 1766 5774 R.
1791 5715 1854 5773 P.
1885 5718 2179 5785 sirmundi,
2220 5729 2270 5775 et
2305 5717 2444 5789 apud
2485 5715 2727 5773 Surium.
