3725 6125
580 378 857 436 EVAGml
894 373 1166 434 PONTlcl
1203 371 1364 430 ΗΕΒ.
1406 370 1663 428 ΜΟΝΑΩ.
1707 366 2076 426 RATtoNES.
2851 360 2991 417 ¹262

191 492 330 556 ιιὶας,
363 492 481 556 ταῖς
509 489 621 543 τῶν
649 491 820 561 λὸγων
851 507 942 543 σου
975 487 1314 556 ἐναλλαγαῖς,
1347 495 1393 550 Α
1421 489 1622 558 gitans,
1677 486 1729 540 in
1776 484 2062 541 traditione
2100 489 2154 536 et
2198 478 2511 549 acceptione
2551 486 2641 533 tua
2685 475 2990 532 cautionem

191 583 355 648 »ύτοις
382 584 482 654 τὴν
509 582 727 653 ἔντιμον
753 584 851 653 τῆς
886 581 1160 653 ἡμετέρας
1186 596 1320 650 προ-
1425 580 1601 633 sei-va.
1630 576 1735 631 Sed
1765 575 1807 629 si
1839 574 1977 644 quod
2005 572 2197 629 melius
2219 580 2305 628 est
2330 569 2577 638 elegeris,
2604 569 2761 640 idque
2792 567 2991 639 possis,

191 691 250 748 ῃς
279 674 370 727 καὶ
416 673 783 745 καταισχύνῃς
815 673 987 740 ἀξίαν.
1017 672 1202 734 Οῠτως
1226 670 1321 724 καὶ
1429 671 1482 725 in
1537 669 1700 723 alium
1749 667 1911 721 lidum
1945 665 2215 721 hominem
2259 677 2444 716 curant
2482 670 2627 716 tuam
2671 660 2859 728 rejice,
2888 674 2995 731 quo

191 762 474 828 ιποδόσεώς
503 781 597 817 σου
629 764 723 817 καὶ
753 760 966 832 λήψεώς
997 778 1090 814 σου
1120 759 1323 830 φυλάσ·

191 858 386 907 οεῖττον
419 854 571 925 αἱρῇ,
601 854 695 906 καὶ
723 852 838 905 ἐστι
870 868 952 903 σοι
978 851 1137 904 τοῦτο
1162 851 1321 905 δυνα-

1429 763 1502 817 ita
1529 761 1701 816 sactus
1725 760 1904 816 alacer
1927 769 1980 814 et
2008 755 2346 827 tranquillus,
2371 768 2468 825 spe
2492 756 2629 810 bona
2649 753 2991 825 iucundaque

1427 850 1740 922 perfruaris

191 966 201 996 o
245 966 370 1001 τινα
406 947 593 1001 πιστὸν
637 947 804 1017 ἄνδρα
846 944 1189 1017 παράρριψόν
1219 961 1313 997 σου
1350 944 1449 1017 τὴν
1513 945 1791 1018 φροντίδα,
1849 945 1999 1009 ὅπως
2030 943 2202 1009 οῦτως
2243 942 2476 1014 εῦθυμος
2511 940 2823 1012 γενόμενος,
2869 957 2998 1014 χρη.

195 1042 308 1111 ρεῖς
333 1036 477 1101 ἕξεις
504 1036 602 1099 τάς
628 1036 868 1099 ἐλπίδας.

191 1150 218 1185 ιι
250 1130 423 1193 οὕτως
463 1131 747 1200 παραινεῖν
774 1125 883 1181 οἵδε
915 1127 984 1180 τά
1021 1129 1266 1199 χρήσιμα
1293 1127 1321 1178 ὁ

192 1223 347 1286 ιόπος.
377 1221 511 1294 Φέρε
537 1220 603 1291 δὴ
644 1220 738 1273 καὶ
766 1218 874 1273 τῶν
904 1219 1034 1289 ἑξῆς
1061 1215 1320 1289 ἐπιφερο-

191 1316 220 1385 ῃ
271 1311 608 1382 πραγμάτων
659 1308 1049 1379 παραθήσομαί
1103 1325 1186 1361 σοι
1230 1309 1323 1360 τὸν

191 1419 232 1455 οι
260 1400 446 1464 ἄκουε,
485 1398 575 1452 καὶ
621 1397 764 1450 ποίει
797 1396 834 1450 ἃ
873 1395 1188 1465 ἐντέλλομαί
1219 1410 1322 1448 σοι.

191 1509 213 1543 ν
261 1490 341 1561 τῷ
386 1487 585 1557 κελλίῳ
625 1503 741 1543 σου.
788 1485 1064 1553 συνάγαγέ
1108 1501 1202 1537 σου
1235 1484 1327 1537 τὸν

191 1600 203 1633 ι
230 1581 442 1653 ἡμέρας
474 1579 705 1633 θανάτου
727 1594 739 1607 ·
777 1576 854 1630 ἴδε
880 1576 1003 1629 τότε
1028 1575 1123 1629 τοῦ
1149 1574 1329 1646 σώμα-

191 1689 314 1725 ισιν·
363 1670 533 1725 ἐννόει
582 1670 683 1741 τὴν
727 1668 1044 1740 συμφοράν·
1074 1666 1205 1720 λάδε
1235 1668 1329 1720 τον

191 1762 282 1816 ωθι
309 1761 412 1831 τῆς
441 1763 498 1814 ἐν
522 1760 598 1831 τῷ
623 1760 814 1830 κόσμῳ
835 1760 1011 1830 τούτῳ
1036 1758 1328 1829 ματαιότη-

191 1870 239 1906 at
264 1852 362 1922 τῆς
389 1868 449 1904 τε
474 1849 774 1913 ἐπιεικείας
804 1849 899 1902 καὶ
926 1850 1025 1920 τῆς
1056 1849 1290 1921 σπουδῆς
1310 1888 1327 1916 ,

191 1944 415 2006 παντὸς
464 1942 643 2014 μένειν
680 1943 748 2013 τῇ
782 1942 920 2012 αὐτῇ
951 1939 1202 2011 προθέσει
1231 1941 1331 2011 τῆς

191 2035 247 2108 ti]
275 2034 594 2105 ἀσθενήσας.
627 2032 912 2104 Μνήσθητι
943 2030 1000 2084 δὲ
1029 2032 1123 2085 καὶ
1150 2031 1249 2102 τῆς
1274 2033 1333 2085 ἐν

191 2127 515 2189 ιταστάσεως
537 2144 548 2155 ·
577 2125 791 2194 λογίζου
815 2124 876 2177 τὸ
908 2123 1027 2187 πῶς
1057 2123 1166 2194 ἄρα
1198 2123 1334 2176 εἰσὶν

206 2222 264 2274 ἐν
293 2222 423 2293 ποία
453 2220 759 2294 πικροτάτῃ
800 2222 979 2291 σιωπῇ
1005 2260 1017 2283 ,
1047 2219 1080 2290 ἢ
1116 2220 1174 2273 ἐν
1199 2216 1335 2288 ποίῳ

191 2309 392 2384 λαγμῷ,
436 2313 612 2385 ἡλίκῳ
657 2310 864 2384 φόὸῳῆ
904 2310 1135 2383 ἀγωνίᾳ,
1165 2309 1199 2380 ἢ
1228 2308 1335 2361 τίνι

191 2423 219 2459 ν
260 2406 536 2460 ἄπαυστον
597 2404 811 2475 ὀδύνην,
862 2401 925 2455 τὸ
964 2401 1191 2472 ψυχικὸν
1243 2398 1336 2454 καὶ

196 2514 344 2569 ρυον.
389 2497 550 2551 Ἀλλά
597 2497 692 2550 καὶ
740 2495 956 2566 ἡμέρας
987 2493 1337 2557 ἀναστάσεως

192 2608 274 2653 ,ως
307 2589 576 2660 μνήσθητι
607 2587 706 2658 τῆς
731 2586 866 2656 πρὸς
898 2586 988 2638 τὸν
1011 2583 1173 2637 Θεὸν·
1214 2599 1338 2653 epav-

191 2678 270 2730 σὸν
292 2678 387 2730 καὶ
407 2676 673 2747 φρικῶδες
699 2676 876 2727 ἐκεῖνο
901 2676 1075 2745 κρῖμα
1095 2690 1108 2704 ·
1134 2674 1234 2743 ἄγε
1258 2675 1339 2737 είς

192 2766 423 2835 ,κείμενα
460 2768 569 2828 τοῖς
615 2766 1041 2838 ἁμαρτάνουσιν,
1079 2763 1340 2837 αἰσχύνην

191 2875 228 2909 ,ν
267 2856 401 2910 Θεοῦ
440 2856 530 2909 καὶ
569 2858 798 2928 Χριστοῦ
847 2855 1036 2923 αὐτοῦ,
1069 2857 1339 2926 ἀγγέλων.

192 2945 431 3011 ξουσιῶν,
465 2948 556 2999 καὶ
584 2947 797 3002 πάντων
823 2948 1151 3019 ἀνθρώπων·
1179 2948 1249 3002 τά
1279 2962 1341 3001 τε

191 3039 327 3106 ἰ-ιτα,
358 3038 418 3093 τὸ
443 3037 550 3110 πῦρ
584 3038 822 3104 αἰώνιον,
852 3042 943 3095 τὸν
971 3038 1229 3111 σκώληκα
1249 3037 1344 3092 τὸν

191 3133 259 3186 τὸν
287 3133 574 3204 τάρταρον,
609 3134 671 3187 τὸ
710 3134 923 3199 σκότος,
949 3134 1042 3188 τὸν
1078 3133 1171 3187 ἐπὶ
1205 3133 1341 3186 πᾶσι

191 3224 392 3278 δόντων
421 3223 686 3295 βρυγμὸν,
732 3227 858 3289 τοὺς
899 3226 1098 3296 φόὅους
1122 3226 1217 3280 καὶ
1243 3224 1341 3289 τάς

192 3333 221 3368 ἐ
259 3314 323 3385 δὴ
366 3317 459 3369 καὶ
487 3315 554 3368 τά
592 3321 704 3380 τοῖς
737 3317 969 3381 δικαίοις
1012 3314 1349 3386 ἀποκείμενα

191 3407 302 3462 τίαν
323 3407 423 3478 τὴν
448 3408 584 3477 μετὰ
605 3407 739 3460 Θεοῦ
762 3409 975 3480 Πατρὸς
996 3407 1091 3462 καὶ
1110 3405 1345 3479 Χριστοῦ

191 3517 246 3564 ιν,
289 3500 668 3569 ἀρχαγγέλων,
698 3498 981 3565 ἐξουσιῶν,
1008 3499 1105 3553 καὶ
1149 3496 1349 3563 παντὸς

192 3591 396 3645 ,σιλείαν
425 3593 519 3645 καὶ
562 3591 630 3644 τά
670 3591 873 3661 ταύτης
906 3591 1225 3663 δωρήματα,
1250 3590 1350 3662 τὴν

193 3697 221 3733 ν
273 3681 577 3734 ἀπόλαυσιν
596 3692 610 3708 ·
668 3680 946 3751 ἑκατέρων
997 3679 1200 3734 τούτων
1251 3679 1350 3750 τὴν

191 3772 355 3843 ιαυτῷ
378 3790 389 3802 ·
427 3773 520 3826 καὶ
547 3772 638 3824 ἐπὶ
663 3773 759 3842 μὲν
785 3774 852 3842 τῇ
881 3772 990 3827 τῶν
1013 3771 1351 3844 ἁμαρτωλῶν

191 3867 247 3930 ἴε,
294 3865 515 3935 δάκρυε,
546 3864 772 3927 πένθους
803 3863 1017 3917 ἔνδυσαι
1059 3865 1159 3937 τὴν
1185 3865 1350 3930 ἰδέαν,

191 3958 213 4024 η
239 3956 334 4008 καὶ
366 3956 429 4009 σὺ
472 3954 632 4017 αὐτὸς
657 3956 716 4008 ἐν
740 3954 947 4019 τούτοις
974 3956 1139 4028 γένῃ·
1170 3957 1263 4008 ἐπὶ
1295 3953 1354 4009 δὲ

191 4058 355 4095 ’.ποκει
364 4043 541 4112 μένοις
563 4042 785 4110 ἀγαθοῖς
829 4046 986 4115 χαῖρε
1003 4044 1098 4098 καὶ
1121 4043 1353 4113 ἀγαλλία

191 4148 228 4182 ι·
269 4134 362 4186 καὶ
392 4132 596 4186 τούτων
630 4133 727 4203 μὲν
772 4134 1070 4190 σπούδασον
1115 4134 1355 4192 ἀπολαῦ-

191 4223 237 4277 5ἐ
264 4221 670 4294 ἀλλοτριοῦσθαι
688 4240 702 4254 ·
736 4225 836 4296 ὅρα
877 4225 951 4298 μὴ
979 4224 1208 4300 ἐπιλάθῃ
1234 4225 1358 4279 τού-

191 4331 207 4366 t
236 4313 382 4366 ἔνδον
417 4315 472 4365 ἐν
499 4311 575 4382 τῷ
602 4312 797 4385 κελλίῳ
821 4331 914 4367 σου
938 4315 1229 4389 τυγχάνῃς.
1253 4312 1354 4368 κᾶν

194 4408 257 4459 ἐκ
295 4404 498 4458 τούτων
527 4405 746 4476 μνήμης
779 4404 853 4477 μὴ
878 4407 1230 4481 παραρρίψῃς
1260 4422 1353 4459 σου

1499 1125 1592 1181 lx.
1624 1125 1749 1180 Hoec
1787 1123 1885 1179 tibi
1931 1138 1996 1178 eo
2044 1132 2204 1194 pacto
2250 1122 2480 1179 suadere
2524 1122 2673 1178 novit
2713 1124 2997 1179 commoda

1431 1218 1622 1273 modus
1649 1215 1864 1285 quietis.
1891 1219 2004 1285 Age
2028 1229 2175 1282 vero,
2221 1216 2384 1270 etiam
2427 1230 2605 1270 rerum
2647 1231 2767 1286 quae
2800 1215 2999 1271 deinde

1431 1308 1485 1361 in
1519 1322 1580 1361 ea
1615 1308 1964 1361 continentur
2010 1320 2228 1362 sensum
2286 1306 2379 1360 tibi
2425 1322 2725 1376 apponam3
2775 1318 2828 1363 tu
2870 1323 3000 1363 vero

1431 1397 1565 1452 mihi
1601 1395 1863 1459 ausculta,
1891 1402 1948 1447 et
1970 1409 2089 1465 qnae
2119 1396 2369 1466 praecipio
2401 1396 2495 1450 tibi
2521 1412 2837 1468 exsequere.
2860 1397 2998 1453 Cum

1433 1488 1589 1542 sedes
1619 1486 1671 1540 in
1704 1485 1832 1540 cella
1869 1495 1981 1552 tna,
2016 1485 2205 1556 collige
2246 1495 2476 1541 mentem
2511 1496 2652 1541 tuam
2680 1506 2695 1554 ;
2732 1500 3001 1545 memento

1433 1576 1538 1632 diei
1583 1576 1806 1641 mortis;
1859 1575 1985 1631 vide
2031 1584 2156 1631 tunc
2208 1576 2451 1643 corporis
2491 1576 2997 1647 mortificationem;

1433 1670 1607 1740 cogita
1654 1664 2059 1731 calattiitaten13
2093 1665 2331 1722 laborem
2372 1667 2712 1738 doloremque
2742 1683 2998 1737 assume;

1435 1763 1731 1818 condemna
1760 1762 2054 1817 vanitatem
2085 1761 2243 1830 hujus
2270 1762 2481 1829 mundi;
2517 1778 2703 1818 curam
2727 1780 2855 1835 gere
2879 1780 3004 1819 mo-

1433 1852 1618 1908 destiae
1648 1860 1703 1907 et
1743 1851 2070 1917 sedulitatis,
2103 1863 2158 1908 ut
2212 1854 2387 1923 possis
2422 1868 2642 1909 manere
2687 1869 2902 1924 semper
2947 1858 3000 1910 in

1433 1944 1621 2000 eodem
1650 1944 1844 2013 qnietae
1880 1945 2003 1999 vitae
2044 1947 2343 2015 proposito,
2382 1961 2480 2002 nec
2530 1949 2585 2002 in
2633 1948 2998 2004 infirmitatem

1437 2034 1663 2090 incidas.
1689 2033 1896 2090 Memor
1928 2050 2141 2106 quoquc
2180 2048 2298 2094 esto
2330 2048 2505 2095 status
2533 2041 2813 2109 przesentis
2839 2041 2892 2096 in
2924 2042 3005 2096 in-

1435 2125 1623 2192 fern03
1665 2135 1852 2197 reputa
1901 2127 2348 2197 quemadmodum
2395 2130 2504 2186 illic
2544 2130 2742 2202 degant
2786 2133 3002 2198 animae,

1437 2217 1490 2272 in
1524 2231 1633 2287 quo
1661 2217 2000 2274 amarissimo
2029 2218 2265 2286 silentio,
2296 2230 2391 2277 aut
2430 2222 2481 2276 in
2512 2236 2621 2292 quo
2650 2224 3007 2281 acerbissimo

1437 2308 1661 2380 gemitu,
1697 2308 1751 2362 in
1800 2308 1945 2378 quali
1998 2309 2210 2376 timore,
2257 2312 2551 2380 anxietate,
2598 2318 3007 2386 exspectatione

1437 2414 1668 2471 quanam
1705 2398 1988 2473 :[reputa]
2043 2416 2313 2472 nunquam
2352 2404 2680 2462 desinentem
2739 2406 3004 2471 dolorem,

1439 2492 1708 2564 lacrymas
1745 2491 1940 2549 animae
1980 2494 2101 2565 'quae
2127 2493 2232 2550 line
2259 2506 2465 2556 carent.
2498 2498 2603 2556 Sed
2633 2510 2688 2557 et
2717 2502 3007 2559 recordare

1440 2587 1547 2643 diei
1576 2587 1986 2643 resurrectionis
2014 2603 2076 2643 ac
2102 2590 2448 2648 exhibitionis
2480 2607 2663 2647 coram
2693 2594 2838 2663 Deo;
2870 2596 3008 2650 ima-

1440 2677 1629 2747 ginare
1656 2678 1990 2732 tremendum
2025 2687 2079 2732 et
2106 2678 2367 2736 horribile
2397 2682 2526 2737 illud
2553 2683 2849 2751 judicium;
2884 2700 3010 2756 pro·

1441 2765 1525 2823 fer
1573 2767 1630 2823 in
1684 2768 1917 2824 medium
1968 2784 2086 2838 qnae
2138 2773 2515 2839 peccatoribus
2561 2776 2797 2845 reposita
2862 2785 3009 2845 sunt,

1442 2860 1794 2932 ignominiam
1830 2861 1882 2916 in
1922 2872 2208 2931 conspectu
2239 2861 2330 2918 Dei
2362 2874 2417 2918 et
2449 2863 2649 2920 Christi
2674 2867 2812 2935 ejus,
2843 2882 3011 2937 ange-

1443 2953 1639 3020 lorum,
1682 2951 2149 3023 archangelorum,
2184 2962 2529 3023 potestatum,
2580 2964 3009 3025 cunctorumque

1445 3042 1759 3114 hominum3
1809 3045 1939 3102 item
1974 3045 2231 3118 supplicia
2280 3046 2485 3115 omnia,
2514 3046 2691 3114 ignem
2724 3056 3007 3117 aeternnm,

1369 3163 1414 3224 C
1445 3151 1681 3193 vermem
1715 3137 2096 3205 immortalem,
2135 3148 2418 3203 tartarum,
2462 3140 2735 3208 tenebras,
2768 3150 2820 3198 et
2851 3156 3013 3214 super

1451 3228 1565 3284 haec
1613 3229 1862 3284 universa
1898 3230 2186 3286 stridorem
2222 3231 2485 3297 dentium,
2525 3241 2759 3289 terrores
2786 3249 2853 3291 ae
2906 3244 3015 3291 tor·

1448 3330 1650 3376 menta.
1682 3320 1873 3376 Profer
1908 3335 2122 3390 qnoque
2177 3337 2239 3375 ea
2272 3337 2392 3391 qnae
2417 3322 2579 3390 justis
2625 3324 2854 3392 reposita
2888 3337 3017 3382 snut

1449 3413 1611 3477 bona,
1644 3408 1895 3465 fiduciam
1924 3424 2048 3463 cum
2080 3409 2189 3464 Deo
2214 3409 2371 3464 Patre
2410 3418 2464 3465 et
2497 3410 2715 3466 Christo
2741 3410 2883 3480 ejus,
2912 3430 3014 3470 an·

1451 3502 1605 3574 getis,
1632 3499 1994 3570 archangelis,
2026 3498 2406 3569 potestatibus,
2429 3510 2591 3567 atque
2613 3501 2759 3556 omni
2790 3505 3012 3574 populo,

1451 3609 1698 3666 regnum,
1733 3591 1959 3663 ejusque
1995 3589 2157 3656 dona,
2202 3589 2475 3658 gaudium,
2520 3588 2867 3660 voluptatem.
2900 3595 3015 3652 Ho-

1452 3701 1569 3741 rum
1598 3694 1948 3752 utrorumque
1970 3680 2280 3736 memoriam
2308 3681 2482 3736 adduc
2503 3681 2554 3736 in
2579 3692 2812 3738 mentem
2835 3694 3017 3754 tuam;

1451 3789 1515 3829 ac
1547 3773 1614 3828 de
1644 3781 1985 3843 peccatorum
2041 3771 2253 3841 quidem
2307 3770 2509 3842 judicio
2576 3772 2886 3843 ingemisce,
2925 3776 3015 3844 sse,

1452 3865 1615 3921 indue
1655 3863 1894 3919 habitum
1928 3863 2124 3927 luctuS,
2151 3862 2355 3917 veritus
2385 3878 2452 3917 ne
2486 3872 2542 3919 tu
2578 3879 2793 3937 quoque
2825 3868 2877 3923 in
2909 3870 3016 3927 illis

1451 3957 1753 4021 consistas;
1798 3955 1867 4010 de
1911 3954 2066 4010 bouis
2092 3969 2217 4010 vero
2251 3971 2368 4024 quae
2392 3954 2554 4026 justis
2590 3961 2820 4028 reposita
2865 3976 3014 4030 sunt,

1452 4046 1625 4118 gande
1649 4054 1703 4102 et
1727 4046 1937 4102 exsulta
1972 4057 2026 4100 et
2054 4047 2272 4113 laetare;
2301 4057 2463 4119 atque
2491 4059 2601 4104 tum
2629 4050 2713 4106 his
2744 4051 2849 4108 frui
2889 4069 3018 4110 con-

1455 4139 1634 4206 tende,
1667 4150 1779 4193 tum
1812 4138 1882 4194 ab
1925 4139 2034 4194 illis
2072 4153 2193 4194 esse
2234 4140 2461 4195 alienus,
2490 4141 2633 4197 Cave
2680 4157 2748 4199 ne
2782 4160 3016 4214 unquam

1456 4230 1646 4285 horum
1689 4230 2045 4297 obliviscaris,
2078 4231 2192 4286 sive
2229 4232 2371 4286 intra
2399 4232 2450 4286 in
2478 4233 2612 4289 cella
2646 4243 2733 4289 tua
2776 4236 2873 4303 sis,
2901 4239 3017 4292 sivo

1453 4330 1604 4375 extra
1638 4321 1870 4388 alicubi;
1910 4333 2144 4403 mentem
2176 4330 2319 4378 tuam
2376 4324 2479 4378 noli
2510 4326 2577 4379 ab
2607 4326 2797 4381 horum
2842 4344 3019 4384 recor-

1456 4410 1670 4465 datione
1691 4422 1972 4479 avcrtere;
2002 4426 2111 4481 quo
2130 4410 2212 4468 vel
2236 4427 2333 4482 per
2360 4427 2422 4469 ca
2450 4415 2693 4472 sordidas
2719 4419 3017 4492 noxiasque

203 4495 349 4556 ὅπως
382 4493 483 4547 κᾶν
524 4493 611 4546 διὰ
654 4491 856 4547 τούτων
896 4495 1022 4556 τοὺς
1081 4495 1354 4566 ῥυπαροὺς
1384 4506 1428 4561 D
1457 4504 1812 4576 cogitationes
1839 4503 2083 4576 effugias.

191 4604 196 4646 ;
228 4586 465 4658 ἐκφεύξῃ
490 4585 796 4657 λογισμούς.

224 4695 304 4730 σοι
337 4678 475 4730 ἔστω
507 4679 605 4749 ὅση
635 4677 858 4747 δύναμις
885 4676 1216 4732 κατενώπιον
1240 4681 1352 4733 Ku-
1387 4672 1394 4678 ’

191 4786 235 4821 iu
262 4768 361 4833 τὰς
407 4769 633 4839 ἀνομίας
662 4769 755 4823 καὶ
780 4768 877 4832 τὰς
903 4769 1177 4840 ἁμαρτίας
1198 4786 1355 4841 περι-

192 4859 335 4913 νύνει
373 4860 471 4931 τὴν
510 4859 706 4930 ψυχὴν,
737 4859 947 4927 ἁγιάζει
989 4859 1050 4912 τὸ
1078 4858 1351 4931 φρόνημα,

191 4949 378 5015 ιαύνει,
409 4949 540 5002 Θεὸν
568 4949 733 5016 ἐγγὺς
765 4944 901 5001 εἶναι
924 4947 1349 5020 παρασκευάζει.

207 5041 420 5112 ἡμέρας
446 5040 653 5110 φαγὼν,
677 5041 755 5103 είς
783 5038 1032 5109 δεύτερον
1064 5039 1138 5110 μὴ
1162 5039 1352 5092 ἐπιπο-

212 5132 582 5195 πολυδάπανος
603 5133 757 5201 γένῃ,
780 5129 874 5182 καὶ
893 5127 1231 5200 ἐκθορυῦὴσῃ
1256 5145 1349 5182 σου

193 5222 384 5277 Ἔνθεν
431 5222 731 5292 εὐπορῆσαι
775 5221 974 5292 δυνήσῃ
1014 5217 1107 5271 ἐπὶ
1148 5216 1216 5270 τά
1253 5217 1353 5288 τῆς

191 5354 215 5380 .,
245 5317 340 5368 καὶ
382 5311 546 5367 αὐτοῦ
589 5313 645 5365 δέ
676 5310 768 5366 τοῦ
809 5311 1054 5381 σώματος
1082 5309 1351 5382 νεκρῶσαι

194 5424 223 5457 ν
257 5407 313 5460 δὲ
356 5405 658 5475 ἀπάντησις
697 5404 938 5472 ἀδελφῶν
972 5402 1215 5474 γένηται,
1259 5403 1353 5454 καὶ

191 5515 294 5551 ιστε
319 5498 414 5550 καὶ
448 5495 695 5568 δεύτερόν
726 5511 783 5548 σε
810 5495 905 5548 καὶ
926 5494 1106 5564 τρίτον
1135 5496 1352 5563 φαγεῖν,

192 5607 219 5654 ς
263 5589 396 5661 μηδὲ
438 5587 789 5660 κατηφήσῃς·
831 5587 989 5657 χαῖρε
1026 5584 1085 5639 δὲ
1131 5582 1351 5656 μᾶλλον,

191 5680 356 5750 χρείας
374 5679 655 5748 γινόμενος
673 5692 690 5710 ·
716 5678 809 5731 καὶ
827 5677 886 5730 τὸ
913 5675 1162 5746 δεύτερον
1183 5673 1216 5745 ἢ
1237 5673 1355 5746 τρί-

197 5772 440 5843 χαρίστει
463 5771 539 5842 τῷ
567 5767 706 5839 Θεῷ,
731 5769 811 5822 ὅτι
837 5766 998 5838 νόμον
1023 5765 1243 5834 ἀγάπης
1269 5780 1358 5816 πε-

1512 4659 1593 4714 fx.
1630 4660 1897 4733 Jejunium
1937 4668 2037 4733 'pro
2084 4663 2224 4718 virili
2268 4679 2449 4720 coram
2501 4665 2610 4721 Deo
2647 4668 2855 4724 excole.
2888 4669 3014 4724 lllnd

1458 4753 1647 4810 delicta
1694 4763 1747 4810 et
1800 4762 2019 4825 peccata
2068 4763 2159 4811 tua
2211 4757 2481 4826 expi:ibit;
2528 4758 2763 4814 animam
2820 4774 3017 4824 ornat,

1458 4851 1689 4899 mentem
1715 4855 1956 4901 sanctam
1980 4845 2157 4909 eflicit,
2176 4846 2323 4917 pellit
2342 4848 2634 4915 daemones,
2658 4850 2825 4905 Deum
2854 4867 3020 4922 prope

1458 4953 1555 4991 nos
1583 4937 1817 4992 adducit.
1844 4938 2013 4993 Porro
2044 4953 2164 4993 cum
2192 4939 2356 4994 semel
2388 4940 2441 4994 in
2476 4941 2563 4998 die
2590 4945 2912 5012 comederis,
2954 4962 3020 5000 ne

1458 5029 1652 5081 iterum
1703 5027 2030 5084 manducare
2082 5031 2452 5102 concupiscas,
2488 5041 2547 5087 ut
2588 5048 2691 5088 non
2744 5035 2841 5090 fias
2872 5052 3019 5092 snm·-

1457 5129 1702 5189 ptuosus,
1739 5121 2089 5192 animumque
2138 5130 2285 5177 tuum
2315 5121 2619 5179 conturbes.
2656 5124 2791 5181 ilinc
2818 5128 3018 5197 poteris

1459 5221 1569 5266 tnm
1615 5211 1681 5265 ad
1727 5212 2090 5267 beneficentiae
2137 5226 2299 5281 opera
2342 5213 2639 5278 abundare,
2696 5223 2807 5269 tum
2850 5216 3020 5287 ipsius

1458 5305 1702 5373 corporis
1726 5302 1953 5359 affectus
1983 5305 2347 5374 exstinguere.
2383 5304 2606 5371 Quando
2638 5315 2815 5362 autem
2853 5309 3020 5364 adve-

1460 5395 1636 5450 nerint
1665 5393 1887 5462 fratres,
1913 5404 1967 5448 et
1996 5410 2215 5450 necesse
2245 5395 2404 5449 suerit
2444 5405 2496 5450 te
2523 5397 2607 5452 bis
2643 5407 2831 5468 terque
2866 5415 3020 5455 com-

1459 5491 1636 5555 edere,
1687 5502 1753 5544 ne
1784 5487 2109 5560 ingemiscas
2155 5498 2246 5543 aut
2278 5498 2504 5544 moestus
2533 5489 2640 5558 εἱος
2673 5493 2802 5562 quin
2846 5493 3031 5564 potiue

1459 5582 1706 5651 gaudeto,
1734 5581 1878 5651 quod
1900 5579 2209 5635 necessitati
2230 5581 2604 5651 obtemperes;
2634 5590 2799 5652 atque
2826 5582 2908 5639 bie
2938 5588 3021 5639 vel

1462 5682 1542 5727 ter
1567 5674 1917 5737 manducans,
1941 5669 2143 5737 gratias
2165 5684 2265 5742 age
2284 5670 2416 5738 Deo,
2444 5687 2510 5729 eo
2529 5673 2672 5744 quod
2697 5673 2869 5747 legem
2892 5675 3024 5731 cha·

1465 5762 1641 5818 ritatis
1664 5761 1989 5832 implereris,
2004 5762 2258 5834 quodque
2285 5762 2463 5835 ipsun
2482 5776 2617 5822 saue
2631 5761 2804 5821 Deam
2820 5774 3028 5820 nostre.
