3725 6125
391 311 497 383 aaa

1659 329 1719 389 s,
1761 296 2039 392 As‘rsnu
2076 334 2382 394 suasero

3557 301 3662 409 ιὸο

395 453 680 510 admodum
719 451 952 507 ineinbra
999 447 1273 520 corporis;
1313 454 1366 502 et
1411 458 1590 503 sermo
1632 454 1717 501 est
1759 445 1964 503 multo·
1997 452 2045 511 Α
2071 447 2219 503 ἐστὶν
2250 447 2429 517 λόγου,
2470 446 2542 512 ὡς
2571 448 2705 525 μέλη
2729 450 2979 525 σώματος
2999 470 3012 486 ·
3042 454 3137 509 καὶ
3160 453 3190 510 ὁ
3213 452 3315 527 μὲν
3344 451 3507 527 λόγος
3536 461 3663 515 πολ·

391 562 513 603 rum
566 545 849 601 verborum
874 543 919 576 ⁸⁰
942 542 1222 616 congeries
1250 539 1492 612 quaedam
1539 548 1595 596 ct
1619 547 1965 610 conspectus-3

392 640 554 694 verba
588 650 716 690 vero
750 643 916 702 guttae
954 642 1081 689 sunt
1114 641 1172 689 et
1201 632 1475 705 portiones
1514 638 1815 700 gustusque
1859 646 1968 686 ser-

392 729 568 785 monis
598 744 613 783 :
646 728 782 782 adeo
821 735 879 780 nt
922 726 1375 797 quemadmodum
1419 723 1598 779 multae
1641 735 1802 794 gun-‘e
1849 723 1965 781 cffi-

391 821 541 878 ciunt
567 819 820 886 imbrem,
854 835 954 876 nec
984 828 1161 875 tamen
1196 818 1367 874 imber
1392 826 1555 889 guttae
1586 827 1963 888 comparatur:

387 911 467 965 sic
498 909 665 965 multa
701 912 865 967 verba
919 924 1225 965 sermonem
1275 918 1626 978 componunt,
1658 923 1839 965 serino
1869 925 1967 964 au·

387 1014 493 1060 tem
528 1002 581 1058 in
613 1003 832 1059 nomina
859 1012 912 1059 et
943 1004 1106 1059 verba
1149 1013 1400 1067 secatum
1437 1009 1489 1056 et
1534 1000 1696 1055 verba
1741 1001 1964 1069 quidem

385 1095 758 1151 attribuuntur
781 1094 1044 1161 sermoni,
1077 1110 1183 1150 non
1213 1106 1391 1149 tamen
1424 1107 1607 1149 sermo
1639 1092 1838 1151 verbis.
1860 1093 1965 1148 lta·

384 1204 493 1259 que
525 1187 792 1260 propbeta
820 1187 1078 1258 quoniam
1127 1187 1381 1242 bortatur
1423 1185 1616 1252 Deum,
1654 1195 1710 1241 ut
1758 1198 1965 1241 annuat

384 1281 452 1337 ad
485 1280 815 1351 particulare
848 1279 1132 1334 verborum
1173 1292 1395 1332 suorum
1431 1291 1682 1341 examen,
1717 1291 1964 1334 omnem·

384 1391 490 1448 quc
522 1375 815 1432 dictionem
865 1388 1016 1429 suam
1068 1371 1360 1442 diligenter
1396 1382 1768 1441 recognoscat,
1800 1380 1855 1425 et
1885 1386 1966 1425 se·

384 1468 620 1524 cundum
673 1464 948 1536 recognita
984 1463 1249 1518 concedat
1285 1477 1406 1532 qnae
1434 1471 1711 1531 petuntur,
1738 1478 1843 1517 non
1876 1464 1961 1518 di-

384 1562 463 1616 xit
498 1577 512 1613 ι
548 1557 853 1614 Sermonem
898 1570 1072 1610 meum
1119 1554 1337 1608 auribus
1368 1554 1571 1624 percipe
1596 1592 1611 1617 ,
1640 1555 1733 1608 sed
1762 1552 1961 1608 :Verba

382 1666 495 1704 mea
532 1647 748 1703 auribus
775 1646 1002 1716 percipe,
1035 1643 1275 1700 Domine.
1318 1642 1430 1699 lloc
1465 1654 1571 1708 est,
1603 1642 1855 1715 Singulas
1881 1644 1961 1697 ‹li-

381 1743 589 1798 ctiones
612 1738 879 1796 orationis
907 1752 1039 1793 nieae
1060 1736 1247 1792 scdulo
1280 1736 1401 1805 lege
1421 1750 1484 1790 ac
1510 1749 1853 1804 recognosce.
1884 1733 1960 1789 Ne

2073 540 2181 594 λῶν
2209 540 2488 611 ῥημάτων,
2529 542 2728 615 σωρεία
2756 544 2839 609 τίς
2881 545 3032 600 ἐστιν
3076 545 3175 601 καὶ
3219 547 3470 619 σύνοψις,
3502 550 3575 606 τὰ
3608 551 3666 608 δὲ

2076 631 2298 702 ῥήματα
2334 629 2561 701 ψεκάδες
2604 634 2741 687 είσὶν
2774 634 2869 688 τοῦ
2906 636 3068 707 λόγου
3102 638 3198 693 καὶ
3234 639 3526 711 γεύματα·
3573 644 3667 697 καὶ

2072 719 2263 792 ὥσπερ
2295 722 2486 777 πολλαὶ
2518 724 2618 796 μὲν
2655 725 2890 796 ψεκάδες
2921 728 3075 782 ὑετὸν
3104 729 3533 802 άπαρτίζουσιν,
3567 734 3668 788 οὐκ

2072 811 2151 866 ἐτι
2180 812 2236 866 δέ
2268 815 2295 868 ὁ
2324 816 2477 879 ὑετὸς
2501 813 2695 887 ψεκάδι
2728 817 3126 891 παρεικάζεται
3147 838 3160 853 ·
3196 822 3376 887 οὕτως
3395 823 3468 878 τὰ
3497 825 3667 880 πολλὰ

2075 904 2175 976 μὲν
2212 905 2432 976 ῥήματα
2469 906 2560 961 τὸν
2601 908 2757 978 λόγον
2809 910 3190 982 συντηροῦσιν,
3230 916 3260 968 ὁ
3304 914 3362 969 δὲ
3404 915 3566 986 λόγος
3586 918 3667 980 είς

2070 996 2310 1067 ὀνόματα
2340 998 2434 1051 καὶ
2465 1000 2685 1070 ῥήματα
2725 1000 2982 1071 τέμνεται
3004 1020 3016 1033 ·
3059 1003 3153 1057 καὶ
3186 1003 3259 1058 τά
3299 1006 3399 1075 μὲν
3442 1008 3663 1079 ῥήματα

2072 1087 2168 1140 καὶ
2196 1087 2342 1157 λόγοι
2371 1089 2641 1157 λέγονται,
2670 1091 2730 1145 ού
2760 1091 2868 1164 μὴν
2891 1092 2991 1164 μὲν
3020 1095 3245 1166 ῥήματα
3273 1094 3444 1166 λόγοι.
3478 1098 3536 1153 Ὅ
3566 1096 3663 1154 οὖν

2072 1184 2355 1254 προφήτης
2391 1185 2472 1247 εἰς
2499 1183 2598 1255 τὴν
2637 1184 2777 1239 κατὰ
2813 1185 2978 1257 μέρος
2998 1186 3106 1240 τῶν
3142 1186 3308 1242 αὐτοῦ
3342 1189 3513 1257 λόγων
3566 1188 3655 1255 ἐξ·

2070 1273 2255 1327 έτασιν
2275 1273 2607 1346 παρακαλῶν
2641 1276 2922 1329 ἐπινεῦσαι
2980 1276 3070 1330 τὸν
3118 1277 3279 1346 Θεὸν,
3332 1280 3422 1332 καὶ
3463 1281 3645 1334 πᾶσαν

2070 1360 2235 1415 αὑτοῦ
2268 1361 2413 1427 λέξιν
2445 1363 2687 1436 άκριὸῶς
2718 1364 3048 1434 ἀναγνῶναι,
3078 1366 3173 1421 καίι
3203 1365 3335 1438 πρὸς
3364 1366 3433 1421 τά
3454 1368 3631 1437 άναγι·

2068 1452 2391 1523 νωσκόμενα
2416 1453 2599 1508 δοῦναι
2632 1455 2698 1508 τὰ
2729 1456 3046 1529 αἰτούμενα,
3086 1458 3188 1513 οὐκ
3224 1454 3397 1518 εἶπεν.
3428 1461 3532 1513 Τδν
3555 1460 3645 1514 26-

2067 1561 2163 1613 γον
2204 1563 2305 1617 μου
2330 1546 2608 1612 ἐνώτισαι,
2640 1548 2798 1614 ἀλλὰ,
2832 1551 2908 1604 Τὰ
2948 1550 3183 1621 ῥήματά
3214 1570 3337 1623 μου
3356 1551 3652 1617 &mira-eom,

2065 1639 2270 1707 Κύριε·
2299 1640 2419 1693 ἀντὶ
2445 1641 2563 1703 τοῦ,
2601 1642 2870 1711 Ἐκάστην
2898 1642 3039 1707 λέξιν
3075 1642 3183 1713 (79)
3218 1644 3322 1715 τῆς
3350 1645 3656 1716 προσευχῆς

2069 1748 2171 1802 μου
2202 1732 2446 1805 άκριόῶς
2480 1733 2771 1802 ἀνάγνωθι.
2803 1733 2893 1805 Μὴ
2922 1738 3165 1807 προσχῇς
3196 1736 3286 1805 ὑφ’
3312 1736 3371 1789 ἓν
3395 1736 3491 1789 τὸν
3526 1738 3658 1807 χάρ-

383 1843 490 1890 uno
523 1841 818 1904 conspectu
849 1831 902 1884 in
941 1828 1188 1885 cltartant
1218 1827 1487 1884 intendas,
1524 1824 1639 1881 Nun
1671 1826 1813 1881 enim
1840 1826 1958 1879 uni-
1991 1821 2034 1882 B
2062 1840 2184 1894 την.
2230 1825 2306 1877 Οὐ
2359 1825 2469 1896 γὰρ
2519 1826 2649 1896 μίαν
2682 1826 2866 1899 δέησιν
2913 1827 3154 1899 περιέχει
3199 1844 3302 1899 μου
3354 1830 3389 1900 ή
3447 1827 3653 1900 δέησις.

381 1941 501 1981 cam
554 1922 992 1994 deprecationem
1042 1918 1422 1988 complectitur
1464 1932 1583 1972 mea
1621 1918 1814 1974 oratio.
1851 1915 1958 1973 Sed

381 2020 504 2089 qnia
530 2031 864 2087 unaquaeque
884 2015 1049 2070 dictio
1073 2012 1344 2084 propriam
1405 2012 1566 2067 babet
1626 2011 1957 2082 rogationem

382 2111 557 2183 (dives
593 2110 736 2164 enim
779 2122 843 2162 ac
888 2113 1082 2175 potens
1110 2114 1194 2159 est
1239 2118 1398 2174 quem
1436 2102 1608 2175 rogo),
1648 2101 1810 2158 l’erba
1845 2121 1958 2158 mea

380 2200 595 2253 curribus
630 2197 856 2266 percipe,
902 2195 1145 2250 Domine.

450 2291 530 2346 Ac
568 2286 730 2344 sicuti
781 2301 880 2341 nos
926 2284 1142 2355 quando
1177 2281 1417 2339 libellum
1458 2281 1758 2351 supplicem
1786 2280 1957 2352 judici

378 2382 707 2454 explicatum
740 2378 1044 2444 offerimus,
1075 2376 1120 2432 si
1154 2376 1206 2430 in
1237 2375 1433 2429 charta
1469 2372 1623 2442 plura
1650 2373 1962 2427 continean-

378 2485 465 2529 tur
503 2474 703 2545 capita,
736 2470 816 2527 sic
859 2481 1114 2538 rogamus
1165 2479 1289 2521 eum
1322 2482 1336 2518 ι
1372 2461 1427 2516 ld
1487 2461 1688 2518 laboris
1716 2462 1957 2533 suscipe,

377 2567 614 2631 domino,
656 2573 828 2619 totum
878 2558 1123 2617 libellum
1169 2556 1235 2611 ad
1284 2555 1509 2611 verbum
1566 2555 1748 2625 legito,
1792 2557 1959 2611 multa

376 2667 503 2712 sunt
540 2669 661 2725 quae
708 2660 994 2724 petuntur,
1034 2661 1103 2704 ne
1139 2646 1407 2720 scriptum
1454 2645 1598 2702 velut
1632 2662 1794 2703 unam
1834 2662 1961 2703 nar-

379 2745 646 2805 rationem
696 2749 911 2813 reputes
942 2755 956 2793 :
984 2740 1101 2813 pari
1155 2740 1312 2796 modo
1347 2738 1642 2810 Propheta,
1672 2741 1761 2812 qui
1792 2741 1958 2798 Deum

377 2838 627 2895 obsecret
658 2844 720 2891 ut
752 2833 1060 2891 consentiat
1107 2832 1160 2888 in
1217 2832 1605 2901 particularem
1639 2834 1957 2906 petitionum

375 2944 597 2988 suarum
643 2922 1129 2989 exantitiationem,
1184 2922 1306 2978 ait:
1344 2915 1514 2977 Verba
1569 2940 1685 2980 meo
1741 2924 1959 2978 auribus

376 3022 601 3095 percipe,
641 3018 884 3080 Domine,
929 3014 1161 3088 intellige
1215 3015 1499 3073 clamorem
1546 3033 1737 3074 nterim.
1781 3017 1826 3074 0
1866 3018 1955 3074 Dei

377 3112 801 3186 benignitatem!
839 3108 864 3163 Ι
874 3106 1107 3178 intellige,
1136 3123 1254 3179 pro,
1282 3110 1955 3182 Animadverte.leaetelliqi-

2075 1914 2292 1987 Ἐπειδὴ
2343 1915 2400 1969 δὲ
2461 1918 2668 1988 ἑκάστη
2729 1916 2877 1983 λέξις
2938 1918 3075 1973 ἰδίαν
3131 1918 3246 1991 ἔχει
3306 1919 3659 1993 παράκλησιν

2064 2004 2338 2076 (πλούσιος
2385 2006 2492 2078 γάρ
2521 2008 2615 2061 καὶ
2651 2007 2875 2073 δυνατὸς
2929 2011 2957 2063 ὁ
3007 2004 3548 2081 παρακαλούμενος),
3582 2013 3661 2066 Τὰ

2058 2096 2292 2168 ῥήματά
2309 2117 2429 2169 μου
2452 2098 2751 2165 crastinae,
2778 2102 2975 2172 Κύριε.

2132 2286 2245 2342 Καὶ
2295 2286 2484 2360 ὥσπερ
2530 2276 2694 2360 ἡμεῖς
2738 2292 2987 2363 ἐντυχίαν
3012 2291 3090 2363 τῷ
3136 2292 3367 2368 δικαστῇ
3404 2293 3651 2350 ἀναπτύ-

2061 2377 2252 2446 ξαντες
2279 2379 2414 2452 (80),
2459 2380 2558 2435 ἐὰν
2594 2383 2653 2435 ἐν
2696 2383 2775 2454 τῷ
2805 2384 2983 2457 χάρτῃ
3017 2384 3192 2440 πολλὰ
3231 2387 3538 2459 ἐμφέρεται
3584 2385 3656 2442 τὰ

2061 2466 2370 2535 κεφάλαια,
2409 2470 2839 2543 παρακαλοῦμεν
2892 2473 3088 2527 αὐτόν·
3130 2474 3355 2546 Κάμοῦ,
3392 2476 3652 2542 δέσποτα,

2060 2559 2196 2630 πρὸς
2241 2559 2387 2628 λέξιν
2442 2562 2534 2615 τὸν
2584 2562 2791 2634 χάρτην
2842 2564 3137 2634 ἀνάγνωθι,
3189 2566 3365 2621 πολλά
3403 2570 3556 2621 ἐστιν
3584 2569 3652 2623 τά

2061 2646 2390 2722 ζητούμενα,
2418 2652 2493 2723 μὴ
2531 2652 2607 2717 ὡς
2649 2652 2707 2706 ἓν
2735 2655 2981 2727 διήγημα
3010 2655 3246 2731 νομίσῃς
3271 2657 3335 2713 τὸ
3361 2658 3654 2731 σύγγραμ-

2063 2759 2139 2813 μα
2158 2759 2171 2773 ·
2205 2741 2378 2808 οὕτως
2408 2746 2437 2798 ὀ
2465 2747 2750 2818 προφήτης
2781 2749 2862 2811 εἰς
2907 2747 3006 2819 τὴν
3035 2749 3180 2804 κατὰ
3215 2750 3386 2824 μέρος
3411 2752 3526 2807 τῶν
3555 2754 3654 2826 (q-

2058 2834 2336 2906 τουμένων
2372 2836 2521 2908 αὐτῷ
2558 2839 2803 2905 ἐξέτασιν
2843 2840 3125 2896 ἐπινεῦσαι
3165 2841 3259 2898 τὸν
3289 2843 3426 2898 Θεὸν
3467 2861 3653 2917 παρα-

2060 2928 2261 2992 καλῶν,
2296 2929 2489 3001 φησίν·
2533 2932 2608 2986 Τὰ
2648 2932 2889 3003 ῥήματά
2931 2951 3051 3003 μου
3097 2936 3404 3003 enectam,
3452 2942 3651 3008 Κύριε,

2059 3022 2246 3087 orii-ec
2276 3022 2386 3093 τῆς
2418 3024 2687 3094 κραυγῆς
2731 3043 2870 3096 μου.
2902 3027 2969 3081 Ὠ
2999 3028 3101 3101 τῆς
3127 3030 3234 3091 ,τοῦ
3276 3030 3416 3088 Θεοῦ
3461 3034 3653 3103 φιλαν-

2060 3112 2307 3194 Θρωπὶας
2330 3115 2441 3184 (81)
2471 3116 2482 3169 l
2518 3116 2608 3183 Τὸ,
2638 3118 2845 3184 Erit-ec,
2869 3119 2991 3173 ἀντὶ
3020 3119 3135 3186 τοῦ,
3163 3121 3392 3194 Νόησον.
3423 3127 3648 3180 Σύνετε

375 3218 424 3261 te
457 3205 597 3274 jam,
644 3200 951 3270 insipientes
994 3201 1048 3265 in
1086 3200 1303 3271 populo,
1338 3210 1410 3262 et,
1464 3200 1638 3262 stulti,
1671 3201 1955 3271 aliquando
1984 3177 2025 3233 C
2058 3203 2158 3274 δὴ,
2186 3205 2447 3276 ἄφρονες
2472 3207 2541 3260 ὲν
2580 3207 2660 3274 τῷ
2694 3209 2843 3276 λαῷ,
2873 3210 3214 3280 nahum-902,
3238 3213 3381 3266 mg·
3406 3214 3641 3282 φρονή-

375 3296 545 3365 sapite
562 3292 630 3350 ⁸¹.
656 3292 820 3363 Atqui
867 3304 966 3346 nos
1010 3303 1133 3345 cum
1160 3288 1462 3360 sapientem
1496 3289 1679 3353 virum
1726 3290 1960 3362 alloqui·

377 3403 517 3454 ntur,
544 3401 648 3441 non
682 3384 944 3440 audemus
973 3382 1151 3438 dicere
1183 3399 1196 3435 ;
1228 3382 1610 3438 Animadverte
1639 3398 1760 3452 qnae
1794 3384 1952 3450 dic-03

377 3493 446 3535 ne
495 3476 586 3533 ille
624 3486 878 3546 tanquam
930 3473 1205 3543 negligens
1230 3483 1323 3527 aut
1348 3474 1514 3527 tarda:
1559 3476 1752 3529 mentis
1792 3475 1955 3530 bonno

376 3580 675 3643 reputetur.
712 3569 820 3625 Deo
851 3575 1030 3622 autem
1060 3566 1150 3635 qui
1185 3565 1350 3621 etiam
1379 3574 1539 3620 antea
1588 3567 1955 3636 cogitationes

377 3664 546 3729 novit,
600 3662 863 3733 propbeta
915 3658 1052 3714 dixit
1082 3675 1094 3711 ι
1127 3657 1394 3727 Intelliqe,
1422 3658 1811 3714 animadverte.
1848 3659 1950 3714 Sed

374 3755 826 3828 quemadmodum
855 3753 1071 3809 dicens:
1097 3751 1325 3806 Auribus
1349 3753 1577 3820 percipe,
1610 3752 1812 3807 sciebat
1845 3754 1952 3808 Deo

376 3861 717 3920 nequaquam
764 3859 885 3900 esse
925 3857 1086 3897 aures
1127 3841 1446 3907 sensibiles,
1500 3841 1579 3895 sic
1619 3841 1845 3896 dicendo
1884 3843 1950 3897 ad

378 3942 544 3996 Deum
569 3954 585 3993 z
614 3937 878 4004 Intelliye,
920 3950 1026 3990 non
1065 3942 1320 4002 tanquam
1357 3932 1424 3986 ad
1458 3947 1581 3987 euin
1632 3933 1723 4001 qui
1763 3934 1951 3989 edoce·

376 4043 527 4089 retur
550 4047 616 4088 sc
645 4032 920 4101 ignoraret
952 4025 1294 4096 loquebatur,
1327 4024 1422 4078 sed
1447 4033 1704 4092 tanquam
1732 4025 1799 4079 ad
1823 4038 1947 4079 eum

375 4129 467 4201 qui
531 4123 965 4184 inenarrabiliter
997 4132 1053 4178 et
1090 4121 1422 4193 cogitatione
1470 4119 1634 4176 citius
1675 4124 1951 4193 cognoscit
1985 4153 1994 4164 ,

376 4221 667 4295 postulata,
698 4225 989 4288 antequam
1017 4215 1139 4285 quis
1167 4223 1334 4283 petat.
1367 4213 1478 4268 Aut
1508 4212 1669 4268 etiam
1701 4215 1825 4284 quia
1868 4214 1950 4282 Ju-

373 4325 491 4370 stus
527 4312 634 4368 Deo
667 4307 998 4380 cogitatione
1023 4305 1367 4376 loquebatur,
1394 4314 1627 4376 eratque
1655 4304 1708 4362 ei
1741 4305 1949 4362 clamor

373 4412 628 4462 contenta
656 4399 856 4463 oratio,
886 4404 942 4455 et
969 4397 1296 4468 loquebatur
1318 4398 1434 4452 non·
1455 4395 1707 4466 loquens,
1739 4395 1948 4452 clama-

2057 3306 2225 3351 σατε.
2279 3297 2390 3353 Καὶ
2442 3300 2600 3369 ήμείς
2649 3300 2748 3371 μὲν
2811 3302 2960 3373 σοφῷ
3009 3303 3162 3376 ἀνδρὶ
3199 3301 3477 3367 λαλοῦντες
3499 3345 3514 3367 ,
3566 3306 3635 3360 οὐ

2057 3386 2345 3460 τολμῶμεν
2391 3389 2590 3458 εἰπεῖν,
2613 3393 2825 3464 Νόησον
2855 3394 2891 3448 ἃ
2936 3394 3099 3464 λέγω,
3125 3393 3212 3449 ῐνα
3237 3393 3313 3466 μὴ
3339 3394 3416 3459 ὡς
3432 3395 3628 3465 ὀλίγω-

2058 3498 2151 3554 ρος
2182 3482 2215 3555 ἢ
2249 3483 2548 3555 βραδύνους
2573 3485 2826 3559 νομισθῇ.
2858 3487 2979 3560 Θεῷ
3003 3488 3065 3544 δὲ
3087 3480 3168 3562 ἦ
3185 3489 3285 3545 'ult
3309 3489 3417 3562 πφδ
3439 3491 3635 3547 τούτου

2053 3576 2153 3641 τάς
2178 3577 2504 3650 ἐνθυμήσεις
2544 3581 2706 3635 εἰδὰτι
2750 3582 2777 3634 ὁ
2823 3584 3111 3655 προφήτης
3157 3581 3375 3654 ἔλεγεν,
3428 3586 3650 3651 Σύνες,

2054 3669 2265 3740 νόησον.
2308 3672 2445 3724 Ἀλλ·
2480 3671 2667 3746 ὥσπερ
2697 3674 2775 3737 τὸ,
2817 3675 3148 3740 Ἐνώτισαι,
3185 3675 3380 3742 εἰπὼν,
3414 3679 3477 3732 ού
3512 3680 3651 3733 πάν·

2052 3777 2161 3824 τως
2188 3755 2301 3816 ὧτα
2328 3763 2563 3834 αἰσθητά
2601 3765 2691 3818 τὸν
2719 3765 2849 3819 Θεὸν
2879 3766 3019 3837 ἔχειν
3056 3767 3174 3839 ᾔδει
3201 3785 3215 3798 ·
3241 3768 3419 3831 οὕτως
3457 3772 3553 3824 καὶ
3592 3772 3653 3824 τὸ

2052 3854 2226 3905 εἰπεῖν
2254 3852 2331 3924 τῷ
2370 3854 2509 3925 Θεῷ,
2553 3858 2763 3924 Σύνες,
2794 3858 2891 3929 οὐχ
2925 3858 3000 3922 ὡς
3038 3858 3526 3933 άναδιδασκομένῳ
3560 3865 3652 3916 καὶ

2051 3943 2334 4012 ἀγνοοῦντι
2364 3944 2561 4012 ἐλάλει,
2595 3947 2710 4000 ἀλλ’
2757 3948 2833 4013 ὡς
2883 3950 3210 4022 άπορρήτως
3259 3952 3361 4004 καὶ
3389 3952 3647 4024 ὀξύτερον

2050 4034 2291 4100 διανοίας
2316 4036 2478 4090 εἰδότι
2507 4039 2575 4092 τά
2601 4041 2878 4111 αἰτήματα
2910 4042 3015 4113 πρὸ
3040 4041 3132 4094 τοῦ
3163 4043 3415 4114 αἰτῆσαι.
3453 4047 3521 4099 Ἥ
3551 4046 3643 4098 καὶ

2049 4127 2236 4200 ἐπειδὴ
2272 4128 2414 4182 κατὰ
2456 4129 2695 4185 διάνοιαν
2730 4134 2759 4185 ὁ
2795 4132 3001 4198 δίκαιος
3046 4131 3125 4204 τῷ
3156 4134 3279 4205 Θεῷ
3313 4135 3519 4199 ἐλάλει,
3548 4138 3637 4190 καὶ

2044 4215 2113 4291 ἦν
2138 4220 2286 4290 αὐτῷ
2319 4221 2535 4293 κραυγὴ
2587 4224 2621 4293 ή
2665 4221 2918 4289 σύντονος
2960 4227 3259 4297 προσευχὴ,
3318 4228 3415 4282 καὶ
3465 4229 3637 4282 ἐλάλει

2050 4311 2124 4382 μὴ
2150 4295 2345 4376 λαλῶν,
2374 4313 2466 4366 καὶ
2495 4314 2723 4386 ἔκραζεν
2748 4316 2877 4370 ἄνευ
2908 4317 3122 4388 φωνῆς’
3143 4318 3325 4384 οὐδεὶς
3345 4321 3402 4375 δὲ
3431 4320 3639 4395 ἀνθρώ-

2046 4415 2164 4453 πων
2184 4402 2293 4454 νοεῖ
2314 4399 2491 4473 ψυχῆς
2525 4403 2767 4476 κραυγὴν
2784 4406 3164 4478 άνεκλάλητον,
3189 4409 3240 4462 εί
3269 4410 3348 4483 μὴ
3383 4411 3520 4475 Θεὸς
3547 4413 3638 4482 μό-

374 4500 577 4568 batqne
617 4495 737 4553 sine
763 4509 929 4560 νοτες
957 4489 1239 4549 bominum
1275 4500 1458 4547 sutem
1507 4489 1688 4545 nullus
1713 4489 1945 4560 percipit
1975 4531 2018 4586 D
2046 4507 2165 4556 νος·
2200 4490 2287 4545 διὰ
2322 4493 2481 4547 τοῦτο
2517 4496 2594 4566 τῷ
2628 4494 2772 4568 μόνῳ
2799 4497 3051 4553 ἀκούοντι
3084 4499 3192 4554 τῶν
3230 4500 3311 4572 μὴ
3336 4502 3639 4558 λαλούντων

372 4588 696 4650 ineffabilem
740 4586 934 4643 animoe
962 4585 1278 4650 clamorem,
1310 4585 1408 4640 sed
1442 4581 1590 4639 solus
1616 4582 1788 4649 neum
1820 4580 1943 4637 ideo
2049 4581 2232 4652 ἔλεγεν
2250 4599 2265 4615 ·
2291 4585 2480 4651 Σύνες
2504 4584 2615 4654 τῆς
2647 4587 2913 4658 κραυγῆς
2934 4607 3073 4659 μου.
3103 4591 3274 4646 -Σὺ
3294 4593 3430 4663 γὰρ,
3454 4595 3635 4664 φησὶν,

371 4685 511 4743 dixit
539 4684 609 4740 ad
635 4696 759 4737 eum
802 4677 911 4749 qui,
931 4676 1082 4734 solus
1112 4690 1208 4731 eos
1239 4674 1333 4746 qui
1369 4688 1478 4730 non
1514 4671 1810 4742 loquuntur
1839 4687 1939 4727 au-

442 4845 486 4878 ⁸¹
517 4842 662 4902 Psal.
691 4856 846 4907 xcut,
872 4839 926 4895 8.

444 5006 557 5082 (70)
595 5003 792 5071 Λέξις.
824 4998 1022 5056 Vocem
1057 4997 1256 5066 λέξεως
1297 4996 1547 5052 retinebit
1578 4996 1668 5067 qui
1703 4996 1841 5051 volet
1883 4997 1936 5052 in

372 5080 774 5147 chrysostomo,
812 5081 952 5127 orat.
992 5068 1067 5123 De
1105 5068 1405 5134 poenitentia
1443 5077 1491 5122 et
1521 5069 1934 5134 compunctione,

374 5150 455 5205 t.t
478 5148 606 5201 edit.
632 5145 832 5210 Paris„
856 5156 981 5194 auiti.
1011 5138 1172 5201 ¹609,
1201 5153 1256 5207 p.
1282 5136 1415 5205 68ος
1442 5148 1497 5192 et
1523 5136 1642 5192 t.Vl
1667 5136 1939 5191 Saviliano

373 5233 469 5274 seu
496 5215 703 5279 Gra-co,
736 5232 788 5284 p.
816 5212 939 5280 774,
969 5211 1004 5263 l.
1036 5223 1128 5272 xx,
1155 5207 1243 5263 ubi
1274 5209 1341 5263 de
1373 5207 1582 5265 Rabab.
1612 5208 1724 5278 Ego
1755 5218 1936 5263 alitem

374 5287 673 5343 emendabo
720 5284 936 5352 δέξεως.
984 5278 1186 5335 Locum
1236 5292 1340 5333 non
1381 5278 1663 5350 subiungo,
1698 5279 1822 5349 quia
1875 5279 1940 5334 iis

373 5366 517 5413 notre
549 5356 664 5410 ista·
691 5358 1019 5416 scribuntur,
1059 5350 1147 5418 qui
1180 5348 1346 5404 libros
1384 5349 1603 5415 babent,
1631 5364 1833 5420 eosque
1862 5347 1941 5402 ie-

372 5441 502 5499 gere
526 5434 580 5479 et
616 5425 854 5494 relegere
881 5436 986 5477 non
1000 5420 1067 5500 pi
1114 5427 1317 5472 rantur.

444 5495 558 5566 (80)
608 5493 928 5562 Ἐντυχίαν
953 5507 1034 5557 τῳ
1111 5487 1349 5557 maoz-fi.
1374 5488 1528 5546 Circa
1567 5504 1749 5544 vocem
1784 5489 1939 5542 ἐντυ-

373 5566 500 5641 χίας
533 5580 636 5620 ιιοιι
664 5579 828 5634 pauca
860 5561 960 5616 viri
990 5562 1154 5617 docti.
1181 5558 1249 5613 lis
1287 5574 1381 5614 nos
1406 5560 1471 5613 de
1500 5575 1648 5616 more
1679 5574 1941 5639 suppres-

373 5641 479 5705 sis,
518 5634 853 5706 proferemus
881 5648 943 5687 ex
993 5629 1320 5686 adversariis
1369 5631 1569 5686 nostris
1607 5633 1940 5685 emendatio·

375 5722 519 5766 rtem.
563 5705 633 5760 Ea
682 5706 784 5759 erit
818 5708 867 5756 in
902 5701 1216 5765 Atltanasi0,
1249 5701 1435 5756 bomil.
1477 5701 1531 5753 in
1579 5697 1936 5759 parasceven,

373 5793 496 5834 cunt
542 5775 801 5832 latronem
857 5777 1051 5828 bonum
1097 5771 1170 5826 ita
1200 5771 1501 5839 compellat,
1528 5763 1599 5822 *Ω
1627 5767 1819 5843 λῃστά,
1846 5768 1938 5823 τὸν

2047 4674 2231 4743 μόνος
2248 4674 2571 4731 ἐπίστασαι
2603 4678 2706 4744 τὰς
2732 4678 2977 4748 καρδίας
2998 4680 3117 4736 τῶν
3136 4683 3488 4753 ἀνθρώπων,
3521 4686 3639 4739 ἐλε-

2042 4999 2365 5067 προγονικδν
2417 4998 2520 5070 κλῆ
2590 5014 2619 5051 ν
2671 4998 3004 5071 ἀπολόμενον
3057 4999 3146 5054 διὰ
3199 5003 3334 5072 μιᾶς
3374 5003 3636 5076 εὐτυχίας

2042 5068 2483 5140 άνακτησάμενε.
2568 5071 2655 5122 olo
2686 5071 2834 5124 enim
2867 5068 3054 5139 reponi
3098 5072 3373 5143 ἐντυχίας.
3413 5070 3471 5127 ld
3505 5087 3633 5133 est:

2045 5136 2091 5193 0
2128 5140 2268 5192 latro
2292 5140 2380 5207 qni
2412 5140 2606 5192 avitam
2641 5140 2997 5193 haereditatem
3057 5143 3309 5196 antissam
3350 5145 3516 5200 unica
3545 5162 3632 5217 pe-

2045 5209 2231 5263 titione
2260 5210 2603 5279 recuperasti.
2631 5209 2799 5263 l‘orro
2823 5209 3033 5280 judii-es
3058 5211 3143 5265 ete·
3181 5221 3340 5267 anter
3366 5228 3395 5268 a
3425 5212 3627 5273 Graecis

2045 5277 2384 5349 appellantur
2429 5278 2609 5350 κύριοι
2657 5280 2756 5351 τῆς
2787 5279 2862 5352 ψή
2908 5296 2991 5333 ου.
3036 5280 3090 5334 ln
3174 5282 3476 5342 ellectione
3523 5286 3624 5341 nn-

2048 5365 2226 5413 tnana,
2266 5358 2422 5417 parte
2449 5367 2487 5414 t,
2523 5366 2574 5419 p.
2606 5351 2693 5415 15,
2726 5353 2827 5406 ¹6:
2897 5349 3059 5404 iudicii
3089 5350 3317 5414 domini,
3352 5358 3628 5411 minino-

2048 5419 2205 5472 tionis
2254 5420 2515 5474 dominns.
2563 5420 2713 5486 Quod
2765 5422 2884 5475 ideo
2932 5423 3246 5485 observavi,
3300 5424 3431 5491 quia
3489 5425 3629 5497 apud

2038 5486 2335 5550 Philonem,
2388 5488 2527 5544 libro
2576 5492 2650 5543 De
2688 5491 2976 5559 Decoloqo,
3030 5504 3084 5559 p.
3121 5490 3261 5557 764,

3388 5505 3633 5553 “culoso

2039 5559 2301 5622 scriptum
2338 5560 2574 5613 invenies
2598 5562 2724 5624 τοὺς
2752 5560 3092 5632 κατηγόρους
3122 5561 3225 5632 τῆς
3254 5508 3466 5635 ψῖζου.

2111 5629 2223 5698 (81)
2267 5629 2337 5681 Ὢ
2380 5627 2489 5697 τῆς
2520 5631 2625 5685 τοῦ
2661 5631 2810 5686 Θεοῦ
2864 5632 3357 5701 φιλανθρωπίας]
3407 5635 3627 5691 Plenius

2040 5710 2229 5754 catena
2258 5699 2312 5752 in
2340 5714 2369 5752 t.
2398 5698 2625 5764 psalmos
2650 5716 2668 5754 .·
2702 5701 2747 5756 0
2774 5704 3032 5771 ingentem
3071 5703 3339 5766 1.r0p!tetoe
3368 5703 3620 5777 loquendi

2040 5769 2362 5826 libertatem!
2395 5784 2424 5822 o
2466 5769 2655 5825 miram
2689 5771 2786 5827 Dei
2819 5771 3226 5841 beniqnitotcm!
