3725 6125
243 273 378 331 tsot

1360 271 1416 326 S.
1458 272 1663 330 tSAtAE
1703 273 1994 333 ABBATts
2030 276 2443 338 onA'rtoNEs.

3387 288 3528 345 1202.

242 406 433 450 seusu.
466 384 559 444 Vae
587 386 767 451 nobis,
794 386 919 457 quia
953 385 1205 457 ptittc‹·ps
1259 390 1450 447 anima·
1490 409 1615 463 pars
1657 395 1830 462 carni,
1863 400 1913 456 Α
1943 396 2377 469 incorruptisque
2402 399 2556 455 bonis
2591 415 2688 455 uns
2724 400 3099 472 spoliavimus.
3128 403 3216 459 Vae
3236 405 3526 477 nobis,qni

243 496 367 552 quae
389 479 585 535 ancilla
609 485 717 545 est,
757 476 968 536 servit.
1025 488 1079 532 ct
1132 495 1258 548 pars
1316 483 1552 538 deterior
1613 486 1842 555 imperat

249 572 658 646 praestantiori,
690 585 885 641 nempe
911 571 1084 626 ambae
1112 575 1409 630 concordes
1442 588 1605 646 atque
1645 580 1840 633 unani·

251 684 368 723 tues
427 663 770 736 procreatori
824 678 925 719 suo
983 665 1226 720 serviunt
1274 666 1401 722 Deo.
1442 666 1533 722 Vae
1579 669 1756 733 nobis.
1793 672 1844 726 in

253 772 397 829 qnos
432 765 651 826 peccata
693 754 850 808 malis
880 764 937 809 et
980 755 1271 812 immundis
1317 758 1741 829 cogitationibus
1760 762 1848 818 de-

272 849 632 911 bacchantur,
658 860 836 917 neque
862 860 962 900 nos
984 845 1127 901 inter
1151 848 1240 903 Dei
1274 849 1573 906 discessum
1598 864 1653 907 et
1680 854 1849 925 impu·

261 954 443 994 rorum
473 936 763 1007 spirituum
811 949 1090 990 accessum
1131 938 1313 991 sinunt
1370 939 1699 1000 discernere.
1755 942 1849 999 Vre

210 1027 215 1032 '
262 1029 433 1095 uobis,
468 1029 562 1099 qui
596 1036 708 1084 tam
743 1026 900 1082 stulti
925 1038 1113 1082 antuus
1134 1036 1299 1097 atquc
1340 1028 1724 1099 imprudentes.
1766 1044 1845 1100 ut,

191 2719 207 2753 t

191 2815 207 2851 l

258 1140 380 1181 cunt
408 1122 600 1178 landes
620 1131 933 1176 sanctorum
958 1135 1316 1190 aucupemur,
1377 1137 1541 1191 opera
1589 1135 1767 1181 tamen
1797 1137 1851 1183 t’t

255 1215 504 1273 actiones
533 1227 728 1268 eornm
762 1210 1003 1267 nolumus
1033 1213 1256 1268 imitari.
1303 1215 1394 1269 Va·
1437 1217 1611 1281 nobis,
1646 1218 1737 1288 qui
1765 1235 1851 1273 ne·

257 1326 370 1381 que
422 1322 709 1363 servorum
754 1315 988 1371 metum,
1025 1322 1199 1377 neque
1253 1310 1851 1365 mercenariormnstn-

264 1402 444 1463 dium,
482 1412 659 1467 neque
687 1409 923 1451 amorem
957 1396 1185 1452 liliorum
1220 1397 1274 1453 in
1333 1401 1682 1469 exquirendis
1717 1402 1854 1456 divi·

269 1493 359 1547 nis
391 1489 659 1544 mandatis
702 1487 1039 1543 exhibemus.
1093 1488 1188 1544 Vae
1231 1491 1405 1559 nobis,
1450 1493 1566 1562 qui,
1594 1508 1714 1547 cum
1757 1510 1855 1564 pro

276 1581 517 1637 ineunda
546 1579 816 1636 bominum
851 1579 1026 1649 gratia
1071 1581 1201 1635 nibil
1227 1593 1319 1636 aut
1353 1582 1497 1653 loqui
1552 1592 1646 1640 aut
1676 1584 1855 1640 facere

275 1667 623 1738 recu-sentus,
647 1672 913 1743 justitiam
949 1673 1278 1745 negligimus
1307 1684 1362 1728 et
1395 1674 1732 1744 aequitatem.
1766 1678 1857 1733 Vtc

1951 491 2003 546 in
2056 490 2335 545 bominum
2392 501 2686 561 conspectu
2733 508 2959 561 peccare
3015 495 3341 563 metuimus;
3404 510 3529 552 ttntc

1948 582 2133 637 oculos
2163 590 2344 638 autent
2375 583 2586 639 occulta
2647 585 2919 638 cernentis
2957 584 3047 639 Dei
3113 585 3276 658 impia
3307 599 3531 657 agentes

1949 683 2004 729 ct
2033 684 2321 742 peccantes
2378 689 2482 729 non
2529 675 3017 732 contremiscimus.
3073 674 3163 732 Vae
3200 678 3379 744 nobis,
3437 681 3528 749 qui

1950 780 2228 821 sermones
2265 776 2480 822 nostros
2513 782 2618 821 non
2650 767 2931 822 condimus
2967 768 3034 822 de
3063 768 3177 823 sale
3199 769 3403 837 divino,
3436 773 3529 826 sed

1949 858 2112 912 verba
2148 859 2351 913 inutilia
2387 869 2442 915 et
2490 861 2557 916 ab
2587 861 2733 915 omni
2798 861 3054 933 religione
3108 864 3282 918 aliena
3326 874 3532 919 temere

1952 947 2244 1004 fundimus.
2282 948 2370 1005 Van
2404 952 2580 1018 nobiS,
2612 966 2838 1020 quorum
2869 953 3036 1008 animi
3057 959 3527 1026 compunctionem

1953 1047 2175 1105 propter
2204 1054 2452 1094 somnum
2486 1050 2649 1111 atque
2684 1042 2946 1096 desidiam
2994 1054 3232 1099 nostram
3259 1045 3533 1101 daetnones

1953 1128 2351 1197 demandantur.
2412 1128 2502 1185 Vae
2564 1132 2740 1197 nobis,
2808 1134 2923 1203 qui,
2980 1150 3100 1191 cunt
3156 1136 3534 1207 reliquerimus

1956 1220 2238 1287 mundum,
2267 1221 2515 1277 homines
2545 1225 2637 1293 qui
2707 1225 2759 1279 in
2795 1227 2993 1282 mundo
3023 1228 3246 1295 vivunt„
3291 1229 3532 1297 peccatis

1955 1322 2009 1365 ct
2041 1312 2184 1365 vitiis
2233 1328 2572 1383 superamus.
2627 1316 2713 1370 Vae
2747 1316 2937 1383 nobiS,
2986 1320 3100 1387 qui,
3163 1335 3286 1374 cum
3319 1319 3534 1390 magnis

1966 1402 2477 1470 reprehensionibus
2513 1406 2871 1477 indigeamuS,
2928 1423 3020 1463 eos
3054 1409 3146 1477 qni
3187 1410 3423 1466 nzinimis
3446 1425 3535 1464 ur·

1957 1500 2150 1560 gentur
2181 1491 2351 1555 vitiis,
2385 1494 2730 1549 acerbissime
2763 1496 3114 1566 castigamus.

2030 1580 2095 1635 V.
2136 1580 2226 1637 Vae
2261 1585 2435 1650 nobis,
2488 1587 2532 1640 si
2572 1586 2711 1640 Deus
2756 1602 2877 1650 nos,
2939 1597 3229 1659 antequam
3282 1594 3537 1647 emende-

1960 1689 2099 1737 ntur,
2136 1675 2187 1729 itt
2214 1676 2474 1746 judicium
2518 1680 2822 1734 adduxerit.
2863 1677 2954 1733 Vae
2989 1682 3160 1749 nubis,
3190 1684 3302 1752 qui,
3334 1688 3537 1740 ventris

276 1766 456 1826 nobis.
490 1773 913 1834 quosaeternum
966 1765 1203 1822 dedecus
1248 1766 1385 1821 nihil
1436 1776 1636 1834 movet,
1690 1776 1744 1823 et
1771 1783 1856 1823 re·
1887 1749 1931 1804 Β
1963 1768 2132 1821 nostri
2152 1772 2337 1822 sordes
2363 1784 2466 1824 non
2504 1770 2934 1835 considerantes,
2963 1788 2990 1824 a
3023 1771 3244 1829 libidine
3265 1784 3320 1830 et
3349 1790 3540 1846 snper-

275 1868 493 1930 spectus
517 1856 796 1914 bominum
826 1858 994 1915 etiam
1032 1859 1100 1914 ad
1133 1860 1468 1928 peccandum
1500 1860 1745 1930 impellit.
1767 1859 1858 1916 Vae

276 1951 459 2016 nobis,
481 1950 595 2021 qni,
619 1964 743 2006 cum
772 1965 804 2007 e
831 1951 1164 2022 pauperibus
1190 1959 1246 2006 et
1272 1952 1520 2008 olmcuris
1538 1953 1640 2007 orti
1672 1968 1860 2024 paren-

282 2043 432 2100 tibus
458 2042 653 2107 simus,
684 2042 1049 2113 nosmetipsos
1078 2042 1427 2112 ignoramus:
1451 2052 1502 2098 et
1527 2044 1860 2113 paiipertatis

274 2133 659 2204 ctigttomittiae
711 2130 953 2188 studium
1010 2132 1261 2205 professi,
1314 2135 1449 2189 inter
1502 2135 1779 2205 opulentos
1807 2145 1862 2192 ct

274 2226 459 2284 claros
481 2226 626 2284 viros
652 2228 930 2284 numerari
985 2228 1389 2283 contendimus.
1439 2227 1532 2283 Vae
1562 2228 1739 2292 nobis,
1768 2228 1858 2297 qui

276 2335 427 2377 nunc
456 2328 773 2391 paupertate
812 2320 988 2378 coacti
1065 2322 1480 2389 temperantiam
1555 2321 1607 2376 in
1663 2323 1863 2377 mundo

273 2411 708 2483 complectimur,
739 2428 883 2468 nnnc
921 2422 1101 2469 autem
1125 2413 1190 2465 ad
1225 2412 1626 2469 abstinentiam
1661 2415 1860 2479 vocati,

266 2504 619 2564 saturitatem
646 2508 855 2564 ventris
913 2516 968 2562 et
1014 2505 1196 2560 carnis
1249 2508 1489 2576 requiem
1522 2523 1737 2564 summo
1758 2520 1867 2563 stu-

263 2598 365 2656 dio
396 2607 805 2654 consectarium
848 2598 939 2653 Va:
961 2597 1141 2661 nobis,
1172 2597 1287 2668 qui,
1317 2613 1441 2653 cum
1478 2598 1650 2669 angeli
1687 2600 1752 2654 ad
1773 2614 1866 2656 eos

266 2691 369 2763 qni
401 2691 570 2747 Deum
608 2691 799 2745 timent
853 2705 972 2747 sese
1031 2692 1361 2762 adjungant,
1410 2699 1467 2761 et
1497 2692 1772 2747 daemones
1802 2692 1866 2746 :td

272 2781 407 2838 ilios
458 2781 551 2851 qui
592 2780 760 2838 Deum
798 2792 1060 2852 spernunt
1130 2790 1182 2837 et
1234 2782 1487 2837 mandata
1527 2782 1646 2854 ejus
1703 2782 1869 2853 negli-

192 2907 207 2926 .
276 2882 443 2947 flunt,
464 2874 746 2937 accedant,
776 2890 873 2931 nos
901 2874 1152 2930 societati
1185 2875 1488 2929 daemonum
1523 2875 1868 2931 ascribimus.

192 3003 209 3038 ὲ
283 2966 385 3023 vae
423 2966 599 3035 nobis,
639 2967 731 3037 «tui
767 2967 1026 3024 divitibus
1069 2975 1125 3021 et
1162 2966 1474 3037 potentibus
1514 2967 1731 3037 placere
1750 2976 1868 3022 stu·

202 3098 213 3131 2
278 3058 499 3125 demus,
531 3074 791 3131 pauperes
831 3067 1013 3116 antem
1036 3069 1091 3114 et
1137 3060 1404 3130 supplices
1451 3069 1705 3130 tanquam
1768 3060 1871 3114 im-
1901 3086 1952 3150 Ω
1980 3057 2253 3117 cruciatus
2294 3063 2655 3132 conjicientur
2678 3059 3056 3118 acerbissimos
3081 3075 3142 3114 ac
3169 3057 3548 3135 sempiternos.

192 3196 221 3230 .·.'

192 3290 221 3325 Β

192 3388 221 3421 Ι

218 3452 241 3503 ι.

192 3486 213 3522 Ι

202 3558 229 3606 'lt

278 3160 571 3224 portunam
606 3151 815 3206 turbam
839 3165 1174 3207 aversamur.

358 3241 451 3300 IV.
491 3242 583 3298 Vae
615 3242 775 3299 nobis
816 3243 1039 3313 quinon
1100 3257 1166 3296 ex
1222 3243 1423 3297 virtute
1467 3243 1748 3308 homines,
1779 3242 1873 3299 scd

272 3352 347 3395 ox
386 3336 644 3407 opinione
664 3335 970 3405 pendimus.
999 3332 1093 3390 Voe
1124 3335 1297 3398 nobis,
1330 3336 1419 3405 qui
1452 3351 1572 3404 quae
1614 3322 1759 3406 justa
1781 3334 1875 3390 bo·

273 3442 471 3497 nuque
496 3426 630 3490 sint,
659 3425 965 3493 delinimus,
990 3434 1057 3481 et·
1083 3425 1396 3496 indicamus
1427 3436 1479 3482 et
1515 3427 1805 3491 doccmus;
1844 3446 1873 3481 a

278 3518 459 3594 §notis
484 3524 669 3570 autem
696 3524 757 3570 et
788 3517 951 3572 bute·
992 3520 1238 3589 operibus
1299 3520 1555 3575 absumus
1577 3536 1735 3592 quam
1762 3520 1874 3574 lon·

210 3670 225 3685 ¹,
294 3608 548 3681 gissi-ne.
581 3605 676 3662 Vae
710 3606 888 3675 nobis,
912 3609 999 3681 qni
1034 3619 1236 3667 terram
1261 3612 1482 3681 alappis
1504 3611 1792 3667 cttribulis
1822 3622 1879 3666 et

192 3848 245 3900 :⁴14

192 3962 243 3995 ἠέ

206 4038 253 4067 ..9

191 4074 231 4091 .-

228 4142 253 4177 :²

212 3692 231 3753 ⁴.
295 3701 479 3773 spinis
504 3700 820 3773 caeterisque
840 3701 1047 3774 frugum
1083 3705 1330 3774 pestibus
1354 3704 1646 3774 diligenter
1680 3718 1878 3774 pnrga-

296 3807 457 3859 mus,
480 3794 717 3849 animam
739 3803 915 3849 autem
946 3804 1190 3850 nostram
1222 3812 1251 3848 a
1293 3795 1474 3865 prat-is
1501 3804 1552 3849 et
1587 3793 1879 3849 immundis

297 3883 743 3957 cogitationibus,
767 3899 889 3955 quae
908 3894 1127 3942 sanctos
1157 3887 1418 3940 virtutum
1470 3884 1681 3939 fructus
1707 3899 1875 3939 excu-

302 3980 453 4035 tiunt
473 3991 539 4033 ac
570 3978 825 4047 perdunt,
855 3979 945 4035 Dei
969 3979 1162 4035 timore
1197 3995 1427 4050 purgare
1460 3977 1879 4034 contemnimus·

308 4068 403 4127 Va
422 4070 595 4135 nobis,
618 4069 712 4140 qui
738 4080 885 4126 tanta
912 4071 1273 4127 sollicitudine
1306 4070 1489 4125 tandiu
1545 4079 1881 4139 torquemur,

250 4212 267 4257 3
298 4170 365 4219 ut
386 4160 649 4219 museum
672 4161 871 4233 aliquid
895 4162 1258 4234 percipiamus
1286 4178 1318 4218 e
1368 4171 1533 4226 terra,
1561 4161 1614 4216 in
1639 4175 1745 4229 qua
1766 4167 1770 4171 ’
1790 4175 1884 4214 su·

192 4266 276 4363 *f
298 4266 429 4309 ntus
458 4250 698 4323 hospites
727 4266 792 4308 ac
841 4252 1149 4323 peregrini;
1196 4253 1453 4324 temporis
1504 4264 1684 4307 autem
1739 4250 1884 4305 illius

1958 1856 2043 1910 bia
2078 1872 2415 1925 superamur.
2455 1858 2544 1913 Vae
2576 1860 2748 1927 nobis,
2781 1864 2895 1932 qui,
2923 1879 3044 1918 cum
3073 1863 3287 1922 assidue
3313 1880 3545 1936 corpora

1961 1959 2140 2002 nostra
2174 1949 2331 2005 fredis
2355 1952 2774 2022 cogitationibus
2834 1955 3197 2026 inquinemus,
3230 1971 3329 2012 nos
3359 1966 3538 2014 tatttett

1960 2049 2008 2094 el
2048 2041 2232 2095 ltalteri
2260 2054 2477 2100 sanctos
2527 2045 2770 2100 volumus
2814 2058 2867 2101 ct
2928 2048 3207 2119 appellari.
3244 2046 3336 2104 Vae
3364 2049 3540 2110 nobis-

1962 2133 2051 2200 qui
2112 2134 2437 2190 vanitatibus
2491 2136 2888 2202 incumbentes,
2951 2153 3194 2208 pugnare
3241 2155 3363 2195 cum
3395 2140 3545 2197 vitiis

1962 2222 2354 2281 obliviscimur.
2416 2227 2506 2283 t’ae
2552 2228 2728 2297 nobiS,
2787 2231 2877 2300 qui
2930 2231 3016 2285 liic
3051 2232 3168 2286 sine
3212 2232 3407 2288 timore
3444 2249 3545 2289 nos

1965 2318 2204 2385 pcccatis
2236 2319 2646 2391 obstringimus,
2677 2323 2929 2391 quoniam
2965 2323 3074 2379 illic
3106 2324 3361 2393 nosignis
3380 2334 3543 2379 aeter·

1968 2426 2068 2464 nus
2095 2410 2345 2480 excipiet,
2377 2422 2430 2465 et
2471 2411 2703 2467 tenebrae
2756 2415 3048 2471 exteriores
3069 2457 3083 2478 ,
3142 2426 3197 2470 ct
3226 2415 3426 2472 vermis
3450 2418 3541 2485 qui

1969 2518 2077 2557 non
2110 2502 2327 2566 dormit,
2353 2512 2406 2557 ct
2438 2502 2613 2559 luctus
2670 2513 2723 2558 et
2759 2506 2956 2559 stuidor
2994 2506 3255 2570 dentium,
3278 2515 3334 2561 et
3359 2521 3543 2561 cot-am

1968 2596 2174 2666 angelis
2204 2606 2256 2651 et
2283 2598 2551 2652 creaturis
2575 2599 2826 2653 omnibus
2856 2598 3090 2655 dedecus
3132 2599 3542 2670 sempiternum.

1974 2687 2063 2744 Vae
2097 2690 2273 2754 nobiS,
2307 2706 2533 2761 quorum
2582 2691 2775 2746 animae
2809 2691 3048 2746 confusa:
3094 2703 3149 2746 et
3176 2708 3204 2744 a
3231 2690 3548 2761 poeuitentia

1972 2782 2185 2847 alienae,
2244 2783 2295 2838 in
2364 2784 2763 2839 resurrectione
2803 2793 2856 2839 et
2889 2783 3161 2839 horrendo
3189 2782 3280 2839 illo
3309 2783 3549 2855 gentium

1972 2878 2213 2931 omnium
2266 2876 2491 2947 judicio,
2550 2877 2846 2947 assumptis
2894 2875 3213 2944 corporibus
3263 2874 3399 2939 suis,
3426 2888 3549 2928 cum

1974 2968 2100 3024 lietu
2140 2979 2195 3023 et
2252 2968 2487 3024 stridore
2536 2968 2781 3024 dentium
2836 2967 2890 3021 in
2946 2965 3178 3037 gemitus
3204 2973 3261 3019 et
3286 2964 3465 3020 luctus
3494 2972 3552 3018 ct

1980 3156 2072 3211 Vae
2100 3155 2277 3218 nobis,
2308 3155 2399 3224 qui
2434 3155 2486 3209 in
2536 3157 2639 3212 isto
2693 3152 3143 3228 peregrinationis
3180 3150 3368 3223 exsilio
3407 3151 3552 3207 dete·

1976 3249 2198 3302 stamlas
2230 3247 2630 3303 oblectationes
2678 3258 3074 3309 consectamur,
3111 3257 3163 3301 ct
3190 3242 3424 3317 paradisi
3456 3242 3550 3297 de·

1977 3334 2224 3395 liciarum
2252 3338 2429 3401 obliti,
2470 3334 2871 3395 contemnimus
2907 3333 3433 3407 regnntncoelorum.
3463 3331 3555 3387 Vax

1979 3424 2153 3489 nobis,
2199 3426 2288 3494 qui
2342 3433 2560 3495 propter
2593 3422 2965 3479 crudelitatem
3021 3422 3198 3475 stultis
3256 3420 3555 3492 virginibus

1978 3516 2182 3574 similes
2213 3531 2424 3583 sumus,
2456 3527 2507 3571 ct
2544 3516 2719 3571 oleum
2759 3530 2865 3584 quo
2897 3524 3095 3568 nostrae
3126 3511 3402 3582 lampades
3437 3511 3555 3565 illuo

1980 3619 2242 3674 stt-entur,
2298 3605 2559 3662 beneficia
2613 3605 2663 3659 in
2711 3603 3014 3674 proximum
3073 3597 3553 3655 conserentesnon

1979 3699 2228 3753 emimus.
2292 3695 2378 3752 Vae
2411 3696 2585 3761 nobis,
2628 3696 2717 3763 qui
2751 3693 2937 3748 diebus
2968 3707 3034 3747 ac
3076 3690 3320 3745 noctibus
3341 3688 3557 3745 Christo

1953 3781 2168 3862 vpreces
2198 3788 2577 3860 persolvimus,
2616 3787 2856 3841 dicentes
2908 3801 2920 3838 :
2961 3781 3201 3844 Domine,
3235 3778 3454 3834 Domine
3475 3778 3520 3810 ⁸'
3541 3795 3554 3842 ;

1981 3891 2035 3937 ct
2071 3896 2134 3938 ca
2191 3897 2310 3950 quae
2352 3879 2508 3935 uoltis
2558 3877 2819 3948 praecipit,
2877 3890 2980 3947 non
3038 3874 3420 3928 observamur.
3471 3870 3570 3925 Vai-

1983 3975 2137 4038 ntilti,
2164 3975 2254 4043 qui
2282 3972 2695 4026 lamentationes
2741 3969 2876 4023 istas
2912 3964 3221 4027 conset-iba,
3260 3977 3434 4033 neque
3478 3963 3561 4016 ul·

1986 4068 2094 4122 lum
2126 4083 2267 4123 verte
2291 4066 2623 4136 poenitentiae
2663 4063 2877 4133 signum
2921 4057 3170 4115 ostendo.
3211 4055 3299 4111 Vae
3326 4055 3433 4111 illis
3469 4056 3559 4126 qui

1985 4161 2106 4216 aliis
2162 4161 2425 4224 laborant,
2482 4167 2538 4213 et
2570 4157 2670 4212 sibi
2722 4156 2852 4226 ipsis
2897 4170 3000 4207 non
3051 4157 3298 4222 prosunt.
3339 4147 3430 4202 Vae
3466 4162 3561 4201 no·

1986 4252 2086 4314 bis,
2107 4250 2194 4320 qui
2223 4267 2342 4304 cum
2368 4248 2615 4304 assiduos
2637 4244 2979 4302 conscientiae
3010 4258 3106 4296 nos
3156 4237 3526 4310 reprehendun
3545 4266 3560 4278 ·

255 4338 417 4419 thto
436 4342 595 4399 nebu
622 4342 749 4398 binc
771 4342 824 4397 in
870 4352 1183 4413 perpetuum
1230 4345 1336 4399 erit
1389 4345 1696 4400 necessario
1725 4342 1888 4398 demi·
1990 4345 2059 4396 tis
2090 4341 2335 4396 stimulos
2375 4340 2693 4405 sentiamus,
2737 4351 2843 4391 non
2900 4332 3294 4398 erubescimus,
3342 4345 3440 4385 nec
3472 4346 3563 4383 ra-

191 4414 277 4497 ῌβ.
300 4432 592 4509 ‘ra-dum,
650 4433 852 4489 nullam
909 4434 1132 4490 omnino
1181 4452 1368 4491 curam
1399 4438 1678 4508 suscipere
1700 4437 1881 4508 digna·
1910 4429 1964 4485 Β
1989 4435 2185 4489 tionem
2256 4431 2529 4486 actionum
2590 4436 2898 4483 nostrarum
2964 4424 3205 4480 omnium
3281 4418 3562 4482 reddituri,

191 4496 456 4581 dtu-r.
488 4522 579 4579 Vt
604 4524 784 4589 nobis,
810 4527 926 4596 qui,
953 4542 1075 4580 cum
1104 4529 1170 4582 dc
1212 4530 1358 4583 omni
1390 4529 1625 4594 actione,
1649 4529 1714 4584 de
1735 4527 1892 4584 omni
1997 4527 2091 4582 Dei
2117 4524 2378 4597 italiciunt
2411 4523 2785 4578 formidamus-
2812 4516 2908 4573 Vae
2930 4517 3106 4580 nobis,
3124 4513 3243 4585 qui,
3290 4526 3410 4568 cum
3451 4519 3565 4562 tur-

191 4604 479 4677 —i'verlro
507 4617 701 4683 otioso,
737 4617 805 4672 de
826 4618 1082 4673 omnibus
1131 4621 1365 4691 denique
1417 4619 1680 4692 improbis
1710 4628 1766 4675 et
1795 4620 1890 4672 im·
1990 4619 2145 4690 pibus
2198 4616 2454 4687 operibus
2485 4613 2773 4676 (emamus,
2799 4609 3051 4665 laudibus
3072 4616 3250 4661 tamen
3287 4600 3563 4659 bominum

192 4708 217 4737 ’-
260 4680 459 4777 ‘⁴⁶20ss
478 4707 904 4779 cogitationibus
956 4710 1222 4766 rationem
1253 4711 1515 4766 reddituri
1543 4712 1716 4766 simus
1743 4710 1887 4780 apud
1992 4708 2309 4780 gaudemus.

191 4781 541 4867 *fertitem
575 4800 1009 4867 severissimum,
1032 4811 1212 4858 tamen
1243 4813 1502 4872 tanquam
1530 4801 1686 4857 liberi
1723 4799 1893 4856 simus
2067 4799 2151 4854 vt.
2195 4796 2284 4854 Vre
2308 4798 2480 4862 nobis,
2528 4799 2644 4869 qni,
2694 4797 2855 4852 rebus
2889 4794 3142 4850 inanibus
3180 4792 3449 4864 occupati.
3490 4791 3570 4846 ui-

191 4868 498 4971 -ss-J'hturi,
546 4891 713 4947 nullis
764 4895 1051 4950 reddendis
1108 4895 1412 4950 rationibus
1442 4894 1682 4957 obnoxii,
1720 4901 1891 4960 totum
1997 4893 2103 4948 vini
2132 4892 2342 4947 timoris
2370 4891 2772 4961 obliviscimur.
2806 4889 2896 4945 Vae
2923 4888 3099 4953 nobis,
3153 4899 3384 4956 quorum
3417 4899 3574 4940 mens

192 4952 435 5044 &itta
470 4992 678 5040 nostras
713 4993 928 5056 tempus
955 4988 1074 5042 siue
1111 4987 1220 5043 ulla
1243 4987 1401 5057 liujus
1434 4988 1507 5042 rei
1535 4986 1900 5043 sollicitudine
1998 4985 2176 5041 studio
2208 4983 2465 5038 vanitatis
2486 4984 2804 5039 obtunditur
2841 4992 2896 5037 et
2931 4980 3236 5036 ltcbetatttr.
3271 4978 3362 5033 Vm
3394 4977 3570 5042 nobis,

191 5046 694 5151 -f't'nnsigitnum
728 5077 821 5134 Vas
845 5081 1021 5144 nobis,
1049 5079 1177 5150 quia
1205 5095 1310 5134 non
1351 5079 1522 5134 solum
1547 5078 1708 5149 impia
1728 5077 1897 5134 multa
1998 5075 2114 5143 qui,
2142 5090 2263 5130 cum
2318 5075 2411 5132 Dei
2476 5074 2733 5147 patientia
2788 5088 2886 5128 nos
2949 5070 3144 5126 toleret
3173 5080 3230 5125 et
3269 5078 3566 5138 exspectet.

293 5136 629 5239 'ier-rhenus
672 5172 1030 5240 patravimus,
1084 5186 1270 5226 verum
1310 5171 1471 5225 etiam
1497 5184 1591 5240 per
1620 5168 1902 5225 increduli·
2001 5184 2104 5223 non
2134 5177 2311 5222 tamen
2329 5166 2715 5238 resipiscimus,
2734 5179 2836 5220 nec
2862 5178 3055 5234 pravas
3085 5162 3329 5217 actiones
3357 5167 3573 5213 nostras

258 5238 481 5333 (aaut
515 5260 609 5316 Dei
638 5263 903 5333 promissa
938 5264 1242 5334 sprevimus
1260 5273 1422 5332 atque
1447 5263 1893 5333 contempsimus.
2004 5259 2370 5316 eutcndamns.
2402 5257 2492 5312 Vax
2515 5257 2687 5320 nobis,
2730 5255 2823 5326 qui
2879 5265 3223 5326 peccatorum
3264 5261 3573 5306 nostrorum

191 5320 399 5417 ’³³3-
442 5351 629 5418 nobis,
648 5354 763 5422 qui,
792 5354 957 5408 stulto
978 5353 1339 5424 corruptionis
1367 5353 1547 5408 studio
1577 5352 1741 5423 capti,
1771 5367 1893 5407 cum
2007 5351 2061 5405 in
2096 5350 2382 5419 praesentia
2408 5363 2512 5402 uon
2554 5346 2919 5411 meminimus,
2945 5345 3199 5415 quoniam
3247 5342 3403 5413 paulo
3432 5349 3571 5412 pust,

191 5412 403 5549 -ffier
426 5444 787 5515 Evangelium
814 5446 939 5502 vitre
962 5459 1244 5516 possemus
1291 5445 1501 5516 assequi
1544 5444 1898 5512 incorruptio·
2006 5457 2127 5498 cum
2158 5441 2334 5494 anima
2384 5440 2488 5494 erit
2521 5453 2745 5508 corpore
2786 5444 2972 5501 exuta,
3012 5434 3191 5490 omnia
3224 5447 3342 5503 qua·
3372 5430 3451 5487 vol
3485 5446 3576 5488 cu-

191 5528 463 5649 ²⁸09„-
492 5553 676 5595 rerum
706 5549 1045 5595 terrenarum
1079 5554 1263 5595 amore
1289 5539 1641 5606 insanientes.
1682 5536 1897 5595 aeternis
2006 5534 2267 5605 gitationc
2331 5531 2413 5589 vel
2455 5532 2633 5588 verbis
2670 5532 2751 5586 vel
2802 5529 2957 5585 lactis
3002 5526 3335 5593 admisimus,
3384 5537 3580 5596 magno

366 5702 423 5735 ⁸⁸
479 5697 668 5752 ttattb.
704 5710 800 5756 vn.
844 5696 933 5750 et.
