3725 6125
148 3398 217 3447 bx·

228 288 339 342 983

1285 287 1343 344 S.
1377 288 1659 349 ANTONu
1701 295 1766 349 M.
1811 293 2109 352 sunnis
2151 296 2515 353 tzptsToLAE

3419 309 3527 368 986

236 409 316 464 cu
351 409 576 476 propter
608 397 890 471 egregium
920 406 1129 455 motum
1154 415 1331 459 suum.
1364 403 1627 462 Universa
1655 419 1832 462 autem
1868 414 1911 469 Α
1940 419 1994 465 et
2032 414 2313 467 tenebrosa
2353 414 2536 468 doram.
2559 413 2733 480 Quam
2764 428 2908 467 ennu
2939 418 3010 471 ob
3037 389 3254 473 causam
3288 421 3521 480 dissere·

233 503 355 560 tra-c
383 493 613 550 noniina·
648 491 858 546 adscita
900 503 1029 547 sunt
1070 492 1173 558 eis,
1196 494 1312 550 sive
1338 500 1584 564 masculi,
1613 479 1833 556 sive‘ie·

235 577 425 655 unnim,
461 588 534 643 ob
575 583 925 641 diversitates
967 588 1302 656 operationis
1332 606 1548 656 eorum,
1589 604 1646 650 et
1679 594 1832 663 juxta

238 684 615 756 principatum
636 679 905 749 ipsorum,
937 681 1060 749 qnia
1091 697 1158 737 ex
1178 698 1299 750 ,uuo
1319 694 1447 738 suut
1468 701 1680 742 omnes.
1705 687 1836 742 Pro-

240 788 439 849 pterea
481 788 611 845 crgo
658 772 973 844 quicunque
1035 774 1089 827 in
1144 777 1445 845 proximum
1505 781 1833 847 peccaverit,

242 870 305 924 in
342 868 685 936 semetipsum
743 865 1042 936 detinqniu
1081 876 1135 922 et
1166 870 1258 937 qui
1298 870 1440 925 male
1478 872 1670 927 fecerit
1702 890 1831 942 pro-

248 967 431 1026 ximo,
481 963 830 1031 semetipsum
883 962 1052 1018 eflicit
1098 966 1321 1020 malum.
1356 966 1543 1022 ltidcm
1576 970 1667 1040 qni
1699 971 1836 1024 benc

246 1058 432 1113 fecerit
480 1057 752 1126 proximo,
792 1056 1015 1112 sibimet
1064 1057 1167 1112 hoc
1220 1057 1386 1124 f.·cit;
1421 1061 1504 1115 siu
1548 1076 1682 1116 vero
1713 1065 1836 1131 qnis

236 1153 345 1205 erit
389 1151 480 1219 qui
524 1149 821 1218 aliquando
861 1164 1093 1217 peccare
1133 1152 1373 1219 potuerit
1416 1152 1471 1206 iu
1514 1152 1708 1216 Deum,
1753 1158 1835 1210 rel

230 1245 361 1314 quis
384 1253 470 1298 cst
499 1242 592 1312 qui
625 1258 751 1297 enm
793 1256 1032 1310 unquam
1067 1242 1293 1297 relicere
1319 1244 1516 1315 queat?
1544 1245 1678 1312 Quis
1709 1262 1837 1302 vero

228 1345 358 1390 crat
386 1335 479 1405 qui
507 1335 557 1390 ei
587 1334 985 1389 ministraverit
1030 1333 1348 1404 aliquando,
1384 1345 1478 1391 aut
1510 1338 1634 1407 quis
1665 1339 1830 1393 bene-

233 1430 389 1484 dicat
430 1442 556 1481 eum
603 1440 871 1496 uuquam,
917 1434 978 1480 ut
1029 1440 1168 1496 opus
1215 1427 1415 1484 babeat
1454 1429 1836 1487 benedictione

240 1517 409 1586 eius?
439 1517 574 1583 Quis
607 1515 752 1571 enim
785 1515 963 1586 potuit
996 1516 1270 1573 bonorare
1298 1517 1475 1583 illum,
1505 1529 1564 1574 nt
1592 1520 1710 1590 ipse
1740 1523 1838 1579 lto·

244 1608 529 1663 norandus
570 1606 822 1663 exsistit?
851 1606 931 1662 vel
969 1609 1094 1677 quis
1121 1616 1210 1663 est
1254 1609 1346 1679 qni
1377 1610 1838 1668 valcatexaltarc

244 1715 377 1754 enirn
412 1699 556 1754 sicut
587 1698 837 1755 exceisus
883 1698 1154 1755 babetur?
1184 1700 1552 1768 Quamobrem
1581 1703 1708 1758 dum
1747 1720 1843 1757 su-

1944 518 2056 556 rem
2106 505 2276 568 vobis,
2331 504 2435 559 nisi
2473 513 2530 558 ut
2584 506 2822 575 requiem
2876 507 3240 565 exhiberem?
3286 510 3439 571 Unde
3470 528 3524 573 et

1939 597 2192 658 obsecro,
2215 607 2271 650 ut
2294 598 2417 667 (pria
2443 613 2634 653 omnes
2665 599 2836 653 creati
2869 615 3058 657 sumus
3083 602 3242 658 unius
3267 605 3523 663 snbstan-

1944 690 2032 743 tiae
2082 690 2371 745 invisibilis
2409 699 2464 746 et
2489 689 2713 744 initium
2758 692 3009 749 babeatis
3044 695 3165 750 sine
3205 696 3332 761 line.
3367 702 3527 758 unice

1942 782 2239 849 diligamns
2270 785 2633 851 alterutrum;
2667 793 2935 856 quotquot
2980 788 3125 844 enim
3165 795 3524 862 cognoverim

1939 876 2281 941 semctipsos
2337 889 2665 948 cognoscent
2698 882 2841 950 qtiod
2878 882 3040 935 unius
3067 881 3387 940 substantiae
3423 887 3525 941 im-

1942 968 2187 1022 mortalis
2215 971 2502 1026 exsistant.

2011 1055 2101 1112 tx.
2146 1060 2298 1115 Scire
2327 1077 2549 1132 quoque
2599 1079 2693 1118 vos
2722 1064 2866 1129 vnto,
2903 1065 3048 1134 quod
3085 1065 3242 1123 Iesus
3275 1066 3529 1124 Christus

1940 1146 2197 1202 Dmninns
2229 1164 2413 1205 noster
2444 1168 2555 1220 ipse
2577 1151 2757 1207 Patris
2786 1170 2947 1210 verus
2980 1166 3068 1210 est
3095 1171 3307 1220 sensus,
3334 1161 3387 1211 iu
3421 1173 3528 1227 quo

1938 1240 2116 1292 ontuis
2167 1240 2443 1309 plenitudo
2482 1244 2647 1297 totius
2693 1254 2902 1300 uaturae
2955 1248 3297 1303 rationabilis
3331 1249 3522 1319 efferta

1938 1340 2046 1394 est,
2080 1347 2269 1385 eornm
2324 1334 2564 1390 maxime
2592 1337 2683 1405 qui
2732 1348 2863 1392 sunt
2910 1339 3132 1411 imagini
3162 1340 3282 1410 ejus
3315 1344 3531 1398 conlur-

1942 1434 2058 1475 mes
2094 1418 2294 1484 eflecti,
2336 1434 2494 1489 caput
2529 1426 2695 1479 totins
2723 1437 2988 1483 creaturae
3019 1438 3076 1483 et
3109 1446 3309 1501 corpus
3337 1432 3520 1491 Eccle-

1940 1509 2055 1564 siae.
2100 1508 2234 1563 Nam
2282 1521 2337 1564 et
2390 1511 2595 1567 idcirco
2639 1529 2741 1569 nos
2772 1529 2961 1572 omncs
2988 1519 3220 1574 membra
3266 1538 3447 1578 sunaus
3475 1526 3532 1577 iu

1940 1599 2252 1654 alterutrum
2287 1612 2335 1655 et
2386 1618 2575 1680 corpus
2627 1604 2826 1659 Christi
2841 1607 2934 1660 ¹⁸:
2983 1608 3095 1663 Nec
3146 1620 3315 1680 potest
3361 1613 3532 1668 dicere

1941 1700 2097 1760 caput
2132 1693 2385 1761 pedibus:
2406 1692 2528 1750 Non
2560 1696 2702 1751 vobis
2733 1700 2897 1754 liabeo
2924 1717 3084 1771 opum
3122 1705 3215 1758 sed
3242 1706 3292 1760 εἰ
3329 1707 3533 1774 patitur

246 1807 376 1847 mus
406 1791 579 1848 restiti
613 1790 937 1864 gravissimo
979 1806 1208 1861 corpore
1248 1794 1375 1859 isto,
1426 1795 1609 1850 alieno
1645 1795 1842 1849 invita·-
1876 1783 1917 1838 Β
1945 1800 2109 1838 “num
2155 1786 2469 1853 membrum,
2515 1798 2684 1843 mmm
2729 1808 2920 1860 ‘own‘
2962 1805 3202 1849 ’Μνεῦιν
3231 1814 3352 1852 cum
3389 1815 3451 1854 ²⁰
3482 1811 3531 1854 et

247 1895 437 1939 mento
472 1885 795 1940 suscitemus
840 1883 1009 1938 Deum
1055 1884 1109 1940 iu
1159 1885 1340 1952 nobis,
1379 1895 1438 1941 ut
1476 1888 1580 1942 boc
1619 1897 1842 1962 agentes

244 1976 688 2032 commendemus
731 1975 880 2031 illam
928 1976 1074 2033 circa
1113 1993 1212 2033 nos
1250 1979 1518 2035 bonorum
1569 1981 1837 2036 viseerum

242 2069 564 2125 essentiam.
590 2067 707 2123 Non
758 2079 939 2124 autem
967 2069 1140 2125 simus
1171 2072 1533 2141 nosmetipsos
1564 2084 1836 2139 amames,

245 2161 336 2218 siu
381 2162 581 2227 miuus,
631 2159 849 2218 illorum
895 2161 1258 2218 inconstantis
1304 2165 1574 2234 portionis
1607 2166 1835 2223 erimus,

250 2254 392 2311 Nam
421 2252 511 2323 qui
552 2252 864 2324 cognoverit
914 2255 1296 2323 semetipsum,
1328 2256 1610 2312 universos
1636 2274 1840 2330 cogno·

248 2344 353 2399 vit.
392 2343 517 2399 ideo
547 2354 605 2399 et
640 2343 901 2413 scriptum
944 2353 1029 2399 est
1056 2362 1072 2399 ε
1102 2345 1206 2410 Qui
1238 2348 1435 2401 vocavit
1466 2364 1529 2401 ex
1560 2349 1747 2415 nihilo,
1783 2361 1839 2404 ut

242 2446 420 2491 essem
458 2436 702 2491 (κυκεῶ.
752 2433 863 2493 Hoc
891 2447 1075 2493 antem
1121 2437 1388 2503 dicenteS,
1424 2439 1740 2508 significant
1775 2446 1841 2498 de

238 2528 486 2583 sensuali
517 2537 732 2592 natura,
780 2542 905 2597 quae
935 2527 1148 2583 occulta
1178 2537 1262 2583 est
1289 2529 1342 2583 in
1373 2529 1476 2586 boc
1498 2534 1839 2604 corruptibili

237 2633 496 2689 corpore,
530 2627 782 2675 exstante
828 2618 884 2673 in
935 2617 1227 2688 principio,
1264 2617 1597 2691 increpanda
1639 2626 1706 2677 ab
1750 2640 1836 2680 eo.

242 2712 354 2766 Aut
377 2712 470 2783 qui
504 2711 748 2781 potuerit
774 2710 1001 2783 diligere
1032 2712 1428 2782 semetipsum,
1478 2714 1837 2773 nibilominus

250 2802 443 2874 diliget
465 2819 673 2860 omnes.
938 2793 947 2802 ’

334 2894 472 2950 vttt.
500 2894 823 2952 charissimi
854 2893 1000 2954 lilioli
1026 2898 1158 2967 mei,
1187 2913 1374 2970 quaeso
1403 2914 1502 2956 vos
1531 2909 1593 2955 ut
1627 2917 1732 2958 non
1766 2903 1844 2958 la·

257 2988 482 3054 boretis,
517 3003 691 3058 neque
729 2986 1030 3058 fatigemini
1074 2988 1306 3046 invicem
1352 2989 1680 3059 diligentem
1744 2998 1842 3051 sed

257 3082 433 3137 tollite
457 3097 655 3153 corpus
688 3097 798 3154 quo
820 3084 956 3140 estis
985 3083 1185 3150 induti,
1214 3093 1272 3139 et
1298 3082 1465 3141 facite
1491 3085 1622 3142 illud
1648 3087 1840 3154 altare,

255 3186 519 3246 ponentes
555 3176 789 3247 desuper
823 3190 1041 3232 ornnem
1085 3175 1540 3232 deliberationem
1573 3189 1840 3246 vestram,

252 3284 582 3341 oniriemque
608 3270 913 3341 malignum
944 3267 1272 3324 instructum
1301 3267 1594 3339 relinquite
1628 3271 1685 3326 in
1712 3287 1845 3329 con-

222 3373 432 3458 ‚spectn
482 3363 719 3418 Domini.
766 3359 1033 3417 Extollite
1078 3356 1273 3417 manus
1318 3361 1504 3417 cordis
1554 3364 1724 3418 vestri
1773 3362 1842 3419 ad

234 3470 371 3514 eum
402 3457 484 3520 “;
534 3454 591 3509 id
634 3461 723 3510 est
772 3462 974 3505 sensus
1020 3450 1347 3518 agendorum
1379 3471 1394 3509 z
1426 3464 1484 3509 et
1537 3457 1839 3524 precamini

148 3587 153 3605 .
239 3549 423 3604 Deum
446 3555 510 3597 ut
532 3545 696 3598 donet
723 3539 886 3597 vobis
926 3538 1083 3619 illum·
1112 3541 1435 3604 invisibilem
1484 3558 1543 3604 et
1589 3565 1843 3620 magnum

251 3641 467 3706 ignem,
505 3634 599 3702 qni
641 3632 979 3690 descendens
999 3634 1215 3701 coelitus
1242 3643 1495 3698 comedat
1526 3643 1700 3699 altare
1719 3646 1761 3677 ¹¹
1790 3652 1846 3700 et

259 3725 451 3779 ‹ininia
497 3741 618 3796 quae
663 3725 722 3780 in
765 3740 861 3795 eo;
904 3727 1247 3801 universique
1272 3735 1587 3792 sacerdotes
1612 3722 1842 3803 Baalim,

260 3817 601 3888 quiquidem
639 3819 913 3876 exsistunt
940 3820 1282 3893 operationes
1319 3826 1584 3896 adversm,
1619 3831 1846 3885 timeant

264 3910 539 3981 fugientes
579 3926 609 3967 a
660 3910 803 3970 facie
841 3924 1043 3983 vestra,
1070 3917 1524 3986 quemadmodum
1560 3923 1691 3978 Eliae
1719 3938 1846 3994 pro·

261 4000 462 4073 phetae.
492 4002 642 4061 Tunc
666 4004 879 4059 demum
907 4004 1159 4061 videbitis
1186 4009 1476 4081 vestigium
1519 4015 1755 4071 bominis
1792 4017 1845 4069 in

258 4095 402 4150 inari
447 4095 726 4152 adducens
762 4096 1049 4169 specialem
1096 4098 1351 4168 imbrem,
1385 4105 1526 4173 qirod
1559 4117 1644 4160 est
1680 4105 1849 4161 Para-

255 4189 385 4244 cleti
432 4188 673 4260 Spiritus
712 4194 1033 4252 consolatio.
1080 4196 1432 4254 Dilectissimi
1475 4199 1578 4253 mei
1633 4200 1745 4254 nati
1791 4201 1844 4254 in

256 4282 511 4349 Domino,
561 4282 657 4337 tilii
690 4274 957 4343 ‘israelitae
1001 4290 1361 4358 sanctissimi,
1410 4305 1517 4346 non
1573 4305 1713 4360 opus·
1760 4301 1848 4347 est

252 4373 557 4430 beatificari
591 4388 879 4446 corporum
923 4389 1233 4436 nostrorum
1282 4382 1546 4437 vocabula
1583 4383 1847 4438 transitu·

250 4481 354 4530 ,τις
398 4480 497 4520 nec
530 4466 675 4523 enim
722 4468 985 4540 ignoratis
1025 4473 1350 4529 charitatem
1388 4489 1549 4544 quam
1590 4475 1764 4530 habeo
1796 4476 1846 4529 in

246 4559 432 4624 vobis,
459 4560 584 4628 quia
611 4576 717 4616 non
742 4571 825 4617 est
845 4564 1089 4619 charitas
1118 4565 1444 4634 corporalis,
1471 4567 1566 4622 sed
1590 4567 1848 4636 spiritua·

240 4653 316 4707 ils
355 4662 406 4706 et
435 4666 629 4708 amans
660 4653 849 4708 Deum.
878 4649 1099 4723 Niceti,
1144 4657 1195 4711 iu
1226 4658 1329 4713 buc
1369 4667 1422 4714 et
1448 4657 1662 4727 repleor
1701 4659 1844 4728 qnod

240 4742 535 4796 beatitudo
571 4743 726 4799 vobis
774 4742 919 4800 sacta
970 4746 1042 4801 sit
1087 4747 1140 4801 in
1184 4758 1430 4818 tempore
1476 4748 1602 4802 isto.
1650 4747 1846 4803 Sermo

248 4834 424 4903 igitur
450 4837 606 4893 vobis
636 4838 870 4895 exsistat
898 4841 1089 4912 iudex,
1132 4858 1195 4896 ac
1232 4859 1339 4897 non
1397 4841 1682 4898 aestimetis
1714 4858 1843 4912 per·

210 4922 460 4979 =fectum
503 4937 745 4983 restrum
790 4930 1120 4987 institutum.
1166 4932 1318 5000 Quod
1375 4939 1459 4987 est
1511 4946 1643 5002 ergo
1680 4933 1848 4999 ,obse-

250 5015 449 5084 quium
482 5016 599 5083 Dei,
634 5028 876 5077 nostram
926 5022 979 5078 in
1020 5033 1228 5078 tantum
1282 5025 1655 5096 operationem
1701 5027 1832 5080 exsi-

250 5107 443 5163 stere?
468 5108 577 5165 Sed
606 5118 692 5165 est
720 5110 893 5169 virtus
926 5115 1175 5184 quiedam
1205 5130 1506 5184 cooperans
1540 5113 1847 5174 vobimcer·

257 5206 439 5255 lantes
466 5188 780 5273 itaque‘voa
813 5204 961 5277 ipsos
1001 5207 1190 5277 offerre
1219 5208 1445 5262 hostiam
1481 5206 1586 5262 Deo
1607 5208 1674 5275 ¹⁸,
1711 5224 1846 5264 con·

257 5292 414 5346 tinne
445 5280 679 5362 prebete
716 5299 1033 5368 cooperanti
1077 5300 1232 5354 vobis
1283 5299 1472 5353 virtuti
1514 5309 1570 5354 et
1604 5301 1843 5367 requiem

250 5382 463 5439 Christi
489 5383 643 5450 lesu,
663 5390 922 5460 qnoniam
956 5391 1108 5446 nnita
1142 5401 1230 5446 est
1252 5393 1508 5447 intriverso
1531 5402 1846 5448 sanctornm

245 5476 456 5542 choro,
490 5479 587 5534 sed
615 5488 670 5538 et
699 5483 829 5538 mibi
859 5484 1155 5540 deterrimo
1187 5483 1456 5539 habitanti
1490 5484 1542 5539 in
1571 5483 1673 5540 hac
1702 5484 1849 5540 lutea

328 5673 350 5702 ⁹
382 5674 513 5747 Sip.
549 5696 588 5741 t,
638 5682 725 5736 Η.

240 5748 291 5780 “
321 5748 463 5805 ibid.
492 5750 588 5816 21,
619 5753 714 5807 26.

843 5683 885 5712 ¹·
922 5680 1062 5736 i'sci.
1118 5695 1347 5743 cxxxiii,
1380 5680 1434 5734 Ξ.

797 5753 840 5783 ··
882 5752 980 5808 lsa.
1035 5765 1166 5815 uu,
1222 5750 1276 5806 5.
1382 5751 1425 5782 ¹⁴⁸
1463 5751 1607 5810 Psal.
1644 5764 1840 5818 cxxxi,

1872 3138 1914 3199 C

1884 4508 1929 4564 D

1555 5681 1595 5713 ¹¹
1646 5678 1705 5733 111
1747 5678 2073 5807 Regum-nt,
2110 5684 2179 5740 58
2212 5698 2366 5755 seqq.

1942 1877 2231 1944 patiturst.
2271 1879 2645 1936 Alienatormn
2689 1899 2817 1938 vcro
2865 1888 3232 1943 membrorum
3282 1894 3535 1959 corporis

1942 1983 2062 2038 quae
2095 1970 2311 2040 proprio
2358 1987 2462 2026 non
2521 1985 2649 2028 suut
2691 1979 2853 2046 capiti
2890 1981 3121 2047 sociata,
3156 1986 3251 2037 sed
3301 1983 3534 2041 steditati

1942 2060 2148 2128 dedita,
2182 2074 2404 2132 propter
2430 2067 2680 2135 proprias
2712 2068 2996 2124 libidinum
3025 2074 3306 2141 passiones
3332 2092 3347 2141 ;
3386 2075 3529 2132 irre·

1943 2154 2250 2212 mediabiiis
2283 2172 2471 2214 eorum
2508 2160 2698 2216 effecta
2730 2171 2814 2217 est
2848 2164 3023 2234 plaga,
3045 2166 3172 2235 quia
3202 2168 3531 2224 oblivionem

1942 2262 2271 2319 acceperunt
2303 2253 2554 2324 principii
2589 2264 2756 2324 atque
2790 2256 2934 2312 finis.
2975 2256 3031 2313 ln
3066 2274 3176 2327 quo
3215 2269 3273 2315 et
3315 2272 3533 2317 creatu·

1945 2351 2128 2390 rarum
2162 2340 2401 2407 genitor,
2440 2342 2742 2399 visceribus
2785 2355 2965 2402 motus
3002 2362 3102 2417 pro
3143 2349 3299 2420 plaga
3339 2362 3529 2406 nostra

1943 2445 2063 2497 qnae
2096 2432 2280 2487 sanari
2310 2449 2417 2488 nou
2465 2445 2681 2501 poterat
2708 2438 2809 2493 uisi
2844 2454 2944 2509 per
2970 2442 3143 2497 solam
3175 2443 3346 2514 ipsius
3380 2444 3535 2502 boni·

1943 2529 2133 2588 tatem„
2190 2525 2336 2580 misit
2376 2525 2726 2596 Unigenitum
2764 2532 2940 2594 nobis.
2974 2543 3031 2588 ut
3066 2550 3166 2604 per
3205 2538 3532 2594 servitutem

1945 2624 2212 2680 nostram,
2251 2617 2530 2674 servitutis
2561 2632 2865 2677 assumeret
2900 2623 3155 2690 l'ortnam,
3191 2630 3539 2700 traderetque

1944 2721 2003 2761 sc
2055 2724 2154 2776 pro
2185 2711 2428 2779 peccatis
2460 2713 2683 2767 nostris.
2727 2713 2792 2767 Ει
2835 2724 3055 2783 peccata
3093 2713 3315 2788 q'uidem
3348 2729 3534 2776 nostra

1946 2800 2378 2856 humiliaverunt
2406 2819 2552 2869 enirn,
2574 2805 2671 2860 sed
2702 2806 2867 2861 lit-ore
2890 2812 3004 2877 ejus
3033 2826 3128 2865 nos
3157 2827 3335 2868 omnes
3357 2817 3537 2870 sanati

1945 2908 2129 2948 snmus
2153 2895 2218 2947 ¹⁸.
2256 2894 2353 2950 llic
2391 2899 2741 2968 congregavit
2767 2913 2865 2953 nos
2900 2914 2968 2953 ex
3015 2902 3269 2957 onmibus
3309 2904 3543 2973 regioni-

1949 2983 2071 3048 bns,
2113 3000 2396 3053 usquequo
2448 2972 2908 3066 resurrectionem
2943 2990 3184 3045 cordium
3220 3002 3534 3049 nostrorum

1949 3079 2016 3131 de
2062 3089 2205 3131 terra
2261 3079 2485 3144 taceret,
2539 3079 2741 3136 docens
2791 3093 3018 3138 ciructos
3061 3098 3165 3139 nos
3205 3082 3372 3140 unius
3416 3100 3540 3143 esse

1951 3170 2269 3224 substantiae
2302 3181 2353 3226 et
2387 3170 2628 3226 iternbra
2665 3174 3009 3228 alterutrum.
3046 3174 3336 3245 Propterea
3365 3178 3531 3235 debe·

1951 3278 2076 3317 tritis
2109 3263 2342 3337 diligere
2369 3263 2741 3333 vehementer,
2769 3267 2895 3334 qnia
2931 3266 3247 3338 ‹piicunque
3291 3269 3540 3328 dilexerit
3585 3277 3592 3285 '

1952 3355 2284 3425 proximum,
2320 3356 2508 3424 diliget
2534 3357 2770 3410 animam
2799 3362 3098 3426 propriam.

2025 3445 2092 3499 X.
2125 3447 2187 3500 Et
2219 3448 2305 3527 iric
2338 3462 2521 3502 sermo
2557 3446 2874 3502 manifestus
2906 3451 2977 3502 sit
3015 3452 3190 3517 vobis,
3225 3451 3538 3511 charissimi

1954 3541 2067 3594 nati
2104 3540 2157 3593 in
2205 3540 2455 3603 Dotirino,
2493 3542 2583 3592 tilii
2625 3538 2886 3596 israelitas
2930 3543 3127 3606 sancti,
3161 3543 3253 3612 qui
3300 3548 3539 3614 parastis

1953 3632 2350 3704 vosmetipsos·
2389 3633 2455 3686 ad
2527 3633 2690 3687 Deum
2754 3633 2869 3695 ire,
2928 3631 3128 3690 offerre
3180 3636 3539 3707 vosmetipsos

1955 3727 2190 3782 bostiam
2221 3726 2329 3780 Deo
2354 3724 2406 3779 in
2438 3725 2587 3779 omni
2613 3725 2926 3789 sanctitate,
2955 3725 3212 3795 qnoniam
3242 3741 3342 3783 nec
3360 3739 3531 3796 potest

1956 3820 2328 3875 haereditatem
2380 3832 2579 3886 capere
2623 3817 2894 3888 quispiam
2931 3818 3050 3873 sine
3084 3819 3395 3874 sanctitate.
3430 3821 3540 3876 Aut

1956 3913 2199 3982 nunquid
2232 3913 2516 3982 ignoratis,
2547 3910 2909 3975 dilectissimi,
2932 3912 3077 3981 quod
3102 3894 3401 3967 adversarii
3426 3913 3533 3967 vir·

1957 4004 2089 4057 tntis
2150 4003 2366 4057 veritati
2412 4016 2628 4069 semper
2660 4000 3028 4055 insidiantur?
3052 4001 3117 4055 Et
3149 4003 3376 4069 idcirco,
3408 4003 3539 4059 cba-

1955 4095 2180 4159 rissimi,
2211 4096 2501 4149 observate
2525 4110 2592 4147 ne
2618 4096 2761 4147 detis
2791 4093 2967 4148 oculis
2994 4109 3267 4162 soninnm,
3298 4106 3392 4149 aut
3418 4096 3539 4150 dor-

1956 4188 2297 4242 mitationem
2330 4186 2602 4257 palpebris
2634 4184 2703 4248 ¹‘,
2738 4183 3139 4253 proclamantes
3165 4186 3231 4240 ad
3256 4186 3534 4254 proprium
3573 4252 3582 4258 ·

1949 4280 2306 4337 Conditorem
2338 4280 2423 4332 die
2447 4293 2510 4332 ac
2539 4289 2723 4340 nocte,
2752 4276 2799 4333 si
2835 4276 2975 4333 sorte
3010 4278 3352 4348 regrediatur
3384 4276 3539 4331 vobis

1964 4373 2292 4441 adjutorium
2325 4373 2393 4426 ab
2429 4371 2681 4434 Excelso,
2712 4387 2821 4441 quo
2850 4378 3191 4441 protegente.
3225 4371 3333 4425 sint
3366 4371 3529 4425 corda

1961 4475 2141 4518 vestra
2176 4473 2232 4518 et
2279 4462 2639 4534 cogitationes
2689 4461 2741 4515 in
2778 4459 3020 4516 Christo.
3057 4458 3193 4516 Nam
3221 4477 3370 4527 vere,
3401 4475 3436 4516 o
3476 4461 3539 4514 n·

1957 4558 2093 4621 noli,
2132 4559 2186 4612 in
2234 4561 2395 4612 donin
2439 4572 2626 4612 snmus
2663 4555 2891 4610 latronis
2931 4555 3335 4621 inhabitantes,
3381 4562 3437 4609 et
3482 4554 3538 4609 in

1953 4650 2189 4706 vinculis
2238 4649 2432 4704 mortis
2480 4638 2763 4704 exstar‘nus
2809 4648 2996 4703 vincti.
3029 4646 3137 4703 Pro
3184 4660 3333 4703 certo
3373 4649 3537 4703 etiarn

1955 4744 2082 4800 dico
2117 4743 2290 4806 vobiS,
2320 4743 2466 4814 qnod
2510 4751 2695 4796 nostra
2740 4740 3072 4810 negligentia
3111 4749 3166 4797 et
3210 4741 3536 4808 humiliatio,

1954 4847 2220 4894 extranea
2253 4837 2573 4896 commotio,
2600 4850 2706 4891 non
2738 4835 2896 4889 nobis
2919 4835 3053 4890 solis
3074 4842 3159 4889 cst
3185 4833 3536 4899 detrimento,

1955 4932 2049 4987 sed
2098 4929 2307 5000 angelis
2353 4928 2508 4984 labor
2553 4928 2795 4992 exsistit,
2846 4934 2904 4981 et
2946 4926 3200 4981 omnibus
3231 4925 3436 4980 sanctis
3485 4925 3537 4979 in

1954 5023 2171 5078 Christo
2216 5021 2383 5087 lesu,
2433 5021 2559 5092 quia
2598 5021 2863 5075 nondum
2928 5032 3101 5088 usque
3155 5017 3539 5087 requieverunt

1954 5126 2175 5187 propter
2198 5130 2318 5171 nos·
2343 5112 2512 5177 Vere,
2542 5115 2657 5168 nati
2689 5114 2820 5174 mei,
2852 5113 2968 5167 baec
2999 5120 3184 5165 nostra
3206 5107 3537 5172 humiliatio,

1958 5209 2068 5264 illis
2094 5209 2352 5263 omnibus
2382 5206 2608 5263 tristitia
2636 5215 2741 5269 est,
2768 5205 2912 5259 sicut
2946 5203 3141 5259 iterum
3165 5200 3316 5256 salus
3342 5209 3398 5255 et
3424 5199 3535 5270 glo·

1963 5301 2126 5355 riatio
2164 5310 2375 5365 nostra,
2416 5297 2840 5353 laetisscationem
2873 5297 2955 5352 eis
2989 5310 3056 5351 ac
3083 5294 3327 5365 requiem
3357 5293 3538 5347 omni-

1958 5393 2060 5448 bus
2109 5393 2337 5463 praebet,
2370 5401 2431 5446 ut
2463 5399 2644 5446 autem
2679 5389 3024 5460 cognoscatis
3063 5387 3190 5458 quia
3221 5384 3534 5457 benignitas

1960 5482 2138 5540 Patris
2169 5499 2275 5540 non
2309 5489 2507 5547 cessat,
2537 5496 2566 5535 a
2598 5496 2707 5552 qno
2736 5479 2905 5536 motio
2934 5479 3078 5535 l'acta
3107 5485 3216 5545 et,
3250 5472 3532 5543 benefieiis

2468 5684 2510 5714 ¹²
2535 5679 2691 5737 Rom.
2728 5694 2826 5748 ιιι,
2869 5678 2921 5734 i.
3038 5677 3082 5709 ¹⁸
3115 5675 3131 5731 l
3162 5674 3271 5733 Cor
3320 5686 3420 5743 xit,
3441 5634 3546 5730 27..
