3725 6125
117 295 223 354 ¹69

1130 282 1409 343 nonnuli
1448 288 1488 344 l.
1534 288 1620 342 me:
1652 285 1884 345 btviTE
1920 283 2007 343 m·
2048 285 2342 343 uzano.

3251 288 3358 351 Ηθ

115 412 412 481 λεγόμενον
457 407 557 478 μὲν
586 406 649 459 τὸ
681 405 913 477 πρᾶγμα
938 403 997 456 ἓν
1040 420 1092 456 τι
1133 404 1402 469 φαίνεται·
1435 401 1686 468 ὲξεταζό-
1713 406 1766 466 Δ
1792 404 1986 459 beralis
2033 402 2460 457 consuetudinis.
2522 399 2587 454 sst
2634 414 2946 471 quanquam
3002 417 3091 459 res
3135 420 3241 460 υιιιι
3293 415 3358 464 ιο

120 524 287 579 μενον
311 506 372 559 δὲ
392 502 534 558 κατά
572 501 731 572 μέρος
760 500 856 553 καὶ
895 498 1396 570 κατηγορούμενον,
1423 499 1488 553 ὲκ
1512 497 1689 552 ποικί-

115 601 223 670 λης
271 596 371 651 καὶ
423 594 651 656 πλείονος
699 590 796 644 καὶ
823 588 1194 660 πολυκεφάλου
1221 589 1420 652 κακίας
1450 589 1562 659 ἔχει
1593 588 1689 659 τὴν

124 691 417 744 σύστασιν.
446 682 619 755 Τρυφὴ
679 682 788 756 γὰρ
826 682 926 736 οὐκ
959 680 1026 735 ἂν
1071 680 1298 750 γένοιτο,
1334 681 1411 752 μὴ
1469 669 1713 743 πολλαῖς

128 778 420 850 αὐξηθεῖσα
447 778 565 838 ταῖς
609 774 788 838 ῦλαις.
842 772 1014 837 ’Ύλας
1042 773 1100 827 δὲ
1151 773 1380 827 πλούτου
1418 771 1688 845 σωρεῦσαι

135 869 537 939 ἀναμαρτήτως,
576 865 878 936 ἀμήχανον·
924 863 1065 935 πλὴν
1105 865 1157 916 εί
1195 863 1268 933 μή
1297 879 1423 928 τινι,
1462 863 1606 917 κατὰ
1630 863 1690 916 τὸ

136 960 363 1020 σπάνιον,
409 956 488 1019 ὡς
528 954 607 1025 τῷ
645 954 800 1015 Ἰὼὸ,
832 952 1091 1024 συμὸαίη,
1141 953 1232 1006 καὶ
1265 952 1516 1006 πλουτεῖν
1537 951 1690 1021 δαψι-

122 1048 243 1112 λῶς,
274 1047 367 1101 καὶ
390 1046 491 1117 ζῇν
516 1044 660 1099 κατὰ
684 1044 747 1097 τὸ
767 1044 969 1098 δίκαιον
1019 1043 1277 1116 ἀκριόῶς.
1308 1046 1400 1096 Δεῖ
1416 1044 1593 1097 τοίνυν
1611 1043 1690 1113 τῷ

114 1137 410 1208 τρυφῶντι,
438 1137 659 1209 πρῶτον
701 1135 801 1206 μὲν
825 1135 998 1198 οἰκίας
1028 1134 1372 1198 πολυτελοῦς,
1402 1135 1566 1206 ψήφῳ
1594 1134 1690 1189 καὶ

109 1228 279 1290 λίθοις
307 1229 406 1283 καὶ
443 1227 630 1299 χρυσῷ
660 1227 799 1281 κατὰ
833 1228 932 1289 τὰς
983 1226 1200 1297 νύμφας
1243 1227 1685 1299 κεκοσμημένης·

107 1320 250 1392 πρὸς
285 1321 344 1373 δὲ
368 1322 468 1384 τὰς
500 1319 802 1387 ἐξαλλαγὰς
827 1320 936 1373 τῶν
962 1319 1121 1391 ὡρῶν
1143 1319 1238 1374 τοῦ
1284 1319 1531 1374 ἐνιαυτοῦ
1565 1321 1688 1373 ὲπι-

104 1411 343 1482 τηδείως
364 1411 615 1480 ἐχούσης.
657 1411 912 1478 Ζητεῖται
946 1410 1054 1481 γὰρ
1082 1409 1278 1483 θερμὴ,
1323 1410 1538 1481 ἀλεεινὴ
1591 1410 1690 1481 μὲν

110 1504 147 1572 η
173 1502 269 1555 τοῦ
296 1501 583 1572 χειμῶνος,
614 1503 707 1556 καὶ
735 1502 1083 1574 τετραμμένη
1095 1503 1232 1573 πρὸς
1257 1501 1356 1570 τὴν
1375 1501 1568 1555 ἀκτῖνα
1590 1501 1691 1572 τῆς

113 1592 487 1663 μεσημὸρίας·
509 1593 935 1663 ἀναπεπταμένη
964 1591 1023 1644 δὲ
1050 1592 1188 1662 πρὸς
1201 1592 1300 1663 τὴν
1323 1592 1546 1662 ἀρκτον,
1600 1590 1690 1644 θε-

114 1682 265 1750 ρινή·
284 1681 377 1733 ἶνα
395 1680 616 1743 λεπταῖς
641 1679 778 1749 ὁμοῦ
803 1682 897 1732 καὶ
915 1679 1149 1751 ψυχραῖς
1177 1682 1297 1745 ταῖς
1324 1679 1523 1752 αὔραις
1572 1682 1692 1743 ταῖς

1788 494 2014 565 simplex
2043 494 2310 559 videatur,
2344 502 2401 545 ut
2432 492 2654 563 propius
2689 503 2868 547 tamen
2896 495 3156 565 inspicias
3188 513 3254 554 ae
3279 501 3355 554 si-

1788 584 2012 651 gillatim
2042 584 2343 646 examineS,
2381 597 2412 637 e
2452 583 2602 636 varia
2656 597 2719 637 ae
2770 582 3052 654 multiplici
3101 586 3358 643 vitiorum

1787 672 2016 728 colluvie
2055 671 2283 727 conflata
2326 672 2639 741 reperietur.
2681 672 2930 726 Deliciari
2971 675 3115 729 enim
3157 676 3362 745 absque

1790 766 1999 834 magnis
2041 764 2392 821 facultatibus
2439 763 2579 818 baud
2636 764 2827 831 possis·
2870 763 3230 821 Accumulare
3264 782 3363 822 au-

1792 866 1898 910 tem
1938 855 2156 909 divitias
2183 856 2319 909 citra
2345 864 2647 924 peccatum,
2675 853 3039 923 impossibile3
3069 854 3169 909 nisi
3198 856 3356 912 alicui

1790 944 1955 1015 (quod
1986 945 2138 999 valde
2170 945 2373 1014 rarum)
2406 944 2551 1014 large
2589 942 2747 997 sitnul
2778 941 2995 998 divitem
3026 958 3164 1009 esse,
3197 945 3360 1000 sedu-

1792 1025 1950 1104 loque
2001 1033 2266 1102 justitiam
2330 1032 2530 1098 colere,
2588 1032 2667 1087 uti
2719 1029 2819 1085 Job
2872 1033 3167 1104 contingat.
3219 1035 3360 1089 Ante

1789 1122 1969 1177 miinia
1996 1132 2199 1187 autem,
2229 1124 2277 1177 ei
2316 1123 2402 1177 cui
2450 1123 2594 1178 laute
2633 1122 2970 1193 delicateque
3010 1125 3193 1179 vivere
3228 1139 3356 1191 pro-

1788 1214 2048 1284 positum,
2086 1215 2247 1270 domo
2283 1230 2417 1284 opus
2458 1226 2543 1270 est
2591 1218 2787 1273 cultius
2829 1233 3128 1287 exstructa,
3163 1232 3355 1277 actes·

1789 1305 1996 1360 sellulis
2044 1305 2121 1376 (ὃ)
2177 1305 2477 1377 lapillisque
2540 1317 2595 1361 et
2641 1324 2771 1363 auru
2818 1325 3138 1381 sponsarum
3183 1314 3355 1370 instar

1789 1406 1978 1449 ornata
2018 1413 2033 1451 z
2069 1405 2183 1450 tum
2209 1398 2368 1451 etiam
2400 1399 2468 1453 ad
2517 1400 2839 1455 mutationes
2873 1412 3173 1471 temporum
3200 1406 3353 1459 anui-

1790 1500 1899 1554 que
1922 1495 2264 1556 tempestates
2297 1489 2434 1544 bene
2461 1492 2887 1547 accommodata.
2938 1491 3361 1551 Commendatur

1792 1579 1960 1644 enim,
2019 1581 2243 1635 hiberna
2287 1583 2505 1649 quidem
2556 1584 2763 1651 calida;
2805 1586 2985 1653 aprica
3037 1586 3123 1639 illa
3170 1601 3238 1642 ac
3293 1589 3360 1640 ad

1795 1668 2146 1725 meridianum
2192 1670 2361 1726 solem
2404 1687 2709 1738 conversa;
2754 1677 2936 1730 aestita
2990 1692 3119 1732 vero
3162 1679 3229 1732 ad
3276 1693 3364 1732 se-

121 1770 399 1839 βορεωαῑς
432 1770 823 1839 χαταπνὲηται,
859 1770 1013 1822 Μετὰ
1033 1769 1253 1839 ταύτην,
1279 1771 1436 1843 χρεία
1467 1768 1694 1823 miore»
1724 1750 1764 1803 Β
1795 1760 2152 1828 ptentrionem
2187 1773 2527 1831 exporrecta,
2568 1780 2675 1834 quo
2718 1776 2906 1821 tenues
2958 1766 3059 1822 illae
3107 1783 3171 1823 ac
3204 1764 3359 1837 1·ιίκί-

123 1859 256 1922 λοῦς
282 1861 509 1929 ὲσθῆτος
537 1860 634 1930 τῆς
654 1860 946 1930 μελλούσης
975 1864 1360 1932 ἀμφιέννυσθαι
1393 1864 1463 1917 τὰ
1490 1863 1689 1935 βάθρα,

126 1949 489 2015 τὰς’κλίνας,
519 1949 618 2012 τὰς
679 1950 953 2016 στιΰάδας,
998 1953 1090 2015 τὰς
1134 1952 1321 2023 θύρας.
1356 1954 1537 2007 Πάντα
1581 1952 1691 2024 γὰρ

128 2040 264 2111 παρ’
298 2037 531 2101 ἐκείνοις
559 2036 836 2108 ἐπιμελῶς
862 2038 1098 2093 ἐνδύεται
1120 2039 1297 2092 καὶτὰ
1319 2040 1511 2110 ἀψυχα,
1532 2039 1694 2092 ἐλεει-

127 2131 238 2193 νῶς
264 2129 379 2182 τῶν
404 2130 652 2198 πενήτων
685 2128 1044 2197 ὲκδυομένων.
1073 2128 1314 2197 Πρόσθες
1333 2127 1453 2197 ἑξῆς
1485 2128 1689 2193 τούτοις

120 2224 218 2274 καὶ
250 2222 471 2289 λόγισαι
499 2224 592 2273 τὸν
630 2221 689 2271 ἐν
748 2219 997 2272 σκεύεσιν
1060 2219 1320 2291 ἄργυρον,
1363 2220 1452 2273 τὸν
1477 2221 1687 2292 χρυσὸν,

111 2314 215 2383 τὴν
250 2312 631 2365 πολυδάπανον
659 2313 959 2383 ἀγορασίαν
981 2312 1087 2365 τῶν
1125 2314 1188 2364 ἑκ
1203 2311 1424 2374 Φάσιδος
1440 2310 1684 2382 ὀρνίθων·

106 2405 252 2458 οἴνου
283 2403 382 2456 τοῦ
410 2404 682 2466 Φοίνικος,
717 2404 776 2456 ὃν
821 2406 878 2457 αί
922 2403 1151 2473 ἄμπελοι
1184 2403 1355 2474 Τύρου
1382 2402 1545 2458 πολὺν
1574 2406 1688 2467 τοῖς

107 2496 384 2558 πλουσίοις
411 2495 507 2547 καὶ
556 2494 739 2564 τίμιον
785 2495 1138 2564 ἀπορρέουσι·
1170 2497 1347 2549 πᾶσαν
1370 2494 1468 2570 τὴν
1518 2495 1686 2567 ἀλλην

104 2586 205 2652 τῆς
252 2584 612 2648 ἀπολαύσεως
649 2586 1016 2656 παρασκευὴν,
1067 2588 1134 2657 ῆν
1175 2587 1354 2641 αὐτῶν
1399 2587 1509 2642 τῶν
1542 2605 1688 2660 χρω-

112 2675 289 2744 μένων
338 2676 487 2727 ἐστὶν
517 2675 798 2746 ἐπιμελῶς
828 2678 1111 2746 ὀνομάσαι.
1145 2677 1389 2744 Αῦξουσα
1409 2679 1520 2752 γὰρ
1565 2680 1686 2736 καθ’

111 2768 325 2837 ἡμέραν
354 2767 448 2820 ἐπὶ
473 2766 538 2820 τὸ
573 2768 990 2839 περιεργότερον
1022 2771 1057 2840 ἡ
1087 2772 1291 2842 τρυφὴ,
1323 2773 1424 2844 ἤδη
1461 2774 1555 2828 καὶ
1577 2772 1688 2827 τῶν

117 2858 181 2921 ἕξ
241 2858 468 2928 Ἰνδικῆς
520 2859 826 2929 ἀρωμάτων
882 2863 1176 2932 παρεγχέει
1207 2867 1321 2928 τοῖς
1364 2865 1534 2935 ὄψοις·
1592 2869 1688 2920 καὶ

124 2947 323 3019 μᾶλλον
373 2947 482 3001 τῶν
539 2947 735 3020 ίατρῶν
781 2952 830 3003 οί
872 2952 1185 3022 μυροπῶλαι
1236 2957 1348 3018 τοῖς
1405 2955 1688 3027 μαγείροις

120 3038 498 3111 ὑπηρετοῦσιν.
541 3039 818 3095 Ἐντεῦθεν
841 3041 1092 3112 ἐννόησον
1122 3043 1185 3097 τὸ
1209 3043 1566 3116 δορυφορικὸν
1587 3045 1688 3115 τῆς
1734 3043 1756 3125 ’Ὦ

1793 1849 1929 1903 dulae
1956 1851 2024 1904 ab
2049 1864 2202 1907 arcto
2232 1854 2502 1923 spirantes
2532 1872 2697 1922 aurae,
2739 1873 2858 1912 eam
2895 1859 3121 1928 perflare
3148 1873 3212 1916 ae
3236 1875 3358 1929 per-

1794 1954 1972 1995 meare
2020 1943 2301 1997 conmtode
2354 1946 2585 1999 valeant.
2637 1948 2718 1999 Ad
2753 1947 2867 2002 baec
2918 1949 3153 2019 stragula
3208 1950 3357 2003 multi

1793 2032 1948 2100 pretii
1978 2043 2126 2086 veste
2153 2044 2236 2088 est
2275 2051 2429 2102 opus,
2472 2036 2540 2090 ad
2578 2037 2715 2091 imas
2760 2039 3075 2108 integendus
3106 2042 3267 2098 sedes
3299 2059 3362 2097 ac

1791 2137 2047 2186 scamma,
2090 2123 2381 2193 lectosque.
2417 2141 2481 2180 ac
2519 2128 2741 2192 thoros,
2785 2139 2839 2185 et
2877 2131 3073 2199 januas
3105 2153 3118 2187 ι
3174 2134 3358 2189 onmia

1791 2213 2052 2281 siqnidem
2092 2216 2230 2284 apud
2284 2231 2377 2271 eos
2436 2228 2689 2272 accurate
2744 2224 3081 2287 vestiuntur,
3139 2229 3357 2282 tametsi

1791 2301 2109 2366 inanimata,
2140 2319 2259 2356 cum
2310 2305 2525 2359 interim
2559 2322 2818 2374 pauperes
2855 2311 3236 2367 miserabiliter
3271 2330 3361 2367 vc-

1789 2393 2036 2447 stimenta
2065 2395 2332 2449 deliniant.
2366 2397 2515 2451 Adde
2547 2414 2666 2453 vasa
2697 2410 2946 2470 argentea
2965 2412 3127 2470 atque
3153 2419 3313 2457 aurea
3339 2445 3356 2468 ,

1792 2499 2060 2555 expensas
2093 2503 2285 2557 graves
2314 2491 2619 2544 coemendis
2645 2489 2928 2546 Pliasianis
2962 2494 3170 2557 avibus,
3203 2496 3356 2549 vino-

1791 2594 1903 2648 que
1956 2578 2256 2646 Plioenicin,
2290 2585 2428 2651 ῳιιιιΙ
2472 2585 2605 2640 vites
2639 2584 2840 2655 Tyn-iat,
2884 2588 3129 2654 quamvis
3171 2603 3359 2643 carum

1790 2671 1993 2727 affatim
2040 2674 2293 2729 divitibus
2322 2676 2543 2730 effluunt
2575 2692 2591 2743 3
2617 2692 2940 2745 omnemque
2960 2679 3094 2733 adeo
3126 2681 3360 2750 volupta-

1791 2764 1860 2819 tis
1899 2774 2062 2833 atque
2100 2767 2415 2822 deliciarum
2457 2780 2773 2838 apparatum
2809 2770 2878 2824 ab
2923 2771 3027 2826 illis
3084 2774 3217 2843 ipsis
3267 2776 3357 2844 qui

1789 2864 2071 2924 usurpant,
2106 2869 2357 2912 accurate
2403 2861 2809 2916 recensendum.
2853 2862 3075 2918 Auctior
3115 2867 3256 2919 enim
3305 2868 3359 2922 in

1789 2946 1904 3001 dies
1937 2946 2207 3015 voluptas,
2250 2963 2313 3002 ac
2359 2952 2573 3005 curiose
2603 2952 2942 3022 exquisitior,
2977 2956 3134 3009 etiam
3177 2956 3357 3012 ludica

1791 3046 2038 3092 aromata
2072 3039 2210 3093 cibis
2240 3038 2499 3107 affundit;
2536 3044 2812 3114 magisque
2830 3044 2943 3115 jam
2974 3047 3161 3116 coquis
3191 3064 3354 3118 quam

118 3130 390 3201 τραπέζης
409 3130 1387 3204 πλῆθοςπραπεζοποιοὺς,οἰνοχόους,
1411 3134 1686 3205 ταμιείας,
1718 3109 1758 3163 (,
1792 3133 2032 3197 medicis,
2067 3137 2404 3205 unguentarii
2438 3136 2711 3207 impendio
2735 3151 2879 3195 sunt.
2913 3140 3052 3208 Quin
3078 3153 3133 3198 et
3159 3158 3357 3199 mensae

116 3221 206 3273 καὶ
230 3220 358 3284 τοὺς
382 3219 589 3274 τούτων
615 3219 1027 3292 ἀφηγουμένους
1059 3221 1370 3292 μουσικούς·
1400 3224 1686 3295 μουσικὰς,

108 3310 487 3383 ὀρχηστρίδας,
507 3308 764 3382 αὐλητάς,
788 3312 1201 3380 γελωτοποιοὺς,
1223 3312 1482 3378 κόλακας,
1511 3328 1690 3385 παρα-

106 3404 308 3468 σίτους,
362 3400 457 3457 τδν
502 3402 797 3457 ἀκόλουθον
845 3398 945 3473 τῆς
1000 3399 1363 3479 ματαιότητος
1401 3406 1684 3476 συρφετόν.

105 3494 295 3551 Ταῦτα
315 3494 405 3548 ἶνα
431 3493 627 3567 κτηθῇ,
654 3491 811 3548 πόσοι
867 3495 1097 3566 πένητες
1145 3495 1492 3550 ἀδικοῦνταιί
1533 3493 1687 3551 πόσοι

106 3586 164 3641 δὲ
190 3582 422 3659 ὀρφανοὶ
440 3583 868 3649 κονδυλίζονταιί
899 3584 1062 3640 πόσαι
1082 3587 1136 3640 δὲ
1153 3586 1316 3659 χῆραι
1331 3586 1652 3658 δακρύουσιν
1672 3591 1684 3643 !

113 3678 275 3731 πόσοι
323 3676 566 3746 σφοδρῶς
594 3679 1026 3749 σπαραττόμενοι
1061 3679 1384 3733 σπεύδουσιν
1428 3675 1561 3751 πρὸς
1591 3680 1684 3750 ἀγ·

123 3767 323 3836 χόνηνὶ
354 3764 422 3818 Ἢ
445 3767 500 3819 δὲ
527 3765 627 3819 τῶν
663 3768 918 3823 τοιούτων
944 3769 1110 3842 ψυχὴ,
1137 3767 1323 3844 ὥσπερ
1347 3770 1583 3841 Ληθαίου
1617 3789 1691 3824 τι·

133 3855 228 3917 νδς
260 3852 446 3920 ὓδατος
471 3859 789 3930 γευσαμένη,
827 3856 1029 3931 ἑαυτῆς
1082 3861 1387 3933 ἀμνημονεῖ
1412 3861 1686 3929 καθάπαξ,

138 3944 219 4008 τίς
244 3947 401 4009 ἐστιν,
434 3947 527 4000 καὶ
555 3947 658 4002 τίνι
692 3950 1063 4015 συνέζευκται,
1086 3951 1179 4006 καὶ
1201 3954 1282 4005 ὅτι
1307 3954 1437 4007 ποτὲ
1463 3953 1561 4025 τῆς
1590 3970 1687 4006 συ-

122 4035 310 4105 ζυγίας
346 4038 548 4110 ταύτης
595 4039 910 4112 λυθήσεται,
959 4042 1054 4096 καὶ
1104 4043 1266 4096 πάλιν
1311 4044 1689 4098 άνακτισθὲντι

119 4132 428 4201 συνοικήσει
484 4130 562 4203 τῷ
609 4133 848 4202 σώματι.
921 4133 1194 4199 Ἐλθόντος
1245 4134 1300 4190 δὲ
1348 4136 1541 4208 καιροῦ
1595 4139 1687 4191 τοῦ

119 4220 470 4291 καθήκοντος,
495 4223 590 4278 καὶ
615 4227 708 4280 τοῦ
735 4228 1111 4299 ἀπαραιτήτου
1142 4228 1559 4300 προστάγματος
1588 4229 1689 4299 τῆς

118 4310 259 4381 πρὸς
288 4311 352 4365 τὸ
377 4312 535 4383 σῶμα
565 4317 847 4379 κοινωνίας
877 4315 1230 4382 ἀποσπῶντος
1259 4318 1448 4390 αὐτὴν,
1496 4318 1689 4373 ἀναλο-

114 4401 312 4472 γισμδς
373 4402 681 4475 εἰσέρχεται
725 4406 832 4458 τῶν
881 4405 1247 4478 βεόιωμένων,
1292 4409 1386 4462 καὶ
1406 4409 1687 4480 ἀνωφελὴς

115 4493 397 4562 μετάνοια,
445 4495 675 4550 κατόπιν
710 4497 971 4569 γινομένη
1015 4499 1112 4568 τῆς
1145 4498 1349 4570 χρείας.
1393 4498 1526 4552 Τότε
1577 4498 1687 4570 γάρ

111 4580 319 4655 ὀνίνησι
352 4586 706 4656 μεταμέλεια.
735 4590 862 4641 ὅταν
901 4589 930 4640 ὁ
974 4588 1498 4660 μεταόουλευόμενος
1542 4587 1689 4652 ἐξου-

117 4674 240 4728 σίαν
265 4676 367 4750 ἔχῃ
393 4677 495 4748 τῆς
539 4677 897 4750 διορθώσεως·
927 4677 1308 4750 ἀναιρεθείσης
1333 4679 1388 4732 δὲ
1414 4678 1513 4749 τῆς
1536 4679 1690 4751 ἐνερ-

114 4766 273 4834 γείας
304 4767 398 4821 τοῦ
446 4769 767 4840 κατορθοῦν,
818 4770 1034 4841 ἀχρεῖος
1064 4773 1097 4841 ἠ
1127 4769 1294 4841 λύπη,
1330 4771 1423 4824 καὶΙ
1463 4771 1689 4840 μάταιος

115 4859 154 4927 ἡ
184 4858 544 4929 μετάγνωσις.

184 5115 430 5186 Πτωχὸς
455 5116 525 5170 δέ
562 5131 651 5182 τις
677 5114 757 5187 ἦν
781 5119 1021 5187 ὀνόματι.
1055 5117 1328 5186 Λάζαρος.
1360 5119 1433 5170 Οὐ
1474 5118 1680 5189 πένητα

117 5205 302 5270 ἀτελῶς
352 5208 660 5279 ὑπογράφει
693 5211 722 5262 ό
767 5209 951 5277 λόγος,
995 5209 1095 5278 τῆς
1145 5210 1388 5276 δαπάνης
1445 5211 1535 5264 καὶ
1580 5211 1679 5280 τῆς

116 5294 305 5368 χρείας
335 5297 446 5351 τῶν
484 5298 798 5367 ἀναγκαίων
841 5300 1230 5369 ἐστερημένον·
1261 5299 1396 5352 ἀλλὰ
1435 5302 1542 5372 γάρ
1584 5303 1678 5352 καὶ

208 5469 266 5538 5)
305 5471 384 5524 Ac
409 5472 704 5526 ιεσσείίιιίίι.
751 5473 840 5527 Sic
881 5474 1159 5543 chrysost.
1193 5471 1346 5526 Hom.
1388 5473 1440 5525 in
1476 5475 1681 5528 dit-item

108 5540 162 5591 ἐι
274 5554 486 5602 zaram,
519 5553 648 5596 ιοιιι.
678 5539 745 5595 vt
790 5541 989 5603 θυρεοὶ,
1023 5541 1093 5595 τά
1116 5542 1450 5613 ὲψηφωμένα
1486 5543 1677 5614 ἐδάφη,

111 5607 388 5662 tessellum
417 5627 480 5664 uc
510 5611 701 5674 topini·
730 5612 974 5665 discincta
997 5615 1306 5678 pavimenta.
1342 5612 1439 5666 Ubi
1480 5615 1524 5667 is
1558 5629 1677 5667 enm

110 5690 306 5733 vocem
334 5696 441 5734 nun
479 5680 617 5733 male
647 5682 899 5750 explicat.
930 5691 982 5732 et
1007 5691 1061 5732 ut
1099 5683 1362 5749 ejitsmodi
1392 5683 1678 5738 tessellulis

434 5775 706 5834 Ριιτιιοι.
749 5775 863 5832 Ga.
910 5773 1038 5833 XL.

1789 3221 2101 3277 satellitium
2156 3240 2497 3280 uunierosum
2539 3231 2839 3297 perpende:
2875 3242 3192 3302 structores,
3246 3235 3360 3305 pin-

1789 3326 2001 3377 cernas,
2034 3318 2505 3384 promos·condos,
2546 3328 2601 3374 et
2645 3322 2737 3390 qui
2781 3323 2865 3378 bis
2912 3337 3149 3393 praeeunt
3193 3327 3359 3379 musi·

1789 3415 1908 3469 cos,
1964 3407 2223 3472 musicas,
2280 3408 2673 3475 saltatriculas,
2731 3415 3007 3482 tibicines,
3068 3416 3353 3483 ridiculos,

1790 3491 2112 3559 gnathones,
2144 3498 2430 3565 parasitoS,
2464 3499 2670 3553 turbam
2712 3503 2965 3556 vanitatis
2993 3504 3240 3558 comitem
3275 3517 3351 3559 at·

1789 3596 1893 3651 que
1922 3582 2289 3652 pedisequam.
2332 3586 2454 3642 llaec
2497 3598 2555 3641 ut
2590 3599 2992 3657 coiuparentur,
3040 3601 3171 3663 quot
3222 3608 3353 3663 pau·

1791 3686 1946 3741 peres
1972 3671 2237 3729 afficiendi
2284 3678 2521 3745 injuria?
2566 3688 2696 3744 quot
2743 3680 2935 3749 pugnis
2981 3684 3217 3738 caedeadi
3262 3700 3355 3738 or·

1790 3763 1995 3830 phani?
2027 3773 2159 3832 quot
2190 3764 2475 3834 lugendum
2502 3768 2709 3822 viduis?
2734 3782 2865 3838 quot
2899 3772 3128 3841 denique
3156 3775 3352 3831 misero

1790 3852 2117 3910 dilaniantes
2168 3857 2394 3925 seipsos,
2426 3858 2491 3912 ad
2544 3860 2725 3913 restim
2773 3875 2836 3915 ac
2875 3860 3121 3931 laqueum
3170 3866 3356 3921 decur-

1794 3944 2014 3998 rendum
2075 3947 2409 4002 habuerint?
2455 3948 2730 4020 Ejusmodi
2785 3953 3025 4021 profecto
3076 3954 3353 4012 bominum

1791 4034 1991 4099 anima,
2019 4037 2173 4104 quasi
2221 4035 2435 4092 Letbaea
2474 4035 2705 4108 quadam
2754 4043 3028 4113 degustata
3065 4060 3225 4114 aqua,
3266 4049 3353 4102 sni

1792 4133 2013 4186 prorsus
2056 4122 2423 4191 obliviscitum
2472 4142 2590 4195 quae
2622 4139 2675 4182 et
2701 4130 2810 4198 ipsa
2865 4133 2956 4196 sit,
2985 4148 3049 4187 ac
3091 4135 3176 4188 cui
3222 4150 3354 4190 con-

1785 4207 1995 4275 juncta,
2040 4221 2204 4280 utque
2229 4215 2420 4284 copula
2456 4218 2567 4273 baee
2595 4220 2915 4288 quandoque
2942 4223 3012 4277 sit
3055 4224 3349 4290 solvenda;

1791 4297 2012 4367 ipsaque
2043 4301 2257 4372 iterum,
2291 4317 2590 4362 recreatum
2616 4324 2811 4379 corpus
2830 4326 2894 4365 ac
2930 4314 3221 4368 redivivunt
3249 4316 3349 4369 do·

1792 4389 2046 4446 micilium
2090 4394 2358 4452 habitura.
2395 4394 2496 4454 Ubi
2522 4410 2699 4455 autem
2726 4411 2923 4457 statum
2954 4413 3161 4475 tempus
3188 4407 3349 4463 adve-

1793 4479 1951 4544 nerit,
1999 4494 2063 4535 ac
2096 4482 2477 4552 indeprecabili
2509 4489 2745 4555 decreto,
2775 4496 3018 4563 corporis
3056 4510 3120 4550 aa:
3158 4498 3351 4552 anima

1787 4584 1960 4625 nexus
2006 4570 2383 4632 dissolvendus
2436 4580 2562 4644 erit,
2620 4583 2815 4651 prioris
2865 4585 2988 4640 vitae
3041 4589 3352 4658 recogitatio

1790 4659 2029 4716 animum
2056 4665 2279 4731 subibit,
2311 4681 2544 4737 seraque
2584 4687 2647 4727 ac
2695 4673 2827 4728 nibil
2860 4675 3136 4743 profutura
3172 4678 3349 4748 poeni-

1791 4752 1978 4807 tentia.
2011 4752 2163 4810 Tunc
2188 4759 2329 4812 enim
2366 4761 2579 4815 demum
2605 4764 2921 4834 poeniteutia
2957 4769 3194 4836 prodest,
3226 4782 3348 4823 cum

1788 4853 2003 4899 mutans
2036 4850 2387 4918 propositum,
2435 4855 2762 4909 emendandi
2800 4855 3129 4931 facultatem,
3153 4858 3344 4923 babet:

1791 4935 2001 4992 sublata
2029 4953 2156 4995 vero
2186 4940 2309 4996 boni
2348 4944 2529 5012 operis
2558 4946 2715 5015 copia
2760 4962 2823 5002 ac
2867 4949 3100 5016 actione,
3146 4951 3349 5007 inutilis

1792 5027 1944 5080 dolor
1973 5045 2036 5082 ac
2066 5031 2240 5086 inanis
2265 5034 2539 5102 poenitudo
2574 5046 2675 5091 est.
2813 5051 2867 5087 ’π

1863 5116 1994 5172 Erat
2036 5134 2206 5176 atatem
2249 5126 2465 5194 quidam
2510 5129 2776 5182 mendicus
2828 5131 3031 5184 nomine
3087 5129 3345 5188 Lazarus.

1790 5208 1997 5264 Nedum
2044 5211 2325 5284 Scriptura
2392 5231 2678 5288 pauperem
2717 5220 2972 5275 describit
3043 5235 3349 5277 necessario

1787 5314 1885 5355 usu
1924 5317 2101 5356 rerum
2135 5305 2469 5371 destitutum,
2497 5323 2562 5362 ac
2587 5311 2809 5378 penuria
2843 5309 3177 5368 laborantem
3206 5310 3347 5378 ς’νο·

1791 5492 1855 5531 ac
1905 5479 2123 5535 calculis
2178 5493 2389 5539 conistet
2436 5485 2579 5555 quod
2632 5489 2898 5546 musivum
2944 5506 2978 5547 o
3018 5509 3081 5551 us
3131 5474 3348 5552 vocant.

1790 5546 1988 5616 Regius
2035 5552 2223 5616 codex,
2272 5569 2502 5621 quocum
2548 5559 2771 5623 contuli,
2805 5561 2877 5615 ita
2911 5562 2980 5618 ha
3050 5574 3069 5618 t
3120 5575 3179 5618 ut
3221 5577 3344 5620 cnm

1788 5615 1952 5671 San-il.
1988 5621 2221 5675 restituit
2247 5621 2470 5679 Ducaeus
2492 5640 2557 5680 ex
2587 5625 2869 5687 Caesarois.
