3725 6125
286 319 386 374 407

1632 313 2169 374 PnoLEGosfflNA.

3432 320 3538 375 ⁴98

281 434 466 488 mirari
503 434 639 488 satis
672 447 779 487 nou
827 446 1067 501 possum,
1119 432 1246 501 quid
1288 433 1340 486 iu
1385 442 1619 487 mentem
1656 435 1862 489 venerit
1895 439 1937 495 Α
1971 432 2180 487 niorum
2208 429 2604 484 f··racissirnunt
2630 426 2759 482 illud
2782 427 3037 482 saeculum
3066 428 3334 497 sapit.ubi
3360 431 3540 485 ethui-

281 524 499 594 nuperis
543 524 801 579 otnitibus
842 521 1074 594 Nysseni
1117 524 1435 589 editoribus,
1484 535 1541 578 ut
1594 526 1858 596 integrum

282 617 578 671 secundum
607 625 796 685 caput,
829 617 970 685 quod
997 617 1178 687 operis
1205 616 1441 673 Nemesii
1464 632 1567 672 ιιοιι
1615 629 1860 674 contem-

286 709 515 763 nendam
543 716 752 777 partem
775 706 958 771 eflicit,
985 717 1038 762 et
1060 707 1206 761 illum
1235 709 1417 777 ipsum
1449 709 1515 764 de
1553 710 1858 765 animarum

294 798 711 869 praeexsistetttia
744 812 985 851 errorem
1024 799 1076 851 in
1120 813 1179 852 se
1218 799 1400 865 hahet,
1455 809 1738 870 postquam
1781 809 1862 854 to·

301 903 408 945 tum
428 906 559 959 opus
577 888 838 959 Gregorio
857 890 1156 960 justissimo
1170 891 1372 962 judicio
1394 892 1591 946 dudum
1618 901 1862 960 ereptum

306 984 560 1038 Emesena
597 992 786 1036 nostro
830 983 1104 1036 addictum
1147 981 1357 1048 suisset,
1402 985 1698 1039 etiamnum
1740 995 1862 1039 tan-

299 1086 450 1140 quam
491 1069 733 1140 Gregorii
786 1071 1075 1141 genuinum
1135 1070 1302 1126 tetum
1358 1073 1501 1126 inter
1536 1088 1698 1142 opera
1750 1075 1867 1143 ejus

295 1161 624 1228 evulgarent.
683 1161 821 1227 Quin
874 1172 928 1216 et
988 1163 1192 1232 pariter
1246 1162 1431 1217 mirari
1487 1165 1651 1223 subit.
1699 1180 1869 1233 quare

296 1264 583 1308 tractatum
624 1255 939 1324 praedictum
969 1265 1133 1324 caput
1157 1256 1526 1311 continentem
1567 1272 1596 1311 a
1628 1256 1871 1328 Burgun-

292 1344 449 1397 dione
500 1342 690 1397 Latine
733 1343 960 1408 editum,
1009 1358 1108 1398 nce
1154 1360 1260 1399 non
1295 1346 1557 1411 Cononis,
1597 1346 1866 1417 Rhenani,

296 1434 482 1497 Valhn,
514 1433 771 1489 Ellebodii
800 1436 945 1491 curis
969 1436 1365 1503 elucubratum,
1400 1439 1577 1493 denuo
1620 1439 1873 1496 Frederi·

295 1541 393 1580 cus
423 1525 674 1581 Moreilus
711 1528 1182 1598 interpretaretur,
1228 1529 1372 1584 nulla
1411 1530 1608 1587 laboris
1654 1542 1762 1587 tam
1790 1550 1874 1590 su·

296 1618 546 1687 pervacui
581 1619 786 1675 ratione
812 1621 1040 1676 reddita.
1248 1681 1252 1688 ,

365 1707 421 1763 Ιιι
461 1709 696 1764 editione
749 1710 1029 1776 Ellebodii‚
1077 1720 1137 1765 ut
1192 1717 1247 1766 et
1312 1711 1508 1783 mgnaet
1579 1714 1779 1781 ctiam,
1819 1716 1870 1771 in

1964 524 2166 577 cismus
2198 521 2310 588 iam
2342 520 2712 589 exspiraturus
2733 518 2951 572 ultimos
2978 533 3104 573 suos
3137 527 3365 575 conatus
3391 519 3541 576 vidc-

1968 622 2056 666 tur
2084 612 2339 678 edidisse,
2376 621 2429 666 et
2474 612 2573 666 sub
2613 608 2900 673 llieroclis,
2934 607 3154 673 Plotini,
3195 608 3526 674 lamblichii,

1969 703 2249 774 Porphyrii
2274 713 2329 757 et
2359 701 2708 771 reliquorum,
2740 701 2829 772 qui
2866 700 2934 755 ah
2966 699 3206 769 Eunapio
3231 716 3540 756 memoran-

1972 804 2080 858 tur,
2124 794 2409 864 praesidiiS,
2472 793 2863 866 philosophiam
2912 792 3327 848 christianismo
3380 810 3543 864 oppo-
3593 826 3596 829 >

1971 888 2102 949 suit,
2134 898 2191 942 ut
2221 902 2285 942 ex
2314 887 2479 942 altera
2521 896 2672 956 parte
2700 886 2887 941 eadem
2931 895 3249 956 tempestate
3280 886 3537 955 auspiciis

1973 993 2081 1033 non
2144 977 2465 1043 iunioribus,
2512 977 2580 1030 ah
2636 974 2951 1038 Athanasio,
3005 975 3226 1041 Basilio,
3272 975 3541 1044 Epltretuo

1972 1071 2129 1142 Syro,
2170 1070 2434 1140 Nysseno,
2480 1066 2842 1133 Nazianzeno.
2887 1064 3185 1137 Epiphanio
3214 1067 3351 1121 idem
3385 1067 3543 1123 Chri-

1972 1161 2285 1217 stianismus
2338 1159 2688 1232 philosophiae
2741 1159 2903 1212 etiam
2936 1158 3198 1229 suppetiis
3228 1158 3541 1213 «tetendeba-

1974 1263 2079 1307 tur.
2127 1251 2233 1306 Sed
2290 1252 2343 1304 in
2391 1266 2449 1305 re
2482 1261 2587 1303 tam
2623 1250 2828 1303 lubrica
2864 1249 2997 1304 certi
3030 1251 3232 1319 aliquid
3279 1259 3540 1312 statuere,

1976 1344 2162 1399 nimiae
2192 1352 2339 1397 esset
2368 1341 2644 1406 audaciae3
2678 1342 2979 1409 praesertim
3012 1341 3226 1412 quando
3255 1341 3385 1396 nihil
3416 1357 3543 1412 pro-

1975 1436 2143 1499 hihet,
2191 1434 2373 1504 plures
2405 1433 2570 1489 fuisse
2604 1429 2907 1497 Nemesios,
2952 1446 3154 1507 cosque
3195 1432 3546 1505 philosophos

1972 1536 2027 1581 et
2057 1526 2396 1582 Christianos
2443 1526 2586 1581 circa
2626 1524 2952 1583 Nazianzeni
3004 1536 3262 1597 tempora.
3296 1528 3456 1581 Certe
3490 1526 3543 1581 in

1973 1617 2164 1673 lsidori
2208 1618 2496 1673 Pelusiotae
2538 1619 2757 1688 scriptis
2795 1616 3033 1674 Nemesii
3075 1619 3236 1675 etiam
3264 1618 3543 1689 cujusdam

1980 1711 2308 1764 mentionem
2341 1723 2652 1772 occurrere,
2683 1718 2737 1765 et
2785 1711 3023 1779 quinque
3054 1709 3310 1779 epistolas
3342 1709 3544 1764 nomini

300 1795 545 1851 Bibliotlt.
583 1796 739 1851 Patr.
773 1799 877 1853 vol.
914 1799 1027 1864 xil,
1062 1801 1148 1855 hic
1188 1811 1372 1855 noster
1407 1802 1695 1860 Nemesius
1726 1804 1867 1861 Gre·
1905 1786 1955 1844 ¹3
1982 1800 2071 1854 ἱὸῑὶ
2123 1799 2326 1856 dimi-'¹5
2376 1800 2623 1869 reperiri·
2654 1801 2790 1857 ὅθῑῑὸ
2834 1809 3079 1867 0011313ῑὶ
3113 1799 3229 1856 ⁸03¹·
3264 1800 3542 1872 Νεμεσῑῳ,

299 1888 434 1954 gorii
460 1887 781 1945 Nazianzeni
809 1890 1094 1948 sainiliaris
1113 1903 1167 1947 et
1200 1894 1550 1963 Cappadociae
1583 1897 1872 1965 praefectus

302 1979 467 2033 tuisse
520 1979 753 2044 dicitur;
815 1982 866 2035 in
919 1981 1072 2051 cuius
1129 1986 1416 2040 sententiae
1470 1987 1880 2045 firmamentum

300 2071 524 2139 epistola
564 2072 635 2125 79
669 2087 699 2125 a
730 2070 1070 2129 Nazianzeno
1136 2074 1203 2129 ad
1259 2077 1504 2131 eumdem
1558 2080 1756 2150 scripta
1814 2082 1869 2137 iu

303 2161 536 2216 medium
574 2164 913 2231 producitur.
943 2165 1261 2222 Debuissent
1305 2170 1521 2239 quidem
1551 2172 1665 2240 pari
1697 2174 1873 2228 omni·

305 2266 378 2304 ne
400 2252 527 2320 jure
557 2262 667 2307 tres
699 2252 818 2306 aliae
847 2254 1108 2323 epistelae,
1138 2257 1396 2311 nimirum
1441 2259 1564 2324 183,
1593 2260 1717 2327 184,
1748 2263 1871 2333 185,

302 2356 403 2396 nee
448 2358 553 2397 non
611 2354 666 2398 et
718 2359 938 2399 carmen
981 2347 1112 2401 satis
1150 2347 1436 2416 prolixum,
1499 2354 1563 2406 ad
1622 2354 1872 2411 eumdem

304 2434 528 2501 scripta..
576 2434 628 2487 in
683 2434 1049 2490 testimonium
1102 2438 1282 2491 citari.
1330 2438 1515 2495 Billius
1542 2442 1783 2514 quidem,
1817 2457 1877 2501 ut

301 2522 461 2578 etalii
484 2523 747 2591 nonnulli,
781 2526 1004 2582 minime
1041 2529 1332 2583 verisimile
1357 2543 1570 2599 putant,
1595 2534 1876 2609 Cappado-

301 2615 398 2672 cia:
429 2615 764 2685 praetectum,
798 2620 1076 2673 hominem
1125 2621 1307 2676 saeeuli
1340 2625 1487 2679 cut-is
1513 2627 1786 2684 addictum
1821 2638 1879 2684 et

305 2724 336 2759 a
365 2706 668 2763 Christiana
701 2710 899 2779 pietate
943 2711 1202 2780 alienum,
1249 2726 1342 2769 aut
1389 2717 1698 2789 episcopum
1737 2720 1878 2787 fleri,

309 2808 401 2852 aut
447 2797 643 2853 librum
689 2800 1017 2869 istiusmodi,
1055 2803 1231 2873 qualis
1283 2806 1373 2860 hic
1426 2819 1611 2864 noster
1642 2821 1745 2878 est,
1786 2814 1878 2885 qui

315 2904 425 2959 proe
455 2891 704 2946 manibus
739 2891 987 2959 babetur,
1025 2896 1335 2964 scripsisse.
1372 2897 1526 2966 Quod
1576 2911 1759 2958 autem
1811 2907 1881 2960 ad

319 2979 685 3048 prael'ecturam
757 2984 969 3050 attinet,
1018 2996 1073 3040 et
1122 3002 1320 3043 nomeu
1381 2990 1594 3047 Christo
1643 2995 1880 3050 nondum

318 3073 520 3139 datum,
551 3073 707 3131 facile
733 3078 837 3132 erit
865 3092 1162 3149 reponere:
1205 3096 1318 3136 rem
1344 3097 1466 3139 eam
1498 3099 1608 3140 non
1630 3086 1767 3142 adeo
1795 3089 1882 3143 in-

317 3165 622 3220 credibilem
650 3167 819 3222 videri
857 3170 924 3224 iis
951 3171 1043 3240 qui
1067 3174 1336 3239 noverint,
1368 3175 1558 3244 quales
1590 3191 1655 3232 eo
1681 3179 1797 3248 ipso
1827 3179 1884 3235 iu
1913 3145 1958 3208 C

313 3259 506 3314 saecttlo
543 3254 755 3316 luerunt
794 3265 1138 3331 Ambrosius,
1174 3265 1455 3325 Nectarius
1499 3279 1554 3325 et
1598 3269 1885 3344 synesius,
1909 3308 1924 3317 ψ

311 3364 431 3404 cmn
455 3351 522 3405 ad
561 3354 719 3410 sedes
760 3371 886 3410 suas
919 3366 1392 3427 promoverentur.
1440 3359 1551 3416 Nec
1594 3372 1742 3419 certe
1782 3361 1888 3421 Ne-

312 3442 514 3499 mcsius
542 3453 727 3500 noster
755 3446 932 3501 sacris
965 3444 1151 3501 insulis
1181 3446 1433 3516 indignus
1461 3464 1684 3517 prorsus
1720 3451 1887 3506 habe-

315 3534 478 3602 bitur,
504 3535 599 3604 qui
628 3550 659 3589 a
691 3536 964 3606 Theologo
995 3536 1261 3609 Gregorio
1310 3537 1680 3609 philosophiae,
1704 3542 1889 3611 probi-

317 3627 476 3692 batis,
501 3627 746 3694 justitiae,
775 3629 1031 3682 amicitiae
1059 3632 1271 3687 demum
1316 3634 1556 3699 notniue,
1591 3649 1697 3689 non
1732 3637 1891 3690 modo

325 3719 552 3781 laudat-i,
589 3720 683 3772 sed
718 3734 836 3772 cum
864 3721 1206 3778 veneratione
1229 3724 1461 3793 quadam
1498 3728 1700 3796 suspici
1730 3739 1892 3798 atque

328 3810 428 3862 coti
465 3822 765 3875 meruerat;
800 3828 956 3879 quem
994 3816 1156 3869 etiam
1200 3826 1473 3888 utcunque
1515 3819 1642 3875 olim
1680 3822 1891 3876 charis-

331 3899 544 3966 simum‚
576 3900 743 3968 magis
773 3903 1065 3959 etiamnum
1102 3906 1328 3963 charum
1370 3907 1636 3975 futurum,
1665 3910 1894 3982 ejusque

329 3992 508 4046 auimo
558 3995 772 4063 penitus
824 4009 921 4051 ceu
968 3996 1221 4052 columna
1284 4015 1424 4056 terea
1484 4001 1892 4058 inscribendum

326 4087 568 4153 spondet,
601 4087 786 4159 ἐπειδὴ
815 4087 882 4142 ἂν
910 4089 1044 4162 γένῃ
1076 4089 1214 4146 Θεοῦ
1245 4092 1338 4147 καὶ
1374 4091 1560 4163 σαφῶς
1593 4091 1857 4167 ἡμέτερος
1877 4109 1891 4125 ·

325 4180 443 4234 scil.
488 4180 674 4246 pietati
726 4182 1048 4239 Christianae
1081 4194 1351 4240 se—totutn
1389 4188 1705 4253 tradiderit,
1753 4187 1895 4257 quod

327 4273 380 4326 in
439 4275 772 4329 carminibus
833 4277 1012 4332 denuo
1066 4277 1415 4341 vaticinatur,
1469 4288 1526 4334 et
1568 4294 1669 4335 ceu
1700 4280 1897 4336 entheo

324 4361 556 4430 quodam
586 4363 765 4419 furore
788 4367 1046 4434 percitus,
1075 4382 1262 4436 poema
1295 4382 1448 4422 suum
1480 4368 1682 4425 claudit
1712 4386 1728 4425 ε

961 4501 1264 4571 Νεμέσσιος
1284 4503 1652 4577 ὀὸριμόθυμος

327 4568 726 4693 Καππαδόκῐὲὶι
748 4569 989 4625 τάλαντα
1023 4571 1180 4642 δίκης
1204 4574 1342 4628 ἰθεῖα
1370 4574 1665 4662 ῖανύσσας,

326 4641 400 4691 Ob
434 4638 631 4710 χρυσὸν
715 4639 900 4693 λόεντα
929 4641 1022 4694 καὶ
1059 4641 1316 4715 ἄργυρον,
1348 4644 1467 4697 ουδὲ
1498 4645 1596 4715 μὲν
1632 4645 1829 4710 ἵππους

327 4708 650 4775 Εὑγενέτας,
690 4711 1032 4780 πτερόεντας,
1067 4712 1307 4782 ἀοίδιμον
1333 4709 1488 4784 εὖχος
1579 4731 1758 4780 οντας,

332 4779 512 4848 ᾯχετ*
525 4780 674 4847 ἄγων
700 4778 956 4842 ’πλοῦτος
972 4781 1081 4852 γὰρ
1108 4782 1399 4846 ἀνούτατος
1417 4799 1430 4812 ·
1463 4785 1562 4838 ἀντ
1601 4783 1659 4837 δὲ
1684 4785 1900 4840 πάντων

327 4847 626 4920 Μάργαρον
663 4848 959 4920 αἰγλήεντα
982 4851 1156 4923 μέγαν
1184 4852 1410 4924 ληῖσατο
1431 4853 1687 4926 Χριστόν.

399 4980 495 5038 llis
540 4984 740 5039 addere
801 4984 1002 5054 licebit,
1057 4985 1287 5057 plurima
1334 5002 1458 5045 esse
1485 4988 1680 5044 indicia
1727 5003 1900 5060 eaque

338 5089 435 5127 non
480 5077 899 5145 contemnenda,
941 5095 1061 5149 quae
1093 5081 1416 5150 scriptorem
1467 5083 1613 5138 hunc
1666 5079 1898 5138 Nazian-

340 5163 450 5216 zeni
476 5164 673 5220 saeculo
708 5167 1057 5223 addixerint:
1091 5168 1346 5226 nimirum
1374 5173 1548 5242 primo
1572 5173 1626 5228 in
1657 5172 1781 5229 loco
1815 5183 1897 5229 to·

343 5262 422 5306 tus
466 5256 576 5312 sere
617 5269 702 5314 est
754 5258 809 5313 in
841 5262 1255 5329 controversiis,
1288 5279 1408 5334 quae
1460 5279 1525 5320 ca
1579 5273 1897 5337 tempestate

336 5343 390 5396 in
445 5343 676 5404 Ecclesia
727 5349 1116 5419 versabantur,
1167 5349 1590 5423 origenistarum
1636 5352 1900 5425 intelligo,

333 5437 783 5507 Apollinariorum
827 5453 884 5499 et
916 5444 1375 5501 Eunomianorum
1410 5445 1705 5501 haeresibus
1741 5445 1901 5502 retel-

1978 1889 2069 1945 lih.
2100 1906 2163 1955 ιι,
2199 1892 2363 1960 epist.
2394 1890 2518 1958 tat,
2556 1892 2647 1948 lib.
2679 1908 2752 1958 tv,
2787 1892 2945 1962 epist.
2973 1891 3063 1953 53.
3088 1900 3143 1946 et
3177 1892 3270 1946 lib.
3299 1907 3351 1957 v,
3386 1892 3544 1961 epist.

1976 1981 2066 2048 3&
2099 1982 2353 2054 Νεμεσίῳ
2382 1983 2682 2055 Πραίτωρι,
2716 1983 2809 2039 lib.
2843 1999 2882 2048 t,
2923 1984 3082 2054 epist.
3130 1982 3223 2049 tt,
3252 1992 3307 2038 et
3334 1982 3547 2037 demum

1977 2074 2231 2145 Νεμεσίῳ
2252 2074 2607 2146 Μαστριανῷ,
2641 2074 2733 2128 lib.
2764 2089 2837 2138 tv,
2864 2075 3024 2142 epist.
3049 2074 3137 2129 8t.
3171 2074 3300 2143 Quae
3330 2074 3547 2146 quidem

1980 2177 2155 2221 utrum
2188 2180 2352 2219 unum
2384 2166 2639 2235 aliquem,
2668 2180 2735 2219 an
2762 2165 3009 2221 diversos
3042 2167 3347 2237 designent,
3376 2181 3445 2220 an
3478 2164 3546 2220 ad

1980 2266 2256 2311 auctorem
2295 2266 2536 2311 nostrum
2581 2257 2850 2313 ullatenus
2898 2266 3162 2328 spectent,
3215 2258 3443 2313 aliorum
3478 2256 3553 2312 sit

1978 2349 2259 2419 judicium.
2322 2350 2449 2405 Mihi
2506 2350 2746 2420 quidem,
2788 2360 2867 2416 ut,
2923 2366 3042 2420 quae
3090 2351 3344 2417 sentiam,
3379 2351 3553 2406 libere

1989 2444 2233 2511 eloquar,
2272 2441 2718 2497 verisimillimum
2744 2457 2964 2512 prorsus
2993 2442 3226 2507 videtur,
3244 2442 3550 2499 Nemesion·

1985 2536 2127 2590 hunc
2154 2543 2396 2588 nostrum
2431 2533 2634 2588 vixisse
2675 2533 2890 2588 deinum
2920 2545 3204 2605 appetente
3228 2546 3420 2604 quarto
3450 2550 3554 2592 επ·

1985 2626 2130 2691 culo,
2153 2624 2273 2681 scil.
2315 2633 2442 2679 ante
2468 2634 2560 2680 aut
2589 2624 2845 2689 Nestorii,
2881 2634 2975 2679 aut
3005 2626 3317 2698 Eutychetis
3343 2635 3552 2700 tempe-

1988 2730 2043 2771 ra
2063 2756 2078 2783 ,
2107 2716 2209 2771 hoc
2236 2724 2338 2781 est,
2369 2724 2660 2786 antequam
2693 2713 2895 2768 Paulus
2928 2713 3105 2769 Emesi
3144 2714 3400 2780 sedisset,
3429 2727 3554 2770 eum

1987 2808 2251 2880 intelligo,
2283 2807 2374 2879 qui
2419 2809 2679 2863 adversus
2720 2806 3030 2862 Nestorium
3056 2822 3115 2862 re
3140 2816 3359 2862 strenue
3404 2812 3557 2876 gesta

1986 2915 2051 2956 eo
2084 2900 2303 2956 nomine
2364 2914 2393 2952 a
2448 2897 2652 2971 Cyrillo
2700 2896 3067 2953 Alexandrino
3134 2895 3559 2952 cunmtatissiute

1989 2991 2195 3047 laudari
2235 2990 2455 3053 meruit,
2481 3000 2533 3045 et
2566 2988 2635 3044 ab
2679 2989 2955 3045 historicis
3012 2987 3398 3044 ecclesiasticis
3429 3002 3557 3058 pas·

1989 3086 2092 3141 sim
2124 3083 2407 3140 celebrari.
2447 3079 2617 3151 llujus
2658 3083 2732 3138 rei
2775 3082 3030 3137 iudicium
3069 3094 3175 3137 uon
3212 3080 3327 3136 leve
3354 3088 3554 3144 statuo,

1991 3177 2135 3246 quod
2164 3189 2285 3230 cum
2309 3188 2429 3244 cap.
2458 3173 2513 3239 3,
2556 3173 2694 3243 Περὶ
2725 3171 2992 3240 &diest-›4-
3006 3168 3213 3243 ψυχῆς
3240 3170 3339 3229 καὶ
3358 3168 3557 3242 σώμα-

1986 3264 2556 3336 toc'verha·faeturo‚
2594 3263 2664 3320 de
2708 3263 3053 3338 hypostatica
3099 3264 3299 3318 unione
3345 3262 3558 3318 deitatis

1989 3373 2111 3413 cum
2140 3355 2479 3410 humanitate
2510 3354 2563 3408 iu
2598 3368 2826 3423 persona
2876 3351 3179 3408 Servatoris
3209 3350 3380 3407 nostri
3410 3368 3561 3407 men-

1991 3449 2066 3502 tio
2112 3447 2412 3510 incidisset,
2460 3455 2649 3500 eontra
2710 3443 3033 3499 Eunomium
3088 3454 3271 3513 apt-rte
3323 3443 3561 3512 disputat

1992 3538 2077 3594 his
2120 3538 2346 3592 verbis:
2386 3535 2661 3607 Καθαρῶς
2701 3534 2987 3604 ἀσώματος
3032 3533 3192 3604 φύσις
3249 3535 3415 3605 χωρεῖ
3462 3533 3562 3605 μὲν

1993 3626 2283 3691 ἀκωλύτως
2316 3626 2406 3680 διὰ
2451 3626 2687 3693 πάντων,
2715 3625 2781 3678 δι’
2803 3625 2974 3696 αὐτῆς
3013 3625 3069 3679 δὲ
3112 3618 3287 3689 οὐδὲν,
3319 3624 3457 3679 ὥστε
3484 3623 3563 3695 τῷ

1996 3722 2092 3792 μὲν
2122 3723 2317 3792 χωρεῖν
2342 3718 2430 3773 διὰ
2459 3719 2675 3773 πάντων
2696 3716 2956 3788 ἡνῶσθαι,
2984 3715 3063 3788 τῷ
3087 3715 3142 3771 δὲ
3172 3716 3337 3788 μηδὲν
3368 3717 3435 3771 δι’
3466 3718 3561 3772 αὐ-

1994 3811 2113 3881 τῆς,
2151 3809 2331 3883 μένειν
2370 3810 2598 3880 ἄμικτον
2652 3810 2747 3862 καὶ
2787 3808 3119 3880 ἀσύγχυτον·
3154 3823 3274 3877 quae
3322 3809 3561 3875 quidem,

1995 3906 2037 3960 si
2066 3920 2127 3960 ea
2176 3911 2497 3971 tempestate
2548 3899 2831 3956 Nestorius
2875 3909 2967 3954 ant
3005 3898 3272 3970 Eutyches
3312 3899 3563 3970 dogmata

1995 4009 2090 4048 sua
2118 3993 2478 4062 evulgassent,
2513 3990 2681 4045 multo
2711 3989 3067 4061 opportunius
3120 3989 3379 4044 adversus
3413 3988 3561 4058 ipsos

1996 4083 2224 4139 tuissent
2279 4083 2572 4149 intentata;
2609 4081 2807 4150 quippe
2855 4078 2948 4149 qui
2997 4078 3207 4134 altioris
3247 4077 3406 4150 longe
3445 4080 3565 4133 sub·

1997 4175 2132 4232 sellii
2182 4172 2582 4236 haercsiarcbae,
2611 4181 2665 4228 et
2716 4170 3039 4226 Eunomium
3078 4168 3265 4225 multis
3294 4183 3565 4240 parasan-

1996 4267 2078 4334 gis
2122 4265 2448 4335 antegressi,
2499 4274 2668 4319 totum
2699 4262 2815 4320 fere
2858 4262 3227 4319 Christianum
3258 4262 3467 4327 orbem,
3500 4276 3564 4318 o-

2007 4360 2238 4413 rientem
2270 4355 2591 4423 praesertim,
2625 4357 2931 4411 turbavere.
2974 4355 3040 4408 Et
3070 4353 3285 4424 quidem
3326 4352 3568 4422 pauculis

2007 4449 2143 4515 istis,
2186 4462 2307 4518 quae
2335 4446 2572 4513 laudavi,
2604 4447 2802 4511 verbis,
2838 4445 3119 4514 utriusque
3165 4443 3323 4499 istius
3351 4442 3568 4499 nefariae

2008 4541 2281 4594 haereseos
2332 4536 2576 4609 jugulum
2630 4536 2804 4605 ipsum
2860 4533 3148 4590 manifeste
3182 4534 3401 4605 petitur.
3436 4535 3569 4591 Cum

2009 4629 2148 4684 cuim
2179 4627 2413 4684 Nestorii
2447 4642 2707 4682 venenum
2746 4626 2797 4680 in
2829 4625 2931 4680 hoc
2953 4625 3078 4696 poni
3106 4625 3381 4681 asserebat
3403 4624 3569 4694 Ephe·

2008 4719 2126 4774 sina
2165 4722 2425 4791 synodus,
2483 4718 2624 4789 quod
2684 4727 2932 4772 naturam
3008 4718 3301 4772 humanam
3378 4716 3570 4772 diviuae

2006 4790 2270 4882 ὲνώθῆναι
2316 4811 2459 4864 κατὰ
2519 4809 2701 4881 σχέσιν
2738 4808 2954 4872 dixerit,
2987 4809 3065 4863 ait
3101 4806 3401 4873 Nemeeius,
3441 4807 3571 4863 reali

2006 4902 2300 4972 intimaque
2330 4917 2470 4958 nexu
2491 4901 2759 4974 conjungi,
2776 4899 2854 4973 τῷ
2885 4898 2985 4973 μὲν
3009 4901 3208 4972 χωρεῖν
3234 4896 3326 4954 διὰ
3356 4897 3573 4952 πάντων

2005 4992 2264 5064 ἡνῶσθαι.
2310 4992 2566 5061 Quinimo
2607 4993 2821 5063 quando
2852 5006 2883 5046 e
2919 4999 3109 5047 contra
3147 4987 3412 5060 Eutyches
3464 4985 3573 5044 Do-

2006 5083 2137 5139 mini
2167 5086 2333 5139 nostri
2366 5093 2591 5140 naturas
2615 5083 2835 5140 omnino
2862 5080 3246 5148 confunderet,
3283 5078 3574 5161 ipsissimis

2008 5173 2246 5231 Nemesii
2296 5176 2474 5232 verbis
2526 5175 2765 5248 synodus
2817 5169 3275 5230 Chalcedonensis
3304 5170 3570 5234 decernit,

2007 5268 2150 5338 quod
2200 5268 2271 5325 sit
2316 5268 2547 5339 ἄμικτος
2577 5269 2671 5322 καὶ
2698 5266 3038 5338 ἀσύγχυτος·
3075 5263 3216 5333 quod
3254 5262 3457 5332 paritet·
3490 5263 3575 5318 dt·

2009 5356 2239 5411 cendum
2267 5357 2332 5412 de
2360 5357 2562 5412 omissa
2602 5357 2814 5426 penitus
2842 5358 2897 5411 in
2946 5355 3102 5425 longa
3133 5353 3201 5409 de
3227 5352 3401 5409 libero
3431 5352 3577 5408 arhi-

2008 5446 2113 5501 trio
2132 5445 2493 5518 disputatione
2521 5447 2900 5519 pelagianismi
2936 5446 3227 5501 mentione.
3256 5446 3573 5515 Quanquam

327 5529 524 5587 lendis.
547 5531 796 5591 Secundo
823 5546 1078 5594 auctores
1101 5537 1275 5593 solum
1300 5539 1454 5603 citat,
1493 5538 1584 5608 qui
1618 5547 1745 5595 ante
1772 5554 1905 5610 qua·
2008 5537 2157 5592 enim
2224 5539 2276 5592 in
2300 5536 2589 5593 Occidente
2658 5537 2994 5608 potissimum
3044 5546 3285 5607 grassata
3347 5545 3428 5592 cst
3489 5533 3573 5588 illa

329 5618 815 5690 dringentesimum
865 5639 1128 5680 annuma
1164 5624 1385 5682 Christo
1434 5627 1756 5684 inclaruere.
1810 5629 1906 5684 De-
2008 5627 2194 5698 pestis,
2236 5627 2468 5697 reliquas
2525 5638 2702 5681 tamen
2764 5626 2913 5682 orbis
2962 5626 3253 5683 Christiani
3330 5623 3573 5694 regiones

330 5726 479 5766 mum
513 5713 704 5778 scripti
739 5715 905 5780 ipsius
939 5720 1220 5773 charatter
1250 5720 1701 5775 nobilissimorum
1751 5720 1902 5792 iugc-

2012 5719 2194 5790 utique
2220 5719 2531 5787 alssaverat;
2570 5719 2833 5790 siquidem
2860 5733 3001 5774 anno
3028 5718 3233 5776 Christi
3264 5715 3389 5784 415,
3419 5728 3575 5786 syuo-
