3725 6125
948 289 1006 345 s,
1047 288 1332 347 ΔΝτοΝιι
1369 290 1440 346 n.
1483 275 1775 346 sanaris
1815 287 2202 348 Ertsrotffl.

3104 283 3241 342 tall

200 404 440 464 taculum
484 401 611 459 mali
651 380 876 474 spiritus
913 405 1004 473 qni
1033 404 1173 460 mala
1207 404 1258 461 ci
1292 405 1546 472 consulit,
1587 409 1632 464 Α
1662 421 1797 477 quas
1827 408 2061 463 Creator
2087 406 2153 461 de
2181 402 2485 478 privatione
2506 401 2574 458 ad
2601 414 2721 457 esse
2759 397 3042 470 produxit3
3074 411 3244 469 agno·

192 512 367 570 orpus
415 496 560 552 illius
591 494 907 567 implebitur
935 495 1055 568 ejus
1104 498 1383 570 mysteriis
1425 498 1555 553 abo·

198 592 321 649 ibus
368 589 726 647 absconditis.
784 588 887 657 Qui
933 589 1079 645 enim
1110 591 1370 659 ejusmodi
1434 601 1554 657 est,

191 684 393 744 endunt
430 683 583 739 illum
618 683 904 753 passiones
930 682 1258 748 daemonum,
1289 698 1413 738 cum
1455 684 1556 739 mi-

224 791 287 834 so
312 789 411 833 eos
434 775 704 845 abegerit.
738 771 850 830 Nos
880 773 1065 845 itaque
1093 788 1323 830 noscere
1344 782 1559 846 oportet

216 871 434 940 laqueos
455 865 686 939 eiusque
705 866 1051 933 calliditates,
1078 875 1134 922 et
1155 881 1249 922 eas
1282 867 1561 924 declinare

191 961 396 1035 lugere;
424 958 865 1029 quandoquidem
899 966 1122 1030 peccata
1154 968 1208 1016 et
1245 959 1561 1031 iniquitates

191 1062 266 1109 int
309 1067 341 1108 a
383 1052 758 1117 daemonibus,
806 1053 1029 1109 minime
1070 1054 1389 1123 apparentia
1437 1061 1563 1108 sunt

191 1158 383 1215 porea.
416 1141 534 1200 Non
570 1144 715 1200 enim
756 1152 883 1199 sunt
911 1145 997 1200 isti
1028 1145 1262 1201 visibilia
1297 1160 1556 1215 corpora:

194 1247 299 1291 nos
336 1234 446 1290 illis
480 1248 709 1305 corpora
745 1247 935 1290 sumus
957 1274 974 1301 ,
1022 1234 1325 1306 animaeque
1367 1246 1564 1291 nostrae

217 1326 571 1383 tenebrarum
604 1327 886 1398 excipiunt
918 1328 1277 1399 cogitationes
1315 1348 1328 1384 ε
1365 1330 1565 1398 quibus

191 1434 239 1487 s,
275 1418 537 1476 efficimus
562 1434 657 1475 eos
688 1418 1010 1476 maniiestos
1037 1421 1091 1475 in
1120 1434 1369 1491 corpore.
1436 1421 1563 1475 Sat·

191 1526 357 1583 aque,
391 1512 540 1569 lilioli
561 1511 686 1579 mei,
721 1527 791 1569 ne
820 1511 1000 1569 locum
1028 1512 1136 1568 illis
1170 1514 1221 1567 in
1252 1512 1407 1569 vobis
1437 1528 1570 1569 cott-

200 1641 219 1667 ,
259 1615 327 1657 ne
352 1601 534 1656 veniat
563 1601 644 1657 ira
683 1600 895 1657 Domini
923 1614 1087 1672 super
1119 1615 1248 1668 nos,
1281 1602 1566 1670 gaudenti·

192 1708 220 1749 s
242 1699 298 1749 ει
320 1691 694 1759 irridentibus,
722 1694 876 1749 nobis
902 1693 1201 1749 destitutis.
1233 1692 1410 1750 Verba
1450 1709 1565 1750 mea

1659 508 1775 553 seet
1811 500 1977 554 etiam
2011 498 2153 553 banc
2183 504 2436 552 naturam
2482 491 2926 558 intellectualem,
2960 489 3246 546 immorta-

1661 591 1787 654 lem,
1822 590 1877 644 in
1912 592 2013 645 boc
2048 589 2352 645 dissolubili
2384 602 2612 660 corpore
2650 588 2989 644 reconditam
3026 599 3153 642 esse
3176 586 3246 641 ad

1661 696 1788 738 snas
1835 680 2192 751 propalandas
2225 681 2572 752 operationes
2621 680 2674 736 in
2724 678 2813 736 illo
2853 694 2918 735 ae
2959 693 3057 749 per
3091 676 3244 733 illud.

1661 773 1762 841 Qui
1792 782 1972 830 sutem
2006 774 2108 831 boc
2149 774 2381 840 noverit,
2413 773 2581 829 Deum
2633 773 2808 830 solnm
2844 771 3070 843 diligere
3093 778 3251 841 pote·

1663 866 1767 931 rit;
1795 866 1885 936 qui
1909 880 2041 921 vero
2059 865 2343 921 Dominum
2370 865 2565 936 diligit,
2585 879 2775 921 omnes
2802 863 2998 935 diligit.
3027 861 3241 933 ltaque,

1664 958 1816 1013 lilioli
1853 958 1959 1013 mei
1987 956 2357 1024 dilectissimi,
2394 957 2627 1029 impigre
2660 964 2825 1027 atque
2864 954 3242 1011 indesinenter

1663 1050 1897 1106 invicem
1925 1050 2153 1121 diligite,
2182 1064 2383 1122 corpus
2411 1050 2515 1105 boc
2543 1062 2651 1120 quo
2679 1046 2851 1103 induti
2884 1045 3039 1111 estis,
3072 1042 3237 1099 thuri·

1663 1140 1847 1198 bulum
1877 1144 2291 1211 constituentes,
2321 1142 2376 1197 in
2406 1156 2514 1214 quo
2542 1139 2785 1197 offeretis
2815 1153 3006 1196 omnes
3039 1136 3246 1207 cogita·

1669 1235 1843 1290 tiones
1890 1242 2101 1291 vestras
2144 1247 2208 1290 at·
2253 1243 2435 1291 vestra
2482 1233 2622 1289 mala
2666 1231 2910 1296 consilia,
2951 1246 3017 1289 ea
3062 1242 3246 1286 coram

1666 1325 1897 1381 Domino
1920 1333 2246 1393 statuentes,
2279 1324 2595 1381 extollendo
2635 1323 2800 1381 corda
2829 1335 3013 1380 vestra
3053 1330 3248 1393 poten·

1669 1418 1914 1488 tiamque
1946 1416 2368 1475 intellectualem
2415 1419 2483 1475 ad
2515 1418 2691 1484 illum,
2720 1416 3035 1489 flagitantes
3062 1417 3130 1473 ab
3160 1428 3248 1484 eo,

1669 1518 1730 1563 ut
1775 1509 1930 1564 vobis
1987 1508 2286 1579 elargiatur
2335 1510 2406 1566 ab
2453 1509 2562 1567 alto
2629 1525 2785 1567 snum
2836 1510 3251 1566 immaterialem

1671 1599 1850 1668 ignem
1882 1600 1949 1652 ad
1981 1599 2412 1655 comburendum
2437 1600 2703 1672 quidquid
2736 1608 2821 1657 est
2854 1601 2909 1655 in
2944 1600 3037 1655 illo
3075 1600 3249 1656 thuri-

1674 1690 1822 1757 bulo,
1848 1691 2079 1762 expians
2106 1689 2261 1747 illud.
2296 1691 2362 1748 Et
2394 1693 2663 1749 timebunt
2689 1692 3044 1749 adversantes
3069 1705 3253 1750 saeer-

191 1785 707 1856 iegligere3etenim
731 1787 867 1842 bene
893 1787 1092 1853 sciunt,
1134 1796 1376 1842 nostram
1402 1790 1566 1843 vitani
1601 1766 1644 1820 Β
1671 1786 1828 1841 dotes
1875 1783 2028 1852 Baal,
2075 1782 2396 1856 fugiantque
2433 1800 2466 1842 e
2511 1793 2807 1852 conspectu
2849 1795 3051 1857 vestro,
3091 1788 3252 1845 sicuti

191 1892 305 1934 eem
324 1877 612 1946 impertiri.
639 1876 772 1932 Nam
798 1878 922 1950 quis
949 1878 1118 1934 licum
1143 1879 1280 1935 vidit
1307 1895 1567 1951 unquam,

191 1969 433 2026 rehendit
463 1969 614 2026 illum
647 1984 716 2025 ne
757 1986 786 2025 a
838 1984 896 2027 se
928 1971 1296 2045 elongaretur,
1335 1982 1388 2028 ct
1420 1981 1477 2027 ut
1506 1988 1571 2029 eo

194 2068 289 2128 et,
335 2070 392 2118 et
441 2060 750 2119 salvaretur
792 2079 822 2118 a
871 2065 1118 2134 corporis
1177 2064 1337 2135 liujus
1389 2066 1572 2136 gravis

190 2152 489 2209 itionibus?
541 2156 645 2211 Aut
709 2157 830 2225 quis
883 2158 1156 2214 diabolum
1212 2159 1574 2229 corporaliter

222 2257 283 2299 se
317 2254 547 2300 stantem
576 2246 709 2301 vidit
728 2287 744 2315 ,
776 2256 836 2303 ut
866 2262 990 2303 eum
1019 2247 1315 2321 effugeret?
1344 2260 1572 2320 excepto

220 2350 343 2392 cum
394 2337 587 2394 diaboli
638 2340 747 2395 sint
794 2340 849 2393 in
900 2341 1260 2408 abscondito,
1300 2357 1400 2398 nos
1454 2343 1574 2398 illos

191 2442 205 2483 ι
258 2427 660 2486 manifestamus
714 2432 1153 2502 operationibus;
1210 2450 1332 2489 uam
1383 2450 1576 2493 omnes

191 2533 239 2573 m
286 2527 412 2574 sunt
456 2519 774 2576 substantiae
819 2521 1234 2590 intellectualis2
1272 2524 1368 2580 sed
1424 2540 1576 2582 rece-

213 2628 241 2666 a
276 2611 385 2667 Deo
409 2652 424 2678 ,
452 2612 570 2668 baee
609 2612 757 2667 varia
787 2615 966 2669 sortiti
999 2624 1127 2670 sunt
1158 2617 1407 2685 nomina,
1439 2634 1576 2690 quo-

191 2703 302 2758 lura
333 2704 402 2759 de
428 2703 496 2759 iis
521 2706 870 2775 comprobata
912 2716 1041 2761 sunt
1069 2706 1140 2762 ob
1171 2710 1353 2777 plures
1383 2724 1572 2766 eorum

199 2801 337 2851 ates.
368 2794 440 2849 Et
481 2805 607 2851 sant
637 2796 804 2853 Satan
827 2836 844 2864 ,
872 2798 1071 2855 diaboli
1091 2840 1106 2865 ‚
1138 2800 1320 2870 genii,
1351 2802 1577 2873 spiritus

208 2894 432 2957 turpes,
490 2886 713 2958 perfidi,
754 2890 1029 2961 principes
1081 2890 1247 2963 hujus
1301 2895 1574 2952 tenebrosi

221 2986 276 3033 et
309 2978 458 3049 plura
514 2979 839 3048 hujusmodi.
871 2982 943 3037 At
972 2982 1280 3039 coelestium
1312 2987 1573 3043 virtutum

192 3084 223 3124 a
272 3079 426 3137 sant,
473 3073 825 3146 archangeli,
875 3073 1097 3141 tbroni,
1145 3075 1574 3148 dominationes,

191 3171 317 3228 stes,
338 3162 643 3230 cherubim,
662 3164 930 3235 seraphini
955 3182 973 3234 3
996 3175 1051 3222 et
1073 3172 1427 3240 comprobata
1453 3185 1579 3230 sunt

204 3253 317 3312 baee
340 3257 592 3324 nomina,
632 3257 891 3329 quoniam
920 3271 1210 3316 servarunt
1243 3262 1579 3320 voluntatem

191 3348 418 3403 esteris.
467 3347 573 3415 Qui
625 3360 758 3405 vero
799 3347 931 3406 odio
972 3349 1286 3408 babuerunt
1332 3355 1581 3424 eorporis

191 3453 294 3509 qno
331 3454 527 3494 sumus
568 3438 749 3493 induti
774 3440 1080 3507 sarcinam.
1114 3443 1264 3500 illam
1295 3461 1325 3500 a
1353 3461 1413 3503 se
1444 3449 1580 3520 abji-

191 3544 252 3593 s;
285 3542 481 3582 eorum
511 3526 737 3596 quidam
765 3532 1050 3599 nuncupati
1078 3542 1206 3589 sunt
1231 3537 1593 3607 patriarchae,

192 3634 226 3670 n
254 3618 534 3686 propbetas
557 3625 613 3672 et
638 3632 809 3689 reges,
837 3630 891 3677 ει
911 3628 1242 3696 sacerdotes»,
1272 3639 1328 3686 et
1349 3630 1597 3701 judices..

192 3706 360 3762 >stoli.
402 3707 533 3774 Quae
579 3710 788 3780 quidem
829 3717 1044 3784 nomina
1075 3722 1254 3777 sortiti
1282 3734 1440 3792 sunt,
1471 3728 1585 3784 sive

197 3797 294 3861 int,
320 3797 433 3852 sive
474 3799 756 3870 mulieres,
788 3804 858 3860 ob
895 3805 1045 3861 varia
1089 3824 1279 3864 eurum
1329 3824 1478 3881 gesta
1523 3831 1587 3870 ae

192 3891 434 3947 usionem
474 3892 526 3947 in
556 3892 782 3961 bonum,
811 3904 866 3952 et
896 3897 1051 3968 plura
1080 3903 1344 3971 eJusmodi
1370 3923 1384 3972 ;
1419 3922 1587 3977 qum·

214 3994 408 4037 otnnes
444 3997 510 4038 ex
541 3999 648 4040 uno
675 3987 970 4059 eodemque
996 3994 1107 4046 sint
1139 3995 1409 4066 principio
1437 4009 1490 4053 et
1522 4015 1587 4054 ex

190 4090 203 4128 ι
251 4073 586 4153 ειιιιειπιιιίιι,
637 4076 868 4150 ideoque
909 4083 1003 4153 qui
1049 4085 1105 4140 in
1154 4086 1376 4144 fratrem
1430 4105 1586 4146 suum

191 4176 235 4231 t,
285 4177 377 4222 aut
423 4167 475 4222 in
526 4170 825 4238 proximum
876 4189 1032 4230 sunm
1059 4218 1074 4244 ,
1119 4180 1172 4234 in
1209 4181 1589 4252 semetipsum

191 4270 243 4328 t;
271 4268 328 4316 et
370 4261 677 4333 quicunqne
723 4264 777 4320 in
825 4269 1131 4336 proximum
1180 4287 1338 4328 suum
1370 4274 1593 4330 molitur

191 4368 213 4406 n
236 4390 253 4417 ,
291 4352 376 4408 vel
404 4354 455 4409 in
483 4356 742 4426 oequalem
769 4358 872 4415 sibi
907 4361 960 4416 in
996 4378 1216 4434 genere,
1255 4367 1308 4422 id
1348 4367 1591 4438 prolecto

1673 1894 1701 1932 c
1727 1887 2022 1947 conspectu
2055 1875 2187 1933 Elim
2226 1875 2504 1948 propbetas
2520 1877 2589 1932 δ’.
2614 1875 2750 1933 Tum
2788 1877 3043 1936 videbitis
3082 1880 3252 1936 bomi-
3343 1944 3349 1950 ,

1675 1983 1798 2024 nem
1838 1977 2306 2039 emergentemex
2341 1968 2498 2040 aquis
2525 1971 2691 2027 divini
2732 1970 2920 2039 fontis,
2948 1972 3037 2042 qui
3066 1972 3256 2044 pluere

1676 2062 1841 2118 saciet
1871 2062 2025 2119 vobis
2046 2061 2347 2133 spiritalem
2374 2062 2637 2134 pluviam,
2663 2065 2755 2136 qui
2784 2076 2869 2122 est
2891 2064 3125 2137 Spiritus
3150 2064 3258 2120 Pa·

1677 2153 1889 2211 racleti.
1932 2154 2070 2211 Cum
2109 2166 2292 2213 autem
2322 2157 2600 2213 consecuti
2646 2157 2883 2224 lueritiS,
2924 2157 3074 2215 lilioli
3121 2159 3254 2224 mei,

1678 2249 1792 2304 haec
1822 2250 2140 2320 praestantia
2172 2253 2333 2315 dona,
2365 2250 2535 2307 nolite
2571 2260 2763 2321 putare
2784 2266 2848 2307 ea
2877 2266 2997 2308 esse
3028 2266 3096 2307 ex
3129 2266 3261 2325 ope·

1678 2340 1826 2395 ribus
1857 2342 2074 2409 vestris,
2102 2357 2226 2399 cum
2263 2343 2448 2399 adsint
2487 2351 2542 2399 et
2572 2344 2725 2399 vobis
2757 2344 2985 2401 virtutes
3029 2352 3255 2409 sancte.

1677 2431 1844 2487 vestri
1879 2431 2176 2503 participes
2206 2431 2262 2488 in
2292 2432 2505 2489 cunetis
2534 2434 2730 2489 vestris
2779 2434 3106 2490 actionibus.
3144 2433 3258 2505 Ego

1679 2531 1861 2580 autem
1893 2538 1991 2580 vos
2018 2524 2269 2593 obsecro,
2300 2534 2358 2581 ut
2380 2525 2710 2581 incumbatis
2732 2535 2787 2582 et
2813 2526 3176 2598 perseveretis
3202 2525 3257 2580 in

1679 2616 1879 2674 vestris
1916 2616 2140 2690 optimis
2168 2618 2445 2689 operibus,
2480 2627 2540 2678 ιιι
2563 2617 2811 2675 laetentur
2841 2619 2893 2673 in
2935 2619 3091 2674 vobis
3131 2634 3262 2675 san·

1680 2706 1753 2762 cti
1787 2721 1977 2762 omnes
2020 2721 2085 2762 ac
2109 2708 2335 2779 spiritus
2374 2707 2479 2761 mei
2523 2706 2778 2772 infelicis,
2812 2719 2936 2762 cum
2970 2718 3162 2759 omnes
3191 2715 3262 2759 et

1681 2813 1790 2855 uno
1821 2798 2090 2870 principio
2119 2807 2175 2855 et
2207 2813 2273 2855 ex
2303 2813 2406 2853 una
2448 2797 2747 2870 eademque
2774 2796 3077 2853 substantia
3106 2795 3269 2854 intel·

1681 2889 1898 2947 lectuali
1938 2890 2194 2947 invisibili
2232 2890 2433 2948 conditi
2495 2889 2688 2947 simus.
2727 2889 2831 2959 Qui
2868 2890 3053 2960 itaque
3090 2896 3269 2946 semet

1687 2984 1860 3055 ipsum
1901 2983 2201 3056 cognoscit,
2244 2998 2306 3041 se
2350 2967 2714 3039 immortalem
2749 2980 3113 3038 substantiam
3140 2995 3265 3037 esse

1683 3077 1866 3144 novit;
1913 3084 1969 3132 et
2000 3074 2145 3146 quod
2196 3075 2457 3134 Dominus
2495 3084 2685 3134 noster
2719 3075 2876 3133 «lesus
2904 3074 3157 3133 Christus
3187 3076 3263 3132 sit

1687 3184 1849 3226 verns
1878 3168 2056 3225 Patris
2085 3167 2417 3235 intellectus,
2447 3183 2478 3224 a
2510 3185 2620 3241 quo
2647 3178 2731 3226 est
2760 3182 2889 3225 vera
2921 3167 3070 3226 ratio
3093 3168 3267 3225 totius

1686 3260 1974 3319 rationalis
1997 3271 2228 3325 naturae,
2267 3274 2387 3330 quae
2414 3261 2481 3315 ad
2513 3259 2924 3317 similitudinem
2966 3258 3088 3332 ejus
3130 3260 3267 3316 lma-

1684 3351 1824 3425 ginls
1855 3351 2070 3407 condita
2102 3348 2223 3406 suit.
2251 3348 2387 3406 Cum
2421 3345 2554 3406 vero
2582 3349 2656 3407 sit
2683 3358 2841 3421 caput
2890 3352 3147 3420 corporis,
3173 3365 3271 3407 ca·

1685 3453 1783 3518 put
1817 3442 2087 3509 Ecclesioe,
2130 3453 2190 3499 ut
2233 3442 2432 3500 asserit
2462 3440 2665 3497 l’aultts
2703 3440 2979 3511 apostolus
2996 3441 3075 3508 ⁸¹3
3108 3451 3162 3497 et
3187 3443 3267 3497 id·

1687 3540 1833 3596 eii-co
1864 3551 2056 3592 omnes
2086 3535 2320 3592 invicem
2355 3549 2543 3591 sumus
2577 3532 2843 3598 membra,
2876 3542 2930 3588 et
2951 3546 3116 3587 unum
3139 3547 3265 3588 cor-

1688 3643 1788 3700 pus
1811 3627 2053 3684 Christo.
2099 3624 2213 3681 Nee
2252 3633 2417 3697 potest
2455 3632 2611 3690 caput
2653 3620 2826 3679 dicere
2849 3621 3066 3692 pedibus
3087 3638 3109 3678 .·
3139 3619 3271 3678 Non

1693 3721 1814 3776 estis
1848 3720 1981 3775 milei
2020 3720 2300 3774 necessarii
2313 3735 2334 3784 ,·
2359 3717 2451 3772 sed
2492 3733 2612 3770 cnm
2648 3732 2811 3770 unum
2854 3716 3058 3786 patitur
3110 3730 3274 3771 ment-

1691 3815 1864 3881 brum,
1902 3815 2080 3867 omnia
2131 3811 2363 3866 membra
2421 3810 2837 3880 compatiuntur,
2886 3816 2946 3862 ut
3001 3807 3143 3863 idem
3193 3808 3272 3863 ait

1691 3903 2066 3974 Ap·›stolns⁸·.
2097 3901 2249 3958 Unde
2279 3900 2623 3970 potissimum
2657 3914 2757 3956 nos
2784 3907 3001 3966 oportet
3024 3914 3153 3972 erga
3186 3900 3272 3955 in·

1691 3997 1867 4051 vicem
1897 4009 2119 4051 servare
2144 3994 2509 4048 dilectionem.
2536 3992 2771 4055 Etenim,
2793 3994 2883 4063 qui
2906 3993 3123 4063 [rati-em
3150 3993 3276 4048 dili-

1694 4088 1769 4159 9it
1804 4102 1980 4155 suum,
2011 4086 2056 4141 is
2089 4085 2258 4140 Deum
2302 4084 2512 4155 diliqit,·
2554 4085 2648 4154 qui
2682 4098 2811 4139 vero
2860 4085 3035 4156 diligit
3084 4085 3271 4152 Deum,

1701 4188 1872 4237 semet
1915 4179 2088 4249 ipsum
2129 4178 2323 4249 diligit,
2371 4176 2830 4248 quemadmodum
2875 4176 3004 4231 dicit
3038 4173 3279 4232 Joannes

1697 4268 1976 4342 apostolus
1993 4269 2060 4324 ⁴⁸.
2091 4269 2241 4340 Rogo
2264 4283 2358 4323 vos
2389 4275 2671 4339 praeterea,
2711 4264 2862 4322 filioli
2898 4266 3007 4322 mei
3030 4265 3275 4323 dilectis·

1695 4360 1842 4426 simi,
1884 4367 1943 4416 ut
1976 4358 2312 4430 percipiatiS,
2352 4359 2494 4426 quod
2533 4365 2859 4428 potestatem
2915 4356 2967 4412 in
3027 4365 3271 4412 nostram

199 4459 342 4500 mam
380 4461 536 4503 suam
584 4450 823 4507 molitur.
859 4451 994 4509 Nam
1040 4458 1162 4526 quis
1193 4474 1428 4530 unquam
1479 4462 1588 4516 Deo
1622 4468 1666 4523 1)
1694 4451 2024 4508 voluntatem
2081 4450 2342 4504 babentes
2379 4447 2578 4503 conditi
2623 4462 2842 4516 sumus,
2872 4463 2937 4504 ac
2986 4456 3275 4520 propterea

191 4550 217 4591 e
250 4536 415 4592 valuit
448 4537 689 4595 laborem
727 4553 820 4600 ant
846 4545 1122 4616 requiem,
1157 4558 1251 4602 aut
1287 4550 1359 4604 illi
1414 4551 1590 4606 inser·

191 4637 206 4683 t
234 4641 358 4684 eum
381 4630 556 4697 decet,
583 4645 678 4688 aut
699 4633 921 4693 laudare
947 4649 1212 4708 quantum
1239 4641 1288 4695 ei
1313 4645 1590 4708 convenit,

191 4738 405 4780 morare
425 4736 689 4795 quantuni
718 4739 977 4797 meretur,
1009 4740 1100 4784 aut
1130 4732 1372 4786 exaltare
1410 4748 1584 4800 quan·

192 4825 244 4872 st
288 4817 527 4889 dignus?
571 4819 729 4888 Quod
781 4822 998 4892 quidem
1033 4822 1103 4877 ob
1150 4825 1397 4893 corporis
1432 4824 1594 4895 liujus

191 4913 338 4965 atem
381 4927 487 4982 qua
537 4915 919 4984 opprimimur,
962 4915 1177 4974 accidit.
1227 4915 1591 4984 Quamobrem

192 5008 442 5058 titaneum
470 5004 631 5059 nobis
651 5014 760 5071 est,
779 5005 864 5061 bis
881 5006 1131 5077 cognitis,
1154 5006 1397 5062 excitare
1426 5006 1592 5062 Deum

193 5090 415 5150 itautem
436 5096 490 5152 in
525 5095 704 5162 nobis,
737 5100 939 5155 nostris
961 5101 1214 5170 operibus
1237 5108 1292 5154 et
1315 5099 1513 5167 gaudio
1542 5108 1598 5155 et

191 5186 454 5247 ationibus
483 5204 612 5258 erga
639 5190 874 5246 invicem
901 5210 915 5258 ;
948 5201 1002 5247 ει
1029 5208 1094 5246 ne
1117 5193 1292 5249 nostri
1328 5201 1599 5250 amatores

191 5295 368 5351 amus,
408 5297 477 5338 ne
510 5281 639 5338 mali
673 5284 853 5355 portio
883 5281 1204 5341 efficiantur.

192 5374 195 5426 ἴ
225 5385 444 5432 nosmet
469 5377 617 5447 ipsos
648 5393 1005 5450 agnoscamus
1030 5392 1044 5430 ι
1070 5378 1267 5449 quippe
1304 5379 1396 5449 qui
1426 5389 1600 5435 semet

241 5468 515 5539 agnoscit,
551 5469 793 5541 agnoscit
826 5483 1270 5541 qnoqueomnes
1314 5478 1605 5526 creaturas-

191 5678 232 5736 ll
258 5680 396 5750 avg.
435 5696 586 5747 xviii,
621 5680 691 5736 223
718 5696 836 5751 sqq.
964 5679 999 5709 ⁸¹
1033 5678 1239 5733 (juloss.
1277 5693 1317 5747 t,
1350 5681 1433 5737 18.

196 5757 298 5817 ,8.

1561 5677 1646 5733 ⁸¹1
1681 5679 1805 5735 Cor.
1842 5692 1942 5743 xtt,
1981 5676 2070 5740 ἐι,
2108 5675 2200 5742 26,
2249 5674 2340 5730 27.

1701 4560 1800 4599 nos
1839 4552 2155 4615 oppugnant
2197 4541 2422 4612 spiritus
2485 4540 2731 4612 maligni,
2790 4555 2892 4597 nos
2939 4540 3278 4597 obsidentes.

1700 4637 2085 4693 Verumtamen
2115 4635 2375 4703 percipite
2392 4634 2535 4704 quod
2566 4635 2828 4704 scriptum
2851 4634 3001 4688 estin
3018 4632 3276 4690 Psalmo:

1701 4729 1932 4802 Auqelus
1966 4727 2183 4782 Domini
2210 4739 2387 4783 castra
2416 4736 2643 4783 metatur
2671 4728 2730 4782 in
2755 4727 2978 4782 circuitu
2999 4727 3282 4783 eiectornns

1701 4821 1840 4891 ejus,
1869 4828 1919 4874 et
1949 4817 2018 4874 ab
2045 4817 2288 4874 omnibus
2321 4817 2632 4872 moeroribus
2671 4817 2856 4886 eripiet
2893 4829 2981 4871 eos
2999 4814 3068 4872 ⁴⁴.
3108 4814 3282 4882 Cupio
3337 4809 3342 4813 ’

1702 4913 1868 4969 etiam
1901 4918 1961 4967 ut
1980 4909 2188 4978 sciatis,
2224 4912 2368 4980 quod
2390 4909 2456 4965 de
2484 4910 2740 4964 omnibus
2769 4909 2859 4978 qui
2889 4908 3124 4980 elongati
3157 4917 3285 4965 sunt

1704 5021 1733 5060 a
1768 5005 1990 5071 virtute,
2013 5003 2125 5074 jam
2168 5011 2543 5058 consummata
2580 5009 2665 5056 est
2725 5001 3033 5056 daemonum
3104 5000 3281 5067 fraus,

1702 5107 1759 5156 et
1820 5097 2103 5169 Scriptura
2163 5096 2454 5167 adimpleta
2497 5102 2585 5150 cst
2616 5093 2684 5150 de
2719 5093 2848 5159 illis,
2885 5094 3031 5164 quod
3072 5093 3288 5151 scilicet

1703 5192 1813 5247 sint
1875 5192 1966 5246 lilii
1998 5189 2229 5256 diaboli;
2258 5185 2506 5244 diabolus
2547 5185 2693 5243 enim
2726 5201 2864 5254 cum,
2895 5201 2964 5242 ex
2996 5200 3097 5242 suo
3122 5186 3288 5243 coele·

1702 5285 1770 5340 sti
1797 5284 1987 5339 ordine
2033 5282 2103 5337 ob
2134 5279 2440 5351 snperbiam
2461 5278 2769 5342 cecidisset,
2802 5287 3065 5348 perpetuo
3104 5277 3287 5334 inteu-

1703 5373 1786 5429 dit
1836 5388 2023 5430 casum
2084 5372 2324 5429 omnium
2396 5369 2487 5441 qui
2546 5370 2615 5425 ad
2677 5368 2965 5425 Dominum
3024 5369 3288 5427 accedere

1705 5466 1932 5538 cupiunt
1995 5466 2124 5522 totis
2184 5465 2407 5529 viribus,
2477 5464 2581 5521 bac
2609 5464 2798 5520 eadem
2862 5472 2979 5520 arte
3016 5478 3123 5537 qua
3172 5465 3289 5536 ipse

2446 5672 2532 5728 ⁸³1
2567 5671 2724 5732 Juatt.
2760 5689 2832 5731 tv.
2858 5673 2947 5731 2¹.
3088 5668 3287 5726 ’‘Psal.
