3725 6125
532 284 816 347 EVAGRtt
855 283 1129 341 PONtht
1170 282 1256 337 DE
1294 281 1476 340 OCTO
1511 283 1808 341 Vt‘rtosts
1845 280 2051 339 cocti·
2059 280 2449 338 ATtoNtBUS.

3015 275 3153 331 1276

192 407 271 460 ίον
300 402 577 477 ὑπάρξαι·
609 406 705 459 καὶ
735 406 768 475 ὴ
798 404 1141 480 ταλαίπωρος
1162 402 1328 474 ψυχὴ,
1345 404 1470 456 ὅσον
1501 434 1545 492 Α
1572 405 1858 470 exsistant,
1894 419 1995 459 nee
2033 402 2308 471 deinceps
2356 401 2427 452 ol»
2458 395 2742 469 praesentis
2777 396 2899 450 vitm
2932 392 3153 449 institu-

191 500 362 562 .ὶτοίς
393 498 684 569 προτέροις
727 496 1044 567 λογιαμοῖς,
1089 495 1344 549 τοσοῦτον
1377 495 1471 549 ἐπὶ

191 607 292 654 ποις
321 588 629 660 συνεστάλη
657 588 1080 642 ταπεινωθεῖσα.
1313 605 1316 607 ’

191 767 294 841 ργὴ
314 765 488 829 πάθος
510 765 660 819 ἐστὶν
689 764 964 831 ὀξύτατον.
981 763 1167 837 Θυμοῦ
1197 758 1308 836 γάρ
1328 763 1476 832 λέγε-

191 859 284 913 καὶ
317 859 533 928 κίνησις
580 855 722 910 κατὰ
767 856 1092 926 ἠδικηκότος
1120 856 1153 927 ἢ
1187 853 1475 917 δοκοῦντος

191 972 226 1008 ι.
259 952 424 1014 Ἦτις
469 950 810 1021 πανημέριον
848 949 1097 1020 ὲξαγριοϊ
1126 948 1225 1021 τὴν
1255 949 1430 1020 ψυχὴν
1468 996 1475 1009 ,

191 1060 203 1096 ε
236 1044 296 1094 ὲν
329 1044 450 1103 ταῖς
480 1042 813 1111 προσευχαῖς
843 1038 1179 1109 συναρπάζει
1209 1038 1301 1092 τὸν
1327 1040 1473 1104 νοῦι,

191 1134 484 1204 .υπηκότος
515 1131 806 1202 πρόσωπον
840 1130 1176 1190 ἐπισείουσα.
1213 1131 1368 1185 Ἔστι
1418 1132 1475 1186 δὲ

191 1223 494 1295 ρονίζουσα,
537 1223 632 1275 καὶ
681 1220 1125 1292 μεταὸαλλομένη
1159 1221 1242 1283 είς
1275 1222 1437 1293 μῆνιν
1459 1263 1474 1287 ,

192 1314 376 1385 ὐκτωρ
399 1312 648 1384 παρέχει,
679 1311 836 1382 τῆξίν
866 1328 927 1365 τε
965 1311 1060 1365 τοῦ
1094 1311 1346 1383 σώματος
1379 1313 1476 1366 καὶ

191 1427 216 1470 ;,
247 1406 343 1459 καὶ
371 1405 576 1476 θηρίων
602 1403 821 1457 ίοὸόλων
857 1404 1179 1476 ἐπιδρομάς.
1216 1404 1401 1460 Ταῦτα
1423 1406 1480 1459 δὲ

192 1515 244 1564 α,
268 1495 339 1551 τὰ
370 1496 507 1567 μετὰ
541 1494 638 1566 τὴν
666 1496 828 1565 μῆνιν
860 1494 1251 1565 συμόαίνοντα,
1291 1495 1479 1571 εὑροίη

191 1586 604 1644 »ακολουθοῦντα
622 1586 832 1640 πλείοσι
857 1586 1161 1657 λογισμοῐς.

191 1766 275 1836 τῆς
305 1764 538 1837 ἀκηδίας
565 1762 814 1833 δαίμων,
863 1762 922 1826 ὃς
966 1762 1062 1815 καὶ
1107 1760 1554 1866 μεσημὸρινδςΒ

192 1857 411 1916 πάντων
436 1855 544 1912 τῶν
572 1857 849 1930 δαιμόνων
875 1855 994 1908 ἐστὶ
1025 1853 1358 1925 βαρύτερος·
1381 1810 1554 1907 καὶΒ

213 1949 311 2021 μὲν
335 1948 414 2020 τῷ
450 1948 668 2021 μοναχῷ
718 1949 850 2019 περὶ
879 1945 1029 2017 ὥραν
1061 1944 1349 2015 τετάρτην,
1381 1961 1479 1997 κυ-

191 2040 254 2112 ὴν
283 2041 460 2113 ψυχὴν
484 2041 651 2095 αὐτοῦ
691 2041 886 2112 μέχρις
917 2039 1069 2109 ὥρας
1109 2037 1322 2109 ὀγδόης.
1367 2035 1479 2090 Καὶ

191 2134 242 2187 ὲν
269 2133 357 2187 τὸν
402 2134 555 2205 ἥλιον
591 2131 930 2203 καθορᾶσθαι
977 2133 1121 2185 ποιεῖ
1152 2129 1470 2198 δυσκίνητον

191 2243 243 2294 ι,
267 2226 746 2296 πεντηκοντὰωρον
798 2223 896 2294 τὴν
969 2221 1180 2294 ἡμέραν
1242 2218 1476 2283 δεικνύς.

195 2316 218 2369 ὲ
261 2316 503 2387 συνεχῶς
536 2316 746 2386 άφορᾷν
791 2315 931 2386 πρὸς
973 2312 1073 2377 τὰς
1108 2311 1352 2383 θυρίδας,
1381 2309 1478 2364 καὶ

191 2422 210 2468 ς
247 2404 493 2477 ὲκπηδᾷν
536 2402 878 2468 ὲκ6ιάζεται,
906 2401 983 2473 τῷ
1022 2418 1083 2455 τε
1116 2401 1251 2473 ἡλίῳ
1288 2404 1479 2456 ὲνατε-

191 2514 274 2550 τον
302 2497 402 2566 τῆς
427 2494 658 2568 ὲννάτης
688 2493 995 2565 ἀφέστηκε,
1032 2493 1128 2547 καὶ
1152 2493 1479 2566 περιὸλέπε-

208 2590 458 2651 κάκεῖσε,
499 2588 572 2659 μή
611 2605 696 2652 τις
738 2586 847 2640 τῶν
877 2585 1143 2655 ἀδελφῶν.
1177 2628 1191 2642 .
1224 2627 1238 2642 .
1271 2587 1392 2641 ''E-:t
1419 2586 1482 2641 δὲ

193 2698 221 2744 ς
265 2680 360 2733 τὸν
393 2679 559 2731 τόπον
621 2678 754 2750 (65),
784 2675 1029 2731 ὲκὸάλλει
1082 2676 1345 2750 καὶπρὸς
1384 2679 1479 2734 τὸν

218 2769 353 2839 (Gt),
385 2770 483 2820 καὶ
510 2768 645 2838 πρὸς
683 2768 744 2821 τὸ
768 2766 929 2840 ἔργον
963 2767 1024 2821 τὸ
1076 2767 1188 2823 τῶν
1234 2769 1437 2843 χειρῶν
1459 2787 1474 2801 ·

191 2859 422 2912 ελέλοιπε
459 2856 610 2928 παρὰ
649 2860 760 2922 τοῖς
788 2858 1037 2930 ἀδελφοῖς
1073 2861 1107 2931 ἡ
1138 2860 1353 2933 ἀγάπη,
1382 2862 1478 2917 καὶ

224 2950 251 3002 ὁ
297 2948 646 3020 παρακαλῶν.
679 2949 742 3004 Et
782 2949 838 3004 δὲ
868 2952 962 3005 καί
987 2969 1074 3015 τις
1114 2952 1233 3007 κατ’
1264 2952 1478 3019 ὲκείνας

191 3057 241 3104 ις
283 3041 370 3111 εἴη
402 3038 645 3111 λυπήσας
674 3041 768 3096 τὸν
801 3043 1057 3114 μοναχὸν,
1089 3045 1184 3098 καὶ
1213 3043 1374 3099 τοῦτο
1397 3048 1478 3111 είς

1577 506 1713 559 tum.
1749 498 2016 552 exsistere
2049 504 2273 565 queant.
2309 490 2401 548 Sic
2429 492 2626 545 misera
2658 490 2856 551 anima,
2894 502 3000 556 quo
3039 500 3157 539 ηις-ι

1576 590 1659 661 gis
1709 589 1763 643 in
1812 588 2028 660 priores
2073 584 2432 656 cogitationes
2479 582 2672 637 diffusa
2718 590 2824 645 est,
2860 579 2964 636 boe
2999 576 3157 632 ctiam

1576 680 1752 750 magis
1778 680 1834 733 in
1866 676 2124 735 secundis
2165 676 2510 732 contrahitur
2545 689 2609 729 ac
2636 673 2907 741 dejicitur.

1647 770 2045 828 Vhlracundia
2102 770 2449 826 acutissimus
2471 765 2694 822 affectus
2736 771 2836 819 est.
2877 762 3155 832 Siquidem

1576 860 1970 934 indignationis
2002 860 2186 916 fervor
2222 870 2278 915 et
2312 858 2606 915 concitatio
2636 866 2722 912 est
2749 855 3006 910 adversus
3033 868 3155 908 eum

1576 952 1668 1023 qui
1711 952 1875 1017 laesit,
1910 960 2003 1007 aut
2033 952 2237 1007 laesisse
2267 950 2509 1006 videtur.
2539 948 2668 1005 ilaec
2696 962 2857 1018 porro
2880 960 3001 999 cum
3026 944 3157 999 alias

1576 1058 1790 1114 semper
1815 1046 2057 1101 animain
2085 1045 2138 1100 in
2167 1045 2375 1101 rabiem
2428 1042 2559 1114 agit,
2604 1049 2717 1095 tum
2748 1040 3041 1110 pracsertim
3071 1038 3155 1091 in-

1578 1146 1661 1191 ter
1689 1136 2022 1206 precandum
2061 1145 2297 1192 mentem
2333 1134 2556 1205 abripit,
2609 1131 2863 1187 nimirum
2909 1129 3024 1197 ejus
3068 1127 3158 1197 qui

1578 1226 1715 1282 laesit
1743 1241 2034 1297 personam
2057 1227 2203 1282 velut
2236 1227 2335 1282 sul)
2361 1226 2533 1281 oeulis
2559 1223 2852 1280 collocans.
2886 1220 3161 1277 Interdum

1560 1318 1764 1382 etiam,
1814 1333 1940 1372 eum
1979 1318 2305 1372 inveteravit
2350 1325 2512 1385 atque
2552 1317 2604 1371 in
2644 1316 2778 1370 iram
2815 1320 3020 1368 mutata
3054 1318 3159 1375 est,

1583 1416 1743 1461 noctu
1785 1406 2054 1461 tumultus
2076 1408 2201 1472 ciet,
2230 1407 2593 1476 corporisque
2624 1405 2801 1480 tabem
2833 1402 3161 1474 etpallorem

1557 1496 1648 1551 'ac
1683 1495 1925 1551 terarum
1974 1497 2338 1553 incursiones.
2389 1495 2513 1551 Hace
2556 1504 2731 1550 autem
2758 1503 2992 1565 quatuor
3041 1508 3163 1564 quae

1581 1596 1703 1660 post
1732 1588 1867 1641 iram
1904 1574 2249 1657 contingunt,
2299 1601 2459 1648 otiam
2507 1584 2765 1655 plurimas
2810 1585 3162 1656 cogitationes

1580 1680 1835 1735 comitari
1872 1679 2140 1747 quispiam
2178 1677 2428 1748 reperiat.

1657 1768 1766 1826 vtl.
1807 1768 2038 1824 Desidiae
2075 1768 2283 1823 daemon
2314 1769 2409 1840 qui
2436 1769 2597 1823 etiam
2639 1768 2973 1823 meridianus
2998 1780 3161 1821 voca

1586 1868 1694 1926 tur,
1727 1859 2028 1915 daemonum
2067 1859 2311 1913 omnium
2343 1859 2700 1927 gravissimus
2724 1868 2826 1924 est,
2884 1870 2948 1912 ae
2972 1871 3163 1911 mona-

1579 1952 1738 2006 chum
1771 1952 1873 2007 sub
1903 1951 2094 2005 boram
2131 1960 2382 2019 quartam
2413 1950 2764 2020 aggreditun
2796 1948 3030 2001 animam
3062 1962 3160 2001 au-

1581 2052 1684 2097 tem
1736 2042 1909 2110 ipsam
1964 2042 2031 2096 ad
2076 2041 2270 2096 boram
2308 2053 2479 2110 usque
2532 2053 2777 2095 octavam
2823 2039 3052 2094 obsidet.
3086 2036 3164 2092 Ae

1578 2134 1813 2205 primum
1849 2134 2067 2204 quidem
2101 2133 2154 2189 id
2191 2131 2350 2197 lacit,
2391 2141 2452 2187 ut
2486 2134 2567 2188 sol
2608 2132 2852 2201 torpidus
2880 2141 2973 2185 aut
2998 2131 3161 2184 etiam

1578 2226 1756 2280 omnis
1789 2240 2015 2295 prorsus
2042 2234 2221 2280 motus
2241 2238 2437 2294 expers
2460 2238 2602 2285 esse,
2632 2238 2695 2278 ac
2717 2224 2832 2278 dies
2857 2223 2972 2294 ipse
2996 2221 3156 2290 quin·

1580 2315 1838 2387 quaginta
1889 2317 2039 2371 boris
2085 2324 2339 2372 constare
2387 2316 2652 2370 videatur.
2691 2314 2911 2377 Deinde,
2949 2322 3005 2367 ut
3038 2327 3178 2383 per-'

1581 2417 1742 2478 petuo
1771 2409 1838 2462 ad
1874 2405 2142 2463 fenestras
2170 2407 2470 2463 monachus
2488 2415 2796 2478 prospectet
2824 2421 2839 2460 ι
2874 2406 3003 2476 quin
3034 2418 3161 2458 eum

1581 2512 1796 2568 quoque
1829 2513 1895 2554 ex
1931 2498 2069 2555 cella
2098 2498 2253 2575 exire
2280 2499 2448 2570 cogit,
2482 2509 2645 2567 atque
2677 2496 2863 2552 oculos
2888 2497 2942 2550 in
2990 2494 3160 2549 solem

1581 2587 1834 2660 deligere.
1878 2604 1941 2644 ae
1971 2589 2305 2658 perpendere
2332 2599 2593 2659 quantum
2618 2589 2685 2641 ab
2721 2587 2857 2642 liora
2906 2599 3048 2640 nona
3083 2583 3163 2637 di-

1581 2690 1708 2747 stet,
1737 2696 1800 2735 ac
1829 2681 2065 2750 denique
2094 2681 2198 2735 buc
2225 2690 2387 2748 atque
2418 2680 2544 2735 illue
2566 2679 3010 2748 circumspicere,
3033 2690 3162 2731 nutu

1579 2771 1704 2840 quis
1760 2773 1991 2826 t'ratrum
2025 2772 2186 2827 adsit.
2237 2769 2379 2838 Quin
2412 2770 2577 2827 etium
2630 2769 2771 2833 loci,
2820 2776 2983 2837 atque
3030 2766 3166 2821 adeo

1581 2865 1751 2934 ipsius
1777 2878 1993 2936 quoque
2037 2865 2183 2932 vitae,
2234 2864 2526 2934 operisque
2555 2876 2813 2917 manuum
2836 2861 3019 2913 odium
3056 2858 3157 2926 ipsi

1582 2954 1755 3024 injicit
1779 2974 1794 3025 ;
1818 2970 1882 3010 ae
1911 2967 2169 3026 praeterea
2207 2969 2328 3011 eum
2360 2956 2464 3011 bue
2494 2954 2732 3017 adducit,
2755 2961 2812 3006 ut
2834 2951 3163 3008 charitatem

1582 3049 1724 3119 apud
1766 3047 1965 3104 fratres
1992 3049 2255 3106 defecisse
2280 3052 2490 3114 credat,
2532 3061 2632 3103 nec
2660 3057 2986 3117 quemquam
3042 3054 3166 3097 esse

191 3131 259 3185 ὀὗ
299 3131 534 3203 μίσουςό
563 3130 770 3203 δαίμων
814 3133 1192 3207 προστίθησιν.
1225 3138 1383 3207 Ἀγει
1425 3137 1482 3190 δὲ
1509 3143 1551 3201 C
1582 3137 1737 3207 cujus
1770 3138 2150 3196 consolatione
2200 3140 2540 3197 sublevetur.
2575 3137 2733 3206 Quod
2758 3136 2805 3192 si
2846 3135 2969 3204 quis
2997 3132 3161 3188 etiam

195 3231 276 3293 εἰς
300 3227 597 3298 ἐπιθυμίαν
621 3229 805 3284 τόπων
834 3231 1060 3303 ἐτέρων,
1088 3236 1145 3287 ὲν
1169 3227 1251 3296 οἷς
1282 3233 1480 3307 ῥᾳδίως

196 3319 262 3391 ὴν
295 3318 486 3390 χρείαν
519 3316 666 3371 ἔστιν
699 3321 903 3390 εὑρεῖν,
940 3323 1035 3375 καὶ
1062 3322 1259 3393 τέχνην
1285 3323 1481 3395 μετελ-

191 3411 427 3481 τωτέραν
475 3410 674 3480 μᾶλλον
697 3412 791 3464 καὶ
825 3413 1240 3484 προχωροῦσαν.
1273 3415 1383 3468 Καὶ
1403 3414 1480 3479 ὡς

191 3521 233 3556 ιν
258 3505 408 3574 τόπῳ
431 3502 492 3555 τὸ
523 3503 839 3574 εὐαρεστεῖν
862 3504 974 3576 (65)
1001 3505 1079 3577 τῷ
1097 3507 1288 3580 Κυρίῳ
1313 3525 1483 3581 προσ-

191 3594 415 3665 ίανταχῆ
450 3595 580 3668 γάρ,
606 3596 764 3667 φησι,
794 3594 856 3649 τὸ
903 3597 1048 3651 θεῖον
1082 3602 1478 3672 προσκυνητόν.

192 3685 246 3741 δὲ
273 3686 483 3752 τούτοις
509 3689 602 3742 καὶ
642 3688 865 3760 μνήμην
891 3690 1000 3744 τῶν
1023 3692 1239 3746 οἰκείων
1265 3694 1360 3747 καὶ
1382 3694 1483 3765 τῆς

221 3780 503 3850 διαγωγῆς
523 3799 535 3811 ·
583 3781 775 3852 χρόνον
821 3782 920 3852 τῆς
971 3781 1117 3854 ζωῆς
1173 3784 1482 3857 ὑπογράφει

191 3870 266 3934 ub<
294 3871 394 3942 τῆς
422 3871 707 3941 ἀσκήσεως
729 3870 926 3936 πόνους
949 3873 1131 3943 φέρων
1152 3874 1259 3946 πρὸ
1281 3875 1483 3946 όφθαλ·

191 3966 390 4026 πᾶσαν,
416 3963 477 4015 τὸ
502 3963 565 4033 δὴ
584 3963 898 4034 λεγόμενον,
924 3967 1065 4019 κινεῖ
1099 3967 1370 4039 μηχανὴν.
1395 3968 1482 4022 ἵνα

191 4051 300 4115 πὼς
327 4052 356 4103 ό
390 4052 621 4122 μοναχὸς
661 4050 760 4123 τὴν
795 4051 1011 4115 κέλλαν,
1063 4054 1212 4130 φύγῃ
1251 4056 1313 4108 τὸ
1358 4057 1484 4111 στά-

191 4159 243 4212 ’ῳ
270 4139 326 4193 δὲ
382 4140 458 4210 τῷ
487 4140 698 4212 δαίμονι
741 4140 902 4205 ἄλλος
944 4143 1042 4213 μὲν
1072 4142 1236 4208 εὐθὺς
1271 4144 1480 4216 δαίμων

191 4251 226 4285 ιι
246 4251 259 4263 ·
298 4232 539 4303 ἐρημικὴ
584 4233 696 4303 (66)
749 4234 806 4286 δέ
851 4251 936 4298 τις
987 4235 1341 4299 κατάστασις,
1387 4238 1482 4291 καὶ

191 4324 437 4395 ιλάλητος
480 4324 619 4395 μετὰ
650 4325 740 4379 τὸν
769 4325 958 4395 ἀγῶνα
985 4328 1082 4399 τὴν
1106 4325 1290 4399 ψυχὴν
1312 4327 1482 4384 διαδέ-

1585 3243 1709 3285 eum
1756 3245 1852 3300 per
1903 3232 2005 3287 bos
2053 3233 2169 3287 dies
2206 3232 2453 3289 molestia
2488 3231 2722 3302 quadam
2764 3227 3023 3292 affecerit,
3052 3222 3161 3280 odii

1581 3323 1978 3379 incrementum
2003 3324 2210 3377 daemon
2244 3325 2453 3394 adiicit.
2489 3324 2663 3393 Atque
2693 3324 2915 3390 insuper
2949 3333 3069 3376 eum
3097 3318 3165 3371 ad

1583 3415 1816 3470 aliorum
1855 3415 2108 3470 locorum
2153 3415 2505 3483 cupiditatem
2560 3414 2815 3482 impellit,
2857 3411 2910 3463 in
2966 3412 3166 3478 quibus

1583 3517 1637 3562 et
1661 3521 1782 3576 quae
1809 3521 1946 3577 opus
2007 3513 2135 3562 sunt
2163 3504 2321 3560 facile
2348 3504 2613 3567 nancisci.
2655 3513 2709 3559 et
2754 3502 3051 3558 faciliorem
3083 3517 3165 3558 ar-

1586 3610 1718 3662 tem.
1748 3613 1979 3668 quaeque
2000 3599 2101 3670 ipsi
2121 3598 2333 3654 felicius
2352 3597 2629 3661 succedat.
2656 3596 2957 3650 consectari
2977 3606 3161 3666 «pleat.

1585 3690 1719 3745 tttud
1772 3691 1939 3745 etiam
1988 3690 2250 3761 adjungit,
2297 3691 2364 3745 ad
2413 3690 2517 3744 hoe
2547 3698 2606 3742 ut
2639 3687 2750 3742 Deo
2779 3688 2900 3758 quis
2931 3687 3163 3757 placcat,

1584 3781 2018 3839 nihilinteresse
2047 3797 2153 3852 quo
2202 3782 2319 3838 loco
2364 3782 2556 3852 degan
2591 3780 2796 3849 passim
2830 3781 2975 3834 enim
3024 3779 3164 3834 divi-

1582 3889 1709 3928 num
1738 3888 1938 3929 numen
1970 3873 2183 3929 adorari
2220 3888 2400 3943 posse.
2428 3872 2561 3927 Cum
2623 3872 2704 3927 iuis
2730 3880 2908 3926 autem
2946 3870 3165 3941 propin·

1582 3980 1811 4036 quorum
1850 3979 2069 4037 quoque
2104 3981 2168 4021 ac
2202 3967 2403 4038 prioris
2442 3967 2564 4021 vita·
2596 3966 2811 4037 generis
2848 3965 3161 4019 memoriam

1583 4061 1882 4132 conjungit.
1927 4060 2163 4131 Tempus
2194 4061 2320 4114 item
2355 4060 2476 4113 vilae
2497 4059 2711 4129 long-tm
2738 4056 3021 4122 informat,
3055 4056 3165 4110 Deo

1587 4167 1817 4211 sacratoe
1843 4155 1971 4211 vitae
1995 4155 2209 4211 labores
2236 4162 2363 4207 aute
2388 4151 2575 4207 oculos
2621 4153 2719 4223 ipsi
2766 4149 3055 4205 collocans.
3085 4148 3167 4202 Ac,

1586 4246 1826 4315 denique
1851 4261 2093 4309 omnem.
2142 4255 2202 4300 ut
2249 4245 2356 4299 dici
2390 4245 2552 4309 solet,
2585 4241 2891 4298 machinam
2941 4247 3161 4305 movet.

1582 4351 1691 4405 quo
1728 4338 2048 4401 monachus,
2091 4335 2226 4391 cella
2273 4334 2482 4399 relicta,
2512 4320 2743 4387 stadium
2781 4330 2969 4400 fugiat.
3012 4328 3164 4384 llum:

1588 4437 1763 4483 autem
1797 4428 2094 4486 daernouem
2129 4429 2266 4482 alius
2292 4427 2473 4482 statim
2505 4425 2713 4481 daemon
2742 4424 2964 4478 minime
2982 4421 3161 4491 sequi.

191 4527 236 4565 m
284 4511 560 4566 solitarius
606 4513 823 4582 quidam
851 4523 1226 4584 statttS,atq=ne
1252 4534 1467 4575 onmem
1502 4523 1772 4578 sermonis
1805 4522 2123 4579 facultatem
2151 4523 2421 4579 excedens
2468 4519 2652 4576 laetitia
2703 4526 2825 4588 post
2882 4524 3161 4574 certamen

191 4608 382 4675 ιΧθίμῙῐ.

192 4697 290 4768 τῆς
337 4698 643 4764 κενοδοξίας
690 4699 968 4771 λθῗῑῒμὺς·
1021 4700 1348 4771 λεπτότατός
1394 4707 1479 4772 τίς
1511 4710 1556 4767 D
1663 4708 1799 4765 vul.
1832 4707 2013 4763 inanis
2044 4706 2230 4777 gloria*
2260 4705 2521 4776 cogitatio
2555 4703 2907 4759 subtilissima
2949 4713 3051 4773 est,
3084 4715 3168 4759 at-

191 4792 592 4862 παρυφίσταται
620 4795 731 4857 τοίς
762 4793 1092 4865 κατορθοῦσι
1126 4796 1347 4868 ῥαδίως,
1385 4798 1480 4870 δη-

224 4883 402 4936 αὺτῶν
440 4884 566 4947 τοὺς
607 4882 826 4952 ἀγῶνας
866 4883 1212 4954 βουλόμενος,
1255 4888 1349 4941 καὶ1
1381 4889 1480 4952 τὰς

205 4975 319 5029 τῶν
348 4975 444 5028 ἀνθ
455 4974 652 5047 ρώπων
672 4975 828 5042 δόξας
857 4975 1195 5048 θηρώμενος,
1222 4979 1482 5051 δαίμονάς

191 5085 282 5132 τας
313 5068 689 5131 ἀναπλάττων,
707 5068 800 5120 καὶ
830 5067 1239 5140 θεραπευόμενα
1265 5071 1480 5140 γύναια,

211 5162 334 5215 τινὰ
365 5162 476 5214 τῶν
526 5162 757 5231 ἱματίων
789 5161 1181 5231 ἐφαπτόμενον·
1225 5162 1488 5234 μαντεύε-

192 5257 240 5328 ‘'l''
269 5257 365 5310 καὶ
395 5255 680 5327 ἱεροσύνην
703 5255 908 5319 λοιπὸν,
927 5255 1022 5310 καὶ
1047 5255 1174 5320 τοὺς
1191 5255 1486 5328 ζητοῦντας

1589 4816 1695 4872 que
1734 4800 1787 4855 iu
1843 4815 2033 4855 eorum
2078 4798 2276 4855 animis
2322 4797 2478 4852 l'acile
2513 4797 2778 4860 nascitur,
2812 4797 2902 4865 qui
2942 4806 3086 4851 recte
3111 4807 3167 4851 et

1541 4881 1549 4889 ’
1590 4909 1657 4948 ex
1691 4894 1890 4948 virtute
1911 4893 2135 4945 vivunt:
2171 4906 2358 4947 eorum
2386 4891 2681 4946 certamina
2713 4889 3031 4961 pervulgare
3050 4900 3168 4945 stu-

1592 4985 1746 5047 dens,
1773 4981 2237 5058 atquebumanam
2258 4981 2481 5051 gloriam
2508 4996 2801 5050 aucupans,
2836 4980 3163 5036 clamantes·

1593 5090 1698 5145 que
1735 5075 2031 5137 daemones,
2064 5090 2126 5130 ac
2156 5072 2501 5129 mulierculas
2553 5072 2758 5127 morbis
2788 5071 3044 5128 liberatas
3084 5072 3165 5127 ει·-

1593 5167 1833 5236 lingens,
1872 5181 1935 5221 ae
1970 5164 2202 5234 denique
2240 5166 2523 5234 quenulam
2602 5164 2690 5232 qui
2724 5172 2925 5218 vestem
2954 5162 3166 5216 contin·

1589 5268 1698 5328 gat.
1724 5257 1866 5323 Quin
1893 5258 2259 5313 sacerdotium
2306 5270 2522 5324 quoque
2566 5255 2820 5324 deinceps
2846 5263 3162 5325 auguratur,

191 5353 234 5415 ῖς
286 5349 479 5421 θύραις
527 5346 820 5418 ἐφίστησι·
878 5346 971 5401 καὶ
1016 5346 1076 5410 ὃς
1120 5348 1168 5400 εἰ
1236 5346 1311 5420 μὴ
1374 5346 1486 5418 (68)
1592 5358 1754 5417 atque
1805 5348 2056 5402 homines
2091 5361 2118 5399 a
2165 5345 2364 5414 quibus
2391 5353 2688 5414 quaeratur,
2727 5344 2969 5400 adfores
2996 5342 3165 5399 cotto·

207 5439 433 5511 δέσμιος
496 5437 854 5509 ἀπαχθήσετα
901 5454 915 5469 ·
963 5440 1056 5493 καὶ
1101 5437 1274 5502 οὕτως
1325 5438 1487 5492 αὐτὸν
1594 5449 1728 5494 cat.
1716 5455 1727 5466 ·
1764 5438 2018 5509 quodque
2045 5436 2149 5492 nisi
2173 5446 2366 5508 sponte
2388 5437 2566 5502 cedat,
2596 5435 2811 5492 vinctus
2839 5435 3163 5493 abducetur·

223 5597 412 5667 τρόπω

190 5707 202 5721 .
240 5668 371 5721 αὐτο
377 5666 426 5718 3.

191 5780 197 5794 .
239 5739 470 5809 εὑὰρεστ
478 5752 556 5790 ον.

1664 5596 1773 5660 «66)
1810 5591 2192 5663 Λ1.εἰρηνική.

1666 5662 1880 5732 (67)ΙΙρ
1884 5661 1962 5726 ός.

1667 5731 1779 5803 (68)
1809 5679 1917 5786 ΚαὶΙ
1940 5731 2071 5787 ὡσεὶ
2111 5731 2208 5806 μή.
