3725 6125
300 309 451 368 100⁵

1308 298 1365 356 S.
1405 298 1685 357 ANTONtt
1721 302 1791 357 M.
1831 301 2125 359 Anttssts
2165 301 2551 360 EPtSTOLAE.

3432 312 3568 368 loos

294 437 424 499 pter
451 419 598 493 quod
644 413 908 474 exaltavit
938 414 1089 470 illum
1135 413 1277 470 Deus
1307 415 1498 486 magis,
1541 425 1596 471 et
1631 415 1780 471 dedit
1807 416 1880 470 illi
1917 428 1961 482 Λ
2005 419 2304 485 vobiscum,
2340 418 2488 474 lilioli
2521 417 2878 484 dilectissimi,
2912 419 2963 474 in
2997 421 3190 477 saecula
3219 421 3562 482 s‘ectilorum.

296 531 501 574 nomeu
556 510 732 581 majus
773 506 1031 564 omnibus
1074 505 1418 574 nominibus,
1464 515 1524 562 ut
1567 511 1619 563 iu
1666 509 1882 563 nomine

294 607 429 666 'esu
477 615 641 662 omne
670 615 816 671 genu
858 595 1129 663 flectatur,
1174 596 1496 662 coelestium,
1543 599 1879 654 terrestrium

299 710 359 754 et
406 695 774 758 internorum3
816 699 877 746 ut
921 687 1103 745 omnis
1149 687 1327 759 lingua
1370 688 1713 755 confiteatur,
1756 690 1881 760 quia

228 796 233 802 '
302 791 471 850 'esus
494 794 578 844 est
610 783 887 848 Dominus,
916 790 973 838 et
1004 781 1175 852 gloria
1205 780 1299 837 Dei
1329 780 1506 837 Patris
1533 783 1596 836 ¹¹.

380 879 443 936 ln
470 886 737 949 posterum
777 875 987 943 itaque,
1019 872 1374 937 dilectissimi,
1403 873 1475 928 sit
1507 873 1661 929 vobis
1703 888 1882 929 sermo

310 973 403 1030 iiie
433 967 779 1029 manifestus,
819 964 962 1035 quod
992 964 1134 1019 Deus
1165 962 1328 1018 Pater
1355 978 1450 1018 sua
1492 962 1733 1018 bonitate
1766 976 1879 1018 non

192 1091 205 1127 ι
308 1061 600 1136 pepercerit
636 1057 775 1114 Filio
803 1071 903 1112 suo
949 1055 1243 1126 unigenito,
1277 1055 1373 1110 sed
1416 1055 1699 1111 tradiderit
1731 1054 1879 1109 illum

192 1183 215 1236 ῃ
298 1167 401 1226 pro
446 1160 631 1208 nostra
680 1148 1002 1206 liberatione
1043 1146 1113 1201 ab
1161 1146 1538 1217 iniquitatibus
1580 1146 1780 1204 nostris
1826 1154 1883 1202 et

191 1277 221 1318 ι
292 1247 537 1320 peccatis
582 1243 789 1300 uostris
817 1242 897 1309 ¹³;
930 1250 985 1297 et
1018 1238 1330 1296 humiliatus
1362 1248 1446 1295 est
1485 1254 1582 1310 pro
1619 1239 1798 1304 nobis,
1826 1247 1883 1293 et

191 1372 219 1409 ι,
291 1338 516 1396 sanavit
555 1350 658 1393 nos
704 1333 819 1389 suis
856 1331 1164 1396 doloribus,
1213 1341 1267 1388 et
1309 1330 1475 1386 verbo
1514 1330 1729 1386 virtutis
1769 1344 1882 1385 suae

192 1467 223 1506 ι
290 1427 564 1486 adunat-it
604 1442 701 1486 nos
746 1441 812 1481 ex
852 1435 1084 1494 quatuor
1124 1431 1284 1479 terrae
1321 1421 1633 1477 cardinibus
1661 1430 1881 1490 totoque

191 1561 223 1601 ι
294 1519 589 1580 habitabili
614 1519 785 1583 orbe:
814 1516 1203 1587 constituitque
1233 1516 1390 1570 uobis
1423 1513 1878 1569 resurrectionem

192 1657 213 1694 ἔ
286 1623 350 1671 et
380 1611 617 1671 salutem
655 1624 688 1665 a
721 1609 921 1666 nostris
960 1607 1235 1680 peccatis,
1270 1621 1335 1662 ac
1368 1605 1600 1661 invicem
1634 1617 1732 1659 nos
1761 1615 1883 1657 esse

192 1739 215 1790 ᾗ
288 1703 567 1769 membra,
620 1700 883 1756 certiores
918 1698 1066 1755 fecit.
1108 1696 1261 1766 Rogo
1302 1697 1487 1765 itaque
1532 1709 1651 1760 vos,
1685 1694 1882 1750 fratres

1995 510 2185 569 Amen.

2553 600 2882 658 El‘lSTOLA
2915 601 3001 659 tlt.

1991 689 2072 743 Act
2100 691 2242 759 filios
2273 709 2397 746 suos
2415 694 2710 747 ‘ntonwltos
2735 709 2752 748 .·
2778 710 2908 762 qnos
2931 695 3117 750 incitat
3143 698 3214 751 ad
3242 699 3566 767 operandum

2066 763 2465 817 nicotoritatibtts
2494 779 2558 816 ea:
2595 762 2898 834 Eranyelio,
2925 775 2975 819 et
2994 767 3263 834 Apostolo.
3299 768 3444 824 Dixit
3472 785 3493 825 .·

2062 877 2235 934 Filioli
2284 877 2410 942 mei,
2460 878 2622 934 liomo
2660 879 2940 936 rationalis
2971 881 3015 936 si
3062 891 3397 952 proeparvtur
3447 884 3567 939 viu·

1990 970 2172 1026 dicare
2211 983 2333 1025 sese
2369 970 2421 1023 iu
2467 969 2777 1026 libertatem
2823 972 2875 1026 in
2923 972 3010 1028 die
3041 975 3307 1030 adventus
3351 975 3561 1031 Domini

1988 1060 2159 1117 nostri
2225 1057 2349 1115 lesu
2399 1059 2624 1125 Christi,
2679 1071 2938 1131 agnoscat
2998 1064 3344 1134 semetipsum
3405 1064 3565 1121 intel-

1989 1150 2200 1208 lectuali
2233 1151 2572 1219 substantia;
2628 1167 2750 1206 nam
2782 1153 2872 1220 qui
2901 1155 3147 1222 agnoseit
3180 1155 3559 1227 semetipsum,

1988 1242 2235 1312 agnoscit
2272 1251 2328 1297 et
2354 1241 2787 1312 dispensationes
2816 1243 3093 1301 creatoris
3121 1246 3177 1302 in
3208 1244 3325 1317 ejus
3349 1257 3563 1305 ereatu-

1989 1349 2081 1389 ras
2105 1333 2487 1388 dilectissimas
2518 1333 2571 1387 in
2603 1333 2852 1399 Domino,
2885 1345 2940 1390 et
2975 1349 3162 1391 earum
3192 1338 3561 1411 participatio-

1988 1437 2112 1478 nent
2148 1423 2200 1477 in
2236 1431 2435 1476 aeterua
2478 1423 2794 1478 haereditate
2826 1423 3258 1496 participationis
3291 1428 3560 1486 membro·

1989 1527 2108 1567 rum
2139 1524 2474 1567 sanctorum.
2505 1512 2686 1580 Quare
2720 1529 2849 1585 rogo
2881 1532 2974 1571 ros
3009 1516 3062 1571 in
3101 1517 3319 1573 nomine
3345 1517 3558 1575 Domini

1989 1602 2160 1658 nostri
2205 1601 2332 1658 lesu
2372 1602 2598 1668 Cltristi,
2636 1613 2692 1656 ut
2737 1604 2964 1675 impigre
2995 1616 3172 1662 vestra
3205 1609 3428 1666 solvatis
3461 1611 3557 1666 de-

1989 1693 2096 1748 bita
2142 1693 2391 1761 Domino,
2436 1702 2495 1748 ut
2533 1694 2827 1765 elargiatur
2853 1696 3005 1751 vobis
3031 1699 3279 1755 omuibus
3307 1700 3555 1770 spiritum

292 1792 664 1860 dilectissimi,
693 1792 748 1847 in
791 1790 1008 1847 nomine
1037 1788 1248 1846 Domini
1279 1786 1451 1843 nostri
1478 1784 1609 1842 Jesu
1654 1786 1879 1852 Christi,
1911 1790 1953 1845 B
1982 1786 2326 1841 discretionis
2379 1786 2446 1841 ad
2512 1786 2923 1842 discernendum
2983 1798 3040 1845 et
3092 1795 3551 1862 cognoscendum,

191 1847 204 1978 ἱ
294 1897 363 1944 ιιι
392 1885 703 1958 agnoscatis
736 1884 877 1939 lianc
920 1896 1170 1962 magnam
1204 1880 1700 1951 dispensationem,
1734 1877 1882 1933 scili·

192 2037 197 2046 ,
296 1988 398 2036 eet.
420 1979 585 2034 Deum
618 1973 857 2031 Verbum
892 1975 1045 2031 nobis
1074 1987 1195 2029 esse
1232 1970 1593 2027 assimilatum
1625 1969 1683 2024 in
1712 1967 1883 2026 omui-

192 2063 197 2070 ’
302 2069 413 2126 bus
434 2078 624 2140 pra-ter
646 2078 952 2140 peccatum.
976 2065 1110 2121 Nam
1140 2075 1566 2120 consentaneum
1596 2071 1686 2117 est
1713 2060 1886 2116 omni·

302 2161 417 2220 bus
458 2159 663 2216 ratione
710 2157 971 2231 praeditis,
1025 2158 1129 2212 ltoc
1156 2158 1299 2212 seire
1330 2154 1630 2210 seeundum
1666 2153 1883 2209 intelle-

191 2225 203 2262 Ε
300 2249 547 2310 etuatem
580 2250 863 2316 rationem,
886 2263 952 2305 ae
982 2257 1041 2302 ut
1070 2244 1569 2314 distinguantiuter
1600 2245 1799 2298 bonum
1828 2249 1883 2294 ct

192 2323 209 2358 ¹
308 2342 539 2410 matum,
582 2351 643 2398 ut
681 2341 835 2398 liberi
872 2354 994 2397 esse
1043 2348 1246 2410 queant
1276 2337 1328 2391 iu
1361 2335 1479 2405 ejus
1524 2336 1757 2388 adventu
1812 2330 1881 2385 ad

191 2415 215 2456 ⁸
302 2450 435 2494 nos.
474 2433 575 2502 Qui
604 2441 782 2490 sutem
808 2429 960 2488 liberi
993 2438 1120 2484 sunit
1153 2426 1329 2482 eflecti
1350 2466 1366 2493 ,
1401 2423 1629 2495 ejusque
1662 2421 1883 2489 dispeu-

191 2515 217 2549 ι
294 2531 517 2590 satione
548 2528 633 2585 ttsi
659 2535 809 2592 sunt,
842 2525 897 2582 lii
929 2533 1057 2582 sunt
1080 2522 1130 2578 ei
1163 2522 1328 2578 servi.
1360 2520 1472 2575 Nee
1503 2530 1638 2574 sane
1667 2512 1884 2572 vocatio

290 2625 421 2684 haec
472 2631 558 2678 est
587 2618 888 2692 perlectio;
922 2629 1105 2671 verum
1133 2610 1344 2684 justitia
1387 2623 1485 2666 suo
1526 2618 1769 2677 tempore
1796 2612 1883 2661 est

294 2713 589 2790 perfectio,
612 2727 733 2781 quae
754 2707 939 2782 dirigit
963 2707 1029 2762 ad
1052 2704 1388 2761 liliationem.
1415 2700 1595 2769 Quare
1619 2714 1741 2754 cum
1772 2697 1880 2753 Do-

302 2803 493 2862 minus
518 2813 706 2858 noster
737 2800 895 2855 lesus
929 2796 1177 2856 Christus
1216 2793 1460 2852 novisset
1489 2806 1617 2848 suos
1645 2790 1882 2858 discipu-

302 2895 397 2952 ios
429 2894 495 2950 ad
524 2892 841 2948 filiationem
875 2890 985 2958 iarn
1008 2886 1324 2950 accessisse,
1357 2884 1644 2954 ipsumque
1673 2894 1881 2951 eogno-

304 2989 481 3054 visse,
524 2996 580 3043 et
617 3000 647 3040 a
686 2982 891 3054 Spiritu
924 2990 1111 3038 saneto
1138 2991 1261 3034 esse
1289 2976 1534 3039 edoctos,
1574 2972 1712 3027 dixit
1743 2971 1824 3027 eis
1862 2988 1878 3028 t

296 3080 439 3139 «hin
474 3096 577 3137 nott
602 3094 727 3137 voco
758 3092 846 3133 vos
872 3090 1067 3142 servos,
1101 3072 1191 3129 sed
1225 3070 1423 3125 amicos
1445 3076 1494 3122 et
1517 3066 1731 3134 fratres,
1752 3063 1881 3131 qnia

300 3174 487 3229 omnia
512 3184 830 3243 quecunque
854 3165 1034 3222 oudini
1063 3181 1097 3219 a
1136 3160 1321 3227 Patre,
1349 3169 1473 3213 nota
1516 3157 1615 3226 [eci
1641 3156 1781 3211 vobis
1860 3193 1876 3208 .

191 3256 247 3309 ἢ
302 3268 493 3338 ltaque
522 3265 611 3337 qui
640 3267 983 3337 agnoverunt
1009 3270 1191 3313 veram
1228 3253 1496 3310 rationem
1529 3266 1640 3307 suae
1666 3250 1880 3305 intelle-

191 3362 255 3404 ³
270 3422 277 3427 ,
294 3359 496 3419 eruatis
518 3342 868 3420 substantia,
898 3366 1029 3408 suas
1046 3346 1388 3421 protulerunt
1417 3358 1576 3400 voees
1599 3342 1839 3399 dicentes
1862 3358 1878 3396 ε

192 3454 263 3497 '³¹
280 3440 735 3521 'Haudquaquam
763 3442 1067 3510 accepi-tas
1090 3436 1335 3505 spirituus
1357 3433 1625 3492 servitutis
1652 3443 1709 3488 nt
1741 3434 1883 3487 time·

191 3546 263 3591 U
292 3528 516 3604 sentus,
553 3537 647 3593 sed
698 3534 951 3600 spiritum
990 3525 1263 3598 filiationis
1308 3544 1403 3599 per
1449 3543 1601 3599 quent
1639 3541 1883 3580 vocamus

192 3636 267 3685 t·i³
308 3632 533 3685 Patrem
570 3624 791 3678 Abbnno
823 3620 1019 3693 (Pater
1046 3618 1251 3690 noster)
1283 3620 1352 3677 ¹⁸.
1386 3619 1605 3689 Utique,
1634 3617 1882 3683 Domine,

191 3744 221 3781 g
250 3736 269 3771 ,ι
314 3718 570 3775 novimus
594 3712 781 3771 onmia
806 3726 925 3783 quae
951 3712 1102 3768 uobis
1131 3710 1395 3783 elargitus
1422 3725 1519 3776 es;
1554 3724 1679 3765 uam
1710 3709 1755 3765 si
1787 3707 1881 3762 lilii

204 3822 273 3873 '23²-
310 3824 529 3876 sumus,
559 3805 802 3862 ltaeredes
824 3818 1033 3877 quoqne
1060 3818 1269 3871 sumus,
1300 3813 1356 3860 et
1385 3803 1544 3858 amici
1573 3817 1638 3857 ae
1666 3799 1885 3870 partici-

191 3913 269 3972 Β
313 3916 417 3975 pes
460 3898 791 3957 baereditatis
830 3894 954 3953 lesu
998 3894 1219 3953 Christi.
1264 3894 1438 3951 Notus
1469 3910 1600 3962 ergo
1629 3895 1779 3950 vobis
1814 3893 1886 3948 sit

192 4014 277 4067 -l
312 4008 501 4053 ueruto
538 3992 663 4060 ltie3
710 3990 851 4063 quod
894 3989 1197 4061 quicunque
1244 3989 1371 4045 totis
1416 3988 1620 4043 viribus
1661 3999 1885 4054 surgere

192 4108 277 4161 ,με
310 4096 536 4159 paratus
586 4098 691 4140 uon
739 4082 935 4148 ruerit,
995 4081 1041 4139 is
1097 4081 1237 4137 sciat
1290 4080 1506 4135 Domini
1570 4078 1884 4136 liberatoris

191 4206 275 4271 ki?
306 4180 601 4237 adventum
632 4176 707 4233 itti
738 4176 857 4233 fore
881 4176 949 4232 ati
984 4173 1248 4245 iudicium
1276 4191 1291 4228 ε
1320 4172 1520 4229 Sumus
1542 4175 1729 4243 quippe
1758 4171 1850 4240 qni
1860 4200 1883 4213 -

192 4306 275 4351 ω·
302 4274 531 4327 &uadunt
554 4272 689 4325 olor
724 4268 903 4323 monis
944 4268 997 4323 itt
1028 4275 1265 4327 mortens,
1299 4266 1422 4319 aliis
1453 4282 1570 4319 vero
1605 4265 1737 4318 odor
1765 4263 1886 4317 vitre

191 4398 275 4449 ι,
302 4366 367 4419 irs
392 4364 553 4419 tilam
584 4361 647 4410 ¹⁸.
682 4360 783 4413 mc
810 4362 945 4413 enim
966 4370 1042 4414 est
1068 4359 1138 4412 ad
1164 4374 1351 4413 casnm
1374 4369 1420 4413 et
1453 4359 1883 4415 resurrectionem

1813 3132 1951 3191 tsC

1984 1878 2302 1933 charitatem
2347 1893 2470 1950 quae
2505 1886 2589 1933 est
2623 1878 2675 1934 iu
2712 1880 2893 1947 vobis,
2945 1896 3051 1936 nou
3098 1897 3222 1939 esse
3260 1885 3554 1952 carnalem,

1984 1972 2076 2027 sed
2102 1969 2441 2041 spiritualem
2469 1969 2808 2025 charitatem.
2837 1969 3046 2028 ideirco
3075 1973 3298 2032 minime
3329 1991 3422 2032 vos
3461 1991 3557 2047 ap-

1983 2063 2247 2133 pellamus
2274 2063 2472 2119 vestris
2505 2062 2814 2119 carnalibus
2843 2064 3172 2135 nominibus,
3208 2069 3407 2139 qnippe
3442 2071 3557 2126 haee

1985 2157 2276 2213 transitura
2306 2164 2453 2222 sunt,
2481 2156 2573 2211 sed
2599 2156 3070 2227 permanentibus.
3102 2159 3549 2230 Quandoquidem

1986 2248 2360 2319 unusquisque
2392 2248 2542 2303 novit
2574 2262 2768 2303 nomen
2805 2263 2990 2303 verum
3026 2265 3123 2319 per
3151 2263 3454 2323 respectum
3486 2256 3553 2309 ad

1985 2354 2181 2396 nomen
2206 2339 2484 2407 veritatis;
2513 2339 2967 2410 quemadmodum
2999 2349 3118 2397 erat
3162 2355 3357 2400 nomen
3384 2344 3553 2402 Jacob

1983 2432 2170 2503 prius,
2212 2431 2430 2501 quaudo
2461 2445 2584 2486 eum
2619 2428 2810 2502 angelo
2856 2440 3016 2486 noctu
3060 2441 3206 2501 erat3
3248 2434 3425 2507 cujus,
3473 2435 3554 2491 lu-

1983 2534 2232 2582 cescente
2264 2538 2441 2604 mane,
2480 2523 2693 2578 vocavit
2734 2536 2928 2578 nomen
2977 2522 3241 2583 lsrael¹⁸.
3281 2529 3555 2600 Interpre-

1985 2618 2119 2674 tatio
2144 2625 2323 2672 autem
2346 2614 2511 2672 lsrael
2539 2624 2643 2682 est,
2667 2616 2957 2672 intellectus
2989 2618 3244 2688 aspiciens
3269 2620 3337 2674 ad
3364 2620 3552 2678 Deum.

1983 2709 2246 2780 Equidem
2276 2707 2412 2775 scio,
2447 2721 2547 2763 vos
2587 2706 2809 2762 minime
2842 2706 3033 2775 latere,
3064 2710 3278 2766 virtutis
3300 2711 3558 2770 adversa·

1984 2801 2094 2856 rios
2158 2808 2418 2871 perpetuo
2468 2798 2747 2854 intendere
2804 2799 3229 2857 destructionem
3287 2801 3555 2860 veritatis.

1984 2892 2127 2948 Deus
2163 2905 2293 2947 vero
2327 2889 2475 2946 omni
2531 2899 2771 2959 tempore
2819 2905 2973 2947 suam
3025 2891 3209 2948 invisit
3249 2902 3554 2952 creaturam

1984 3000 2014 3038 a
2058 2983 2367 3039 conditione
2395 2981 2577 3039 mundi
2608 2999 2785 3054 usque
2817 2983 2870 3038 in
2900 2992 3183 3039 aeternum.
3225 2983 3425 3050 Quare,
3462 2987 3556 3057 qni

1984 3076 2248 3131 accedere
2277 3074 2463 3130 volunt
2486 3074 2551 3129 ad
2582 3075 2895 3130 Creatorem
2927 3086 2993 3130 ex
3026 3084 3134 3131 tota
3167 3073 3281 3145 lege
3309 3076 3555 3133 cordium

1984 3181 2240 3231 suorum,
2277 3165 2394 3235 ipse
2427 3165 2641 3221 docebit
2676 3156 2945 3236 eos‚'qua
2981 3168 3190 3223 ratione
3228 3182 3350 3223 eum
3382 3168 3556 3225 colere

1983 3259 2235 3315 debeant.
2269 3258 2406 3313 Cum
2431 3266 2613 3313 autern
2655 3257 2960 3328 praenimia
2994 3258 3307 3315 infirmitate
3335 3276 3399 3315 ac
3433 3277 3558 3331 gra·

1982 3350 2150 3404 vitate
2177 3347 2479 3414 cadaveris,
2503 3356 2558 3403 et
2582 3348 2881 3404 eet-tamine
2911 3347 3268 3415 malignorum
3291 3350 3550 3420 bostium,

1983 3440 2224 3511 corporis
2266 3439 2425 3508 liujus
2467 3441 2781 3510 apparentis
2829 3438 3073 3494 aruerint
3112 3454 3327 3506 seusus,
3352 3453 3410 3497 et
3437 3444 3552 3497 vir·

1985 3541 2098 3589 tute
2128 3532 2367 3588 destituti
2395 3531 2507 3587 sint
2537 3546 2729 3588 seusus
2782 3531 2975 3587 animae
3019 3530 3256 3602 (quippe
3284 3547 3402 3602 quat
3426 3548 3551 3589 eum
3607 3595 3611 3598 ,

1983 3638 2209 3695 corpore
2251 3623 2578 3679 dissolubilis
2621 3639 2725 3679 non
2757 3632 2876 3688 cst,
2912 3634 2968 3679 et
3000 3624 3299 3680 substantia
3329 3636 3412 3682 est
3450 3626 3554 3682 im-

1986 3717 2252 3784 mortalis,
2286 3731 2388 3772 nec
2426 3716 2573 3772 valet
2597 3730 2657 3772 se
2683 3731 2779 3771 sua
2816 3716 3025 3786 iustitia
3068 3717 3363 3791 vindicare)
3386 3738 3404 3789 ;
3427 3734 3551 3792 pro·

1987 3821 2170 3882 pterea
2221 3817 2496 3880 nequeunt
2527 3808 2780 3878 assequi,
2805 3811 2949 3879 quod
3004 3809 3105 3865 sibi
3139 3809 3408 3880 peculiare
3446 3822 3550 3882 est,

1987 3910 2049 3957 ut
2093 3916 2214 3957 sese
2260 3901 2519 3956 reducere
2558 3899 2767 3967 possint
2799 3901 2866 3954 ad
2897 3900 3207 3968 primariam
3239 3900 3322 3957 sui
3362 3902 3552 3959 condi·

1989 3994 2210 4048 tionem.
2257 3991 2598 4058 Quapropter
2628 3998 2883 4058 operatus
2907 3997 2989 4044 est
3021 3987 3160 4045 Deus
3184 4005 3306 4047 cunt
3340 3993 3419 4048 eis
3454 4008 3550 4049 sua

1987 4083 2247 4148 bonitate,
2277 4091 2333 4136 et
2360 4082 2546 4137 docuit
2571 4094 2664 4135 eos
2696 4079 2927 4134 adorare
2951 4078 3190 4146 Patrem,
3218 4090 3278 4137 ut
3300 4093 3549 4153 oportet;

1988 4173 2131 4230 Deus
2153 4173 2299 4230 enim
2327 4187 2466 4228 unus
2489 4181 2572 4228 est
2593 4190 2607 4239 ;
2639 4171 2938 4228 substantia
2964 4170 3337 4230 intellectualis
3357 4174 3410 4230 iu
3434 4176 3555 4232 uui·

1987 4276 2097 4322 tate
2133 4277 2219 4322 est
2245 4267 2370 4322 item
2403 4265 2595 4335 posita.
2633 4262 2717 4319 Sit
2741 4278 2873 4336 ergo
2910 4278 3089 4320 sermo
3130 4265 3219 4320 bic
3255 4266 3408 4324 vobis
3439 4284 3552 4323 ma-

1987 4359 2237 4424 nifestus,
2260 4357 2402 4428 quod
2427 4370 2616 4411 omues
2639 4355 2975 4426 congregati,
3004 4354 3107 4411 nisi
3130 4372 3294 4411 unum
3322 4358 3557 4415 ltabcaut.

191 4496 271 4541 Μ
300 4456 599 4513 nuntioram
628 4468 693 4509 ex
717 4451 843 4523 liliis
876 4450 1062 4518 israel,
1089 4465 1137 4506 et
1164 4452 1221 4506 in
1252 4452 1459 4521 signum
1480 4453 1550 4505 ad
1574 4454 1713 4522 qnod
1743 4451 1884 4520 aspi·
1917 4470 1959 4524 1)
1986 4466 2106 4516 eor,
2132 4450 2417 4506 animabus
2459 4449 2572 4504 suis
2610 4450 2905 4504 certamina
2936 4448 3221 4516 inducent,
3253 4451 3557 4524 facientque

196 4580 275 4645 ᾗ,
294 4547 449 4605 citur
477 4545 543 4598 ι’.
592 4543 741 4614 Rogo
788 4545 971 4613 itaque
1003 4558 1136 4609 vos,
1184 4542 1381 4596 fratres
1414 4542 1790 4606 dilectissimi,
1830 4543 1882 4596 iu

246 4637 533 4715 'flumine
574 4634 792 4690 Domini
821 4635 991 4690 nostri
1019 4632 1149 4689 «lesu
1180 4633 1419 4698 Christi,
1461 4648 1528 4687 ue
1570 4647 1666 4686 vos
1705 4633 1886 4701 pigeat

191 4785 199 4811 ζ
238 4716 507 4823 ,fleam
524 4725 739 4793 salutis,
764 4726 861 4781 sed
890 4726 1263 4795 unusquisque
1283 4738 1523 4778 vestrum
1552 4723 1765 4777 scindat
1788 4736 1886 4777 eur

191 4862 213 4893 2
232 4814 497 4907 ‘usu-tn,
526 4832 635 4873 nott
662 4826 845 4873 autem
878 4818 1256 4872 vestimentum
1286 4816 1329 4850 ⁸⁸
1355 4833 1368 4870 :
1398 4832 1465 4871 ue
1493 4814 1663 4869 induti
1699 4812 1884 4868 ltabitu

191 4906 704 5009 ·‘‚,mott=elntus,
754 4923 1123 4979 prterunt-emus
1178 4907 1334 4962 nobis
1380 4906 1675 4976 judicium3
1715 4918 1884 4974 prope

242 4996 277 5099 δ’,
304 5010 553 5067 nanque
588 5005 793 5069 leupus
826 5008 913 5053 est
946 4997 1222 5068 judicandi
1258 5009 1694 5066 unumquemque
1724 4992 1876 5061 juxta

192 5164 195 5171 Ι
260 5102 479 5187 ,open
508 5102 625 5145 atta.
666 5086 747 5147 Ob
778 5091 1047 5147 sermonis
1071 5099 1251 5144 autem
1289 5090 1447 5158 liujus
1471 5087 1881 5152 obscuritatem,

192 5176 467 5281 '‘plnr-
524 5182 677 5239 vobis
741 5184 985 5240 seribere
1044 5182 1391 5236 decreveram
1419 5197 1434 5246 ;
1500 5179 1682 5233 destiti
1752 5192 1884 5233 vero

191 5316 213 5369 Ι,
266 5282 529 5365 ,propter
556 5272 829 5332 dieoutettt
862 5289 878 5327 t
930 5275 1009 5328 Da
1040 5271 1265 5337 sapienti
1300 5271 1623 5324 occasionem
1645 5307 1662 5333 ,
1696 5282 1743 5322 et
1785 5284 1888 5322 ott-

192 5374 457 5465 ψει·
477 5366 741 5434 sapientie
785 5365 901 5435 ejus
946 5366 1011 5419 ¹⁹.
1050 5362 1183 5417 Dico
1218 5361 1370 5415 vobis
1410 5361 1639 5415 salutem
1686 5358 1741 5413 iu
1776 5358 1882 5413 Do-

192 5456 475 5547 ϋηίιο.
514 5457 773 5512 maximis
815 5456 1196 5523 tintinnis-qum
1236 5463 1289 5506 et
1326 5453 1501 5520 gnatia
1550 5448 1763 5505 Domini
1812 5451 1884 5505 sit

191 5600 341 5754 :n
370 5650 415 5683 ¹⁸
456 5646 696 5717 Philipp.
737 5663 799 5715 tt,
855 5645 1010 5700 tt-tl.
1116 5642 1160 5675 ¹⁸
1194 5640 1351 5698 Rom.
1392 5658 1509 5706 νιιι,
1548 5642 1639 5698 52.

377 5718 518 5779 Lue-
564 5732 629 5782 ιι,
666 5718 756 5774 δι.
835 5718 877 5749 ¹⁸
913 5715 1029 5773 Joel
1056 5729 1117 5785 tt,
1160 5715 1243 5771 ¹3.
1276 5796 1281 5800 -
1322 5713 1364 5746 ”
1396 5712 1557 5771 Pro».
1596 5730 1671 5799 ιιι,
1711 5716 1765 5773 9.

1735 5644 1778 5676 “’·
1813 5645 1972 5702 Joan.
2013 5637 2101 5709 ια’,
2152 5644 2235 5699 lei.

1860 5716 1904 5748 ¹⁰
1945 5716 2079 5771 Geu-
2123 5729 2296 5785 xxxtt,
2334 5712 2524 5771 2248.

1988 4542 2088 4597 sibi
2113 4539 2400 4608 judicium.
2429 4537 2563 4594 Cum
2596 4536 2793 4593 viderit
2834 4538 3015 4608 itaque
3042 4539 3269 4597 Creator
3292 4552 3556 4599 creaturae

1985 4633 2095 4702 jam
2125 4631 2411 4685 dilatatum
2446 4644 2568 4685 esse
2602 4628 2817 4698 vulnus,
2839 4639 2897 4688 et
2923 4629 3148 4687 medicis
3171 4631 3236 4687 ad
3266 4634 3553 4690 sanitatem

1989 4722 2404 4794 cotiiparandam
2448 4719 2727 4791 indigere,
2766 4723 3031 4791 praemisit
3069 4722 3329 4782 Dominus
3374 4732 3559 4782 noster

1987 4811 2146 4868 lesus
2171 4810 2442 4876 Christus,
2463 4808 2557 4880 qui
2578 4819 2662 4866 est
2687 4809 2805 4878 ejus
2827 4810 3056 4867 Creator
3075 4824 3132 4867 et
3152 4810 3409 4881 Medicus,
3432 4826 3557 4869 ante

1989 4917 2048 4959 se
2085 4902 2503 4972 proedicatores;
2539 4916 2641 4957 nec
2679 4916 2929 4958 asserere
2968 4904 3277 4960 dubitamus
3316 4903 3554 4979 Moysen,

1994 4994 2283 5048 maximum
2314 4992 2696 5064 prophetarunt
2730 5003 2786 5048 et
2821 4993 3206 5063 legislatorem,
3238 5010 3363 5054 esso
3391 5012 3553 5055 uuum

1993 5086 2428 5156 praedieatorum.
2474 5084 2713 5154 Spiritus
2752 5095 2931 5141 autem
2962 5086 3054 5157 qui
3097 5098 3354 5157 operatus
3386 5101 3469 5144 est
3501 5089 3555 5144 ln

1995 5175 2197 5247 Moyse,
2231 5176 2369 5231 idem
2394 5187 2651 5246 operatur
2676 5176 2729 5231 iu
2760 5176 2982 5247 reliquis
3010 5178 3216 5234 sanctis
3237 5178 3556 5250 postillam,

1994 5265 2086 5334 qui
2117 5280 2306 5319 omues
2336 5263 2500 5319 locttti
2531 5273 2658 5319 sunt
2685 5265 2753 5320 de
2789 5264 2928 5321 Filio
2973 5268 3064 5324 Dei
3106 5268 3403 5339 unigenito.
3431 5266 3557 5325 Pari

1991 5354 2205 5421 quidem
2244 5352 2455 5408 ratione
2487 5351 2723 5410 «loannes
2777 5370 2912 5411 ttnus
2946 5367 3030 5413 est
3075 5356 3488 5427 praedieatorttm
3543 5375 3559 5413 s

1991 5446 2185 5514 quilque
2211 5445 2299 5498 lex
2322 5460 2482 5513 ttsqtte
2506 5447 2575 5497 eni
2607 5445 2890 5513 Joannent,
2915 5460 2960 5501 et
2999 5449 3188 5504 exlttde
3223 5452 3324 5505 rint
3360 5450 3563 5521 patitur

2337 5645 2379 5673 ¹³
2425 5644 2580 5699 llom.
2619 5656 2737 5711 vttt,
2797 5643 2887 5701 15.
3020 5647 3063 5684 ¹⁸
3104 5645 3146 5705 ll
3185 5648 3312 5707 Cor.
3369 5662 3434 5718 tt.
3477 5646 3560 5707 ¹⁶·
