3725 6125
151 359 253 419 181

1538 345 2074 403 PROLEGOMENA.

3310 355 3417 414 482

150 479 334 534 litetur
359 487 429 527 ex
454 467 967 534 Nemesin-episcopo
999 462 1272 531 Emesena,
1304 464 1574 535 Νεμεαίου
1605 466 1730 517 ent·
1759 469 1801 526 Α
1834 466 2067 519 omittat.
2118 465 2200 521 Ad
2244 468 2356 522 haec
2396 467 2600 522 nullum
2656 478 2921 526 memorat
2963 480 3239 529 auctorem
3259 513 3275 538 ,
3318 476 3409 544 qui

153 569 363 624 σκόπου
415 562 670 635 Ἐμέσης.
720 557 896 613 Moses
948 572 1075 613 vero
1112 556 1428 627 Bar-Cepha
1479 566 1732 611 nonnuna

154 677 224 717 ex
260 658 455 715 eodem
485 667 647 725 opere
671 650 832 705 verba
867 648 1127 713 recitans,
1168 648 1472 703 Nemesinm
1502 646 1734 717 philoso-

156 752 325 820 phuni
344 744 708 802 Christianum
741 734 985 793 nomiua‘t
1016 736 1118 809 (a),
1153 739 1335 806 operis
1365 737 1544 806 potius
1569 752 1735 807 argu·

162 848 405 896 mentum
434 835 671 897 scilicet,
703 846 865 901 quarn
918 831 1157 884 auctoris
1205 828 1524 898 dignitatem
1558 827 1731 897 respi-

163 933 333 987 ciens.
368 924 614 983 Praesulis
643 924 860 977 demum
904 921 1070 975 nostri
1105 919 1390 984 meminit,
1423 919 1611 973 eadem
1649 918 1732 972 in-

167 1021 449 1088 scriptione
472 1029 604 1069 usus
632 1028 738 1083 qua
764 1010 1031 1065 Maximus
1052 1018 1108 1063 et
1130 1007 1474 1071 Anastasius,
1500 1006 1733 1076 scriptor

165 1121 448 1179 anonymus
477 1104 620 1175 apud
654 1100 1119 1157 Montsauconium
1148 1099 1223 1170 (b)
1255 1099 1434 1154 adhuc
1469 1097 1728 1163 inedituS,

160 1204 209 1255 in
237 1199 450 1267 Eclogis
489 1195 682 1251 ordine
725 1193 1070 1263 alphabetico
1115 1191 1360 1261 digestis,
1396 1205 1515 1259 quae
1555 1205 1584 1243 a
1618 1187 1733 1242 Pa·

152 1289 350 1344 raltetis
382 1285 788 1341 Damascenicis
821 1282 1099 1337 differunt.
1137 1281 1215 1336 Ex
1256 1282 1452 1350 quibus
1485 1296 1615 1350 ergo
1647 1281 1732 1334 in·

151 1383 396 1453 telligas.
431 1388 650 1436 rectene
687 1394 754 1432 an
787 1392 974 1441 secuS,
1011 1376 1077 1430 de
1123 1385 1346 1429 auctore
1391 1384 1575 1430 nostro
1624 1373 1731 1428 Ca-

148 1489 282 1528 veus
311 1475 515 1543 aliique
545 1470 877 1526 censuerint.

219 1619 283 1673 ll.
327 1619 525 1674 Verum
557 1628 615 1673 ut
647 1633 709 1673 ea
747 1592 923 1672 denuo
957 1617 1128 1688 magis
1176 1617 1566 1672 confirmentur
1611 1631 1732 1686 quae

150 1712 400 1783 superius
458 1711 637 1766 obiter
699 1720 822 1780 post
876 1709 1230 1779 Lequienium
1293 1708 1613 1778 attigimuS,
1665 1708 1730 1762 de

1836 565 1959 623 post
1995 555 2587 625 quadringentesimum
2640 575 2669 613 a
2721 560 2944 616 Christo
2988 578 3188 618 aunum
3239 565 3415 621 incla-

1837 646 2027 700 ruerit.
2068 645 2260 702 Omnia
2291 647 2508 704 demum
2540 650 2594 704 in
2626 659 2848 706 auctore
2881 662 3069 709 nostro
3097 655 3141 710 si
3172 656 3410 726 penitius

1834 737 2306 807 introspiciantur,
2340 754 2444 795 non
2474 742 2705 796 suadere
2731 742 2925 809 solum,
2960 745 3056 799 sed
3086 747 3250 800 etiam
3280 762 3412 817 per-

1835 831 2065 887 suadere
2108 829 2383 896 videntur,
2423 832 2631 887 εωοιιιο
2672 847 2727 886 ιν
2762 832 3043 890 desinente
3082 836 3255 907 ipsum
3309 837 3411 893 llo·

1837 921 2029 977 ruisse.

1904 1069 1991 1125 lll.
2028 1068 2213 1142 Neque
2252 1078 2430 1126 tamen
2482 1080 2769 1142 propterea
2816 1088 2938 1128 cum
2984 1073 3281 1145 Lequienio
3324 1077 3411 1131 as·

1835 1162 2055 1217 firmare
2098 1163 2294 1227 ausim,
2324 1162 2635 1219 Nemesium
2676 1172 2921 1218 nostrum
2956 1164 3154 1220 Basilio
3186 1177 3234 1221 et
3285 1166 3416 1221 Gre-

1831 1254 1980 1322 gorio
2025 1252 2372 1308 Nazianzeno
2409 1255 2645 1307 amicitia
2684 1253 3175 1323 conjunctissimum
3224 1258 3413 1325 fuisse,

1831 1341 1919 1394 cni
1940 1357 2139 1409 nempe,
2165 1341 2358 1411 inquit,
2382 1341 2729 1397 philocaliam
2754 1359 2902 1397 snam
2925 1356 3291 1414 nuncuparunt
3328 1348 3413 1418 (t).

1832 1431 1990 1486 Aliud
2037 1434 2295 1487 nimirum
2340 1432 2531 1501 agebat
2582 1448 2632 1487 v.
2675 1447 2728 1489 c.
2780 1432 2907 1487 dum
2949 1434 3066 1490 baec
3134 1437 3415 1493 scriberet.

1834 1521 2017 1593 Neque
2046 1523 2190 1579 enim
2224 1522 2472 1579 Nemesin
2502 1524 2790 1592 Emesena,
2824 1525 2918 1579 sed
2961 1524 3250 1581 Theodoro
3281 1528 3419 1600 Tya-

1832 1616 1989 1671 nensi
2020 1617 2275 1687 episcopo
2312 1631 2343 1671 a
2389 1616 2591 1672 Basilio
2634 1626 2689 1671 et
2714 1616 2978 1689 Gregorio
3010 1618 3180 1673 fuisse
3224 1621 3420 1675 iuscri-

1834 1715 2002 1775 ptam,
2035 1707 2117 1760 vel
2160 1706 2340 1776 potius
2383 1706 2451 1762 ad
2482 1708 2629 1763 hunc
2666 1708 2984 1779 simpliciter
3019 1710 3238 1766 missam
3280 1709 3414 1765 Plu·-

155 1817 397 1873 tempore
426 1818 532 1872 quo
571 1802 624 1857 in
672 1803 929 1856 cathedra
969 1801 1234 1855 Emesena
1291 1800 1490 1854 sederit
1538 1798 1731 1852 Neme-
1763 1821 1805 1874 B
1834 1796 2081 1852 localium
2112 1798 2517 1869 Origenianam,
2556 1816 2624 1856 ex
2655 1804 2843 1856 eodem
2885 1800 3229 1858 Nazianzeno
3260 1805 3417 1859 intel-

152 1893 301 1959 sius;
342 1892 636 1946 observare
673 1891 906 1959 primum
934 1890 1138 1959 iuverit
1172 1905 1293 1945 cum
1328 1889 1536 1944 editore
1582 1887 1726 1944 Oxo-

152 1984 365 2048 niensi,
399 1984 697 2038 antistitem
748 1992 992 2037 nostrum
1032 1997 1093 2037 ea
1143 1991 1464 2051 tempestate
1507 1981 1725 2046 vixisse,

152 2092 259 2147 qua
295 2075 549 2131 Ecclesiae
584 2089 774 2144 pacem
805 2074 1098 2129 turbabant
1126 2072 1510 2143 Apollinarius,
1543 2071 1727 2127 Eune·-

152 2169 294 2223 mius
341 2174 503 2236 atque
542 2164 885 2235 Origenistae.
931 2165 1000 2219 Et
1038 2165 1105 2219 de
1134 2162 1469 2233 Apollinario
1512 2165 1728 2232 quidem

150 2260 313 2317 verba
366 2258 572 2313 iaciens
627 2257 912 2313 Nemesius
965 2258 1067 2313 sub
1111 2257 1304 2327 Toperis
1352 2255 1565 2311 initium
1625 2254 1721 2330 (c),

153 2354 328 2423 ipsum
373 2351 628 2420 deinceps
679 2350 921 2406 studiose
966 2350 1167 2406 refellit
1208 2350 1306 2421 (d).
1361 2350 1504 2405 Alibi
1549 2361 1728 2406 autem

154 2455 341 2501 contra
395 2443 720 2498 Eunomium
766 2442 942 2512 palam
989 2442 1226 2512 disputat
1275 2442 1382 2512 (e);
1437 2457 1596 2511 quem
1648 2442 1732 2496 ni-

159 2536 352 2590 mirum
391 2551 421 2589 a
454 2534 740 2603 praecipuis
775 2535 947 2602 quarti
994 2534 1174 2588 saeculi
1212 2532 1468 2588 Ecclesiae
1499 2534 1732 2603 scripto-

163 2627 334 2689 ribus,
372 2623 568 2679 Basilio
593 2625 890 2694 praesertim
922 2634 975 2678 et
1005 2633 1233 2692 utroque
1255 2622 1542 2693 Gregorio,
1565 2623 1732 2679 fuisse

160 2720 523 2787 impugnatum
544 2730 704 2771 nemo
733 2715 924 2769 nescit.
968 2713 1396 2785 Origenistarum
1425 2725 1605 2770 autem
1648 2716 1733 2770 in-

158 2806 365 2859 somnia
382 2805 450 2857 de
467 2804 769 2858 animarum
797 2804 1055 2858 descensu
1072 2818 1134 2857 ac
1161 2804 1631 2874 transmigratione
1653 2816 1732 2860 ta·

155 2896 261 2949 uite
277 2896 880 2964 primum,postmodum
910 2909 1035 2948 vero
1051 2896 1389 2963 apertissime
1413 2898 1619 2968 respuit
1640 2898 1730 2969 (1).

157 2987 311 3053 Quod
352 2986 397 3040 si
454 2983 738 3041 Nemesius
805 2984 931 3039 dum
995 2985 1281 3040 creationis
1342 3000 1478 3053 opus
1533 3002 1732 3042 secuu-

160 3081 286 3132 dum
320 3077 727 3146 Scripturarum
751 3076 961 3146 eloquia
990 3091 1249 3132 enarrare
1275 3079 1496 3147 satagit,
1525 3079 1732 3133 anima·

1829 1890 2044 1961 ligimus
2075 1890 2190 1963 (m).
2228 1892 2342 1947 Sub
2369 1892 2510 1947 idem
2544 1900 2757 1962 tempus
2790 1892 3067 1949 enimvero
3098 1894 3194 1949 fuit
3227 1893 3418 1951 Neme-

1829 1981 1942 2037 sius
1972 1982 2191 2052 quidam
2223 1982 2469 2052 Gregorii
2503 1983 2837 2039 Nazianzeni
2868 1984 3175 2049 familiaris,
3206 1987 3419 2058 Cappa·

1831 2074 2001 2130 dociae
2041 2073 2327 2145 prael'ectus
2368 2087 2529 2145 atque
2558 2092 2588 2129 a
2619 2076 2836 2131 Christo
2863 2076 3071 2133 alienus
3094 2118 3109 2143 ,
3153 2082 3221 2133 ad
3254 2095 3417 2149 quem

1829 2176 2044 2222 exstant
2067 2176 2301 2238 quatuor
2346 2167 2590 2238 ejusdem
2639 2166 2973 2226 Nazianzeni
3024 2171 3269 2239 epistolae
3312 2172 3417 2244 (n),

1830 2267 1884 2314 et
1916 2274 2134 2313 carmen
2164 2257 2295 2313 satis
2325 2257 2591 2326 prolixum
2620 2258 2699 2331 (ο)
2726 2274 2833 2329 quo
2876 2260 2945 2315 ab
2972 2260 3298 2319 idololatriae
3333 2279 3421 2319 ra-

1835 2349 2008 2403 nitate
2042 2350 2218 2420 ipsum
2259 2364 2487 2405 avocare
2514 2349 2696 2404 studet
2722 2365 2739 2406 :
2768 2366 2928 2421 quem
2957 2360 3134 2407 tamen
3160 2355 3229 2409 ab
3253 2355 3417 2410 Eme-

1831 2454 1963 2494 seno
1999 2439 2437 2510 distinguendum
2468 2453 2589 2494 esse
2627 2439 2909 2523 Fabricius
2945 2441 3023 2513 (p)
3057 2444 3258 2515 aliique
3292 2461 3420 2501 con·

1814 2526 2086 2585 tendunt.
2114 2529 2275 2599 Atqui
2309 2531 2451 2586 haud
2490 2530 2650 2601 longe
2684 2546 2713 2585 a
2754 2547 2880 2586 vero
2904 2536 3092 2590 abesse
3124 2545 3276 2605 putat
3306 2537 3417 2594 Til·

1835 2621 2125 2677 lemontius
2150 2617 2254 2693 (q),
2278 2623 2324 2677 si
2352 2623 2477 2693 quis
2502 2622 2812 2678 Nemesium
2838 2624 3162 2681 Nazianzeni
3185 2628 3422 2688 amicum

1833 2712 1927 2782 qui
1953 2712 2308 2783 Cappadociae
2339 2714 2653 2785 prael'ectum
2683 2714 2918 2785 agebat,
2944 2715 3070 2772 libri
3102 2715 3181 2770 De
3219 2728 3422 2774 natura

1833 2803 2060 2859 leontinis
2084 2815 2363 2860 auctorem
2391 2805 2688 2861 existimet.
2721 2804 2895 2872 Quam
2930 2821 3064 2862 sane
3089 2808 3415 2864 sententiam

1835 2893 1907 2948 ita
1937 2893 2238 2951 luculenter
2266 2896 2488 2965 exponit
2509 2896 2687 2951 editor
2716 2895 3039 2952 oxoniensis
3072 2896 3144 2969 (r)
3194 2913 3208 2950 :
3260 2917 3279 2950 ι
3311 2895 3424 2954 Bil-

1835 2984 1961 3052 liuS,
1974 3005 1992 3038 ι
2014 2987 2209 3058 inquit,
2240 3006 2265 3039 ‹
2294 2987 2461 3043 etalii
2485 2988 2726 3043 nonnulli
2754 2989 2979 3043 minime
3006 2989 3298 3046 verisimile
3320 3006 3423 3061 pu·

1839 3086 1976 3143 tant,
2006 3078 2364 3150 Cappadociae
2395 3080 2739 3149 praesectum,
2765 3082 3038 3138 hominem
3062 3082 3247 3141 saeculi
3272 3086 3421 3141 curis

159 3186 274 3223 rum
306 3169 790 3237 praeexsistentiam
827 3168 1019 3223 doceat
1048 3167 1154 3238 (9),
1177 3184 1300 3224 eum
1326 3170 1540 3224 demum
1575 3185 1733 3226 secu·
1761 3158 1805 3217 C
1839 3167 2113 3223 addictum
2143 3179 2199 3224 et
2227 3184 2258 3222 a
2304 3169 2619 3226 Christiana
2643 3172 2849 3249 pietate
2880 3142 3140 3240 alienum,
3174 3184 3270 3229 aut
3296 3176 3416 3245 epi·

158 3263 270 3316 rius
309 3260 479 3315 fnisse
521 3260 781 3322 locutum,
817 3268 872 3311 ut
918 3259 1100 3328 phrasi
1151 3259 1569 3343 Augustiniaaa-
1587 3269 1771 3335 utar,
1770 3324 1803 3335 υ
1822 3264 2090 3327 neopum-
2105 3259 2249 3325 tleri,
2247 3266 2374 3314 tut
2413 3259 2615 3315 librum
2648 3259 2954 3316 istiusmodi
2988 3262 3163 3330 qualis
3200 3265 3288 3320 hie
3321 3281 3421 3319 no·
3455 3297 3465 3304 -

154 3354 584 3410 existimaverim
624 3351 908 3419 equidem3
944 3365 1066 3407 cum
1118 3351 1421 3422 praesertim
1454 3360 1508 3408 et
1537 3366 1602 3406 eo
1647 3366 1737 3407 ve·

159 3448 415 3502 tectiores
447 3444 641 3501 Patres
670 3444 744 3497 ita
789 3457 1005 3512 quoque
1053 3442 1255 3496 suerint
1295 3442 1485 3504 locuti,
1529 3442 1738 3498 Pierius

159 3539 553 3595 Alexandrinus
580 3535 680 3606 (h),
726 3535 1029 3588 methodius
1055 3534 1116 3604 (i)
1144 3534 1361 3602 aliique.
1391 3534 1566 3586 Aliter
1594 3534 1735 3586 enim

164 3628 344 3696 procul
371 3627 534 3682 dubio
573 3626 876 3680 censuisset
907 3636 1088 3678 noster
1117 3634 1325 3686 auctor,
1360 3638 1423 3675 ac
1453 3623 1740 3694 προϋπάρ-

171 3717 305 3780 iem:
348 3718 536 3784 dogma
572 3716 963 3785 Origeuianum
1012 3715 1398 3785 impugnasset.
1437 3717 1479 3769 si
1527 3731 1742 3784 perspe-

184 3819 328 3860 ctum
398 3807 671 3862 habuisset
739 3807 1055 3874 'hujusmodi
1122 3807 1298 3875 tungni
1351 3806 1556 3861 Leonis
1613 3805 1743 3860 effa-

185 3909 290 3950 tum
316 3897 379 3968 (j)
415 3916 430 3953 ε
457 3898 726 3952 Catholica
754 3900 904 3967 fides,
944 3899 1134 3967 inquit.
1163 3907 1463 3952 constanter
1487 3899 1740 3965 praedicat

177 4000 326 4058 atque
369 3993 637 4056 veraciter,
678 3992 816 4059 quod
848 3992 1039 4043 anima?
1078 3991 1368 4053 hominnm,
1435 3989 1743 4059 prinsquam

171 4082 553 4150 inspirarentur
577 4085 899 4148 corporibus,
948 4099 1047 4135 non
1088 4082 1250 4150 suere,
1282 4098 1372 4135 nec
1401 4082 1466 4135 ab
1512 4081 1619 4135 alio
1663 4082 1746 4135 t‘n-

169 4184 518 4240 corporantur
568 4175 669 4228 nisi
713 4179 775 4226 ab
809 4174 990 4242 opifice
1025 4174 1149 4236 Deo,
1192 4174 1280 4243 qni
1313 4185 1357 4227 et
1390 4175 1623 4237 ipsarum
1667 4186 1740 4226 est

168 4274 378 4317 creator
411 4275 460 4318 et
505 4283 804 4334 corporum.
848 4266 1247 4319 Advertendttm
1293 4275 1550 4334 praeterea
1604 4264 1742 4319 scri·

170 4355 345 4424 psisse
388 4354 693 4412 Nemesium
755 4366 877 4411 aute
928 4356 1160 4410 Nestorii
1217 4366 1377 4425 atque
1431 4356 1744 4427 Eutychetis

172 4453 436 4514 tempora,
462 4457 520 4501 ut
549 4447 788 4517 pluribus
813 4448 989 4515 arguit
1012 4446 1185 4500 editor
1209 4446 1535 4500 oxoniensis
1569 4465 1583 4501 ι
1610 4447 1739 4514 quin

167 4548 227 4589 et
257 4548 386 4591 ante
413 4537 709 4608 Pelagium,
747 4554 870 4592 cum
902 4540 953 4590 in
983 4537 1185 4607 prolixa
1212 4538 1278 4591 de
1310 4538 1479 4592 libero
1515 4538 1743 4590 arbitrio

168 4627 537 4698 disputatione
591 4631 666 4701 (Ιι)
722 4630 1096 4700 pelagianismi
1147 4631 1474 4684 mentionem
1525 4644 1748 4698 prorsus

170 4933 317 5058 ¹5ga)
358 4931 530 4988 Moses
560 4931 644 4995 8.,
695 4932 767 4986 De
802 4933 1013 5000 parad„
1061 4945 1179 5000 pag.
1216 4928 1284 4983 55
1308 4925 1434 4980 edit.
1468 4928 1743 4998 Autwerp.

243 5005 333 5140 (ἓ).
368 5071 658 5126 Montsaur.
689 5071 826 5127 Bibl.
864 5069 1053 5134 GoisL,
1087 5065 1356 5138 pagate.

247 5142 318 5211 (c)
361 5141 574 5197 Nemes.
610 5142 684 5196 Dc
717 5150 827 5196 nat.
863 5141 1029 5204 Ιιοιιι..
1057 5154 1176 5208 cap.
1209 5139 1256 5192 1.

245 5214 323 5282 (d)
365 5211 442 5264 ld.
469 5213 622 5273 ibid..
658 5229 779 5281 cap.
810 5212 867 5265 2.

271 5281 322 5352 c)
362 5282 439 5336 ld.
482 5281 611 5335 ibid.
622 5297 779 5349 ,cap.
815 5281 867 5335 3.

275 5352 319 5421 Ῑ)
362 5352 437 5406 td.
470 5352 623 5416 ibid„
664 5368 762 5419 cap
768 5352 870 5416 .‚2
906 5351 959 5404 5.

270 5420 432 5491 altu.
459 5421 614 5485 ibid..
649 5438 768 5490 cap.
801 5421 856 5475 Ξ.

170 5492 324 5617 28Ιι)
364 5490 507 5547 Pier.
544 5493 696 5546 Alex.
728 5493 870 5561 apud
897 5489 1062 5545 Pbot.
1093 5488 1230 5542 Bibe.
1267 5490 1392 5544 cod.
1421 5501 1572 5550 cxix,
1620 5501 1740 5555 ρης.

249 5632 309 5702 (i)
350 5630 585 5685 blethod.
618 5629 828 5685 Conciti.
857 5630 989 5699 virg.
1029 5638 1167 5684 or.at
1200 5643 1259 5693 ιι,
1293 5625 1404 5698 55.
1441 5625 1527 5696 [Τ.
1581 5623 1740 5680 xvut

173 5712 380 5757 nosttae
407 5700 547 5754 Pibl.
582 5699 698 5754 PP.
708 5699 724 5771 l

249 5769 318 5844 (j)
360 5770 559 5836 L··,ol
594 5772 748 5840 epist.
786 5785 873 5834 xv,
905 5770 970 5824 ad
1014 5767 1256 5831 Turrib.,
1291 5781 1411 5836 cap.
1455 5765 1550 5833 10,
1579 5763 1716 5835 opp.

1839 3357 1954 3405 ster
1978 3356 2063 3404 est
2089 3350 2180 3419 qui
2210 3365 2321 3421 prae
2348 3349 2597 3406 manibus
2631 3351 2883 3417 habetur,
2921 3352 3224 3420 scripsisse.
3264 3354 3415 3421 Quod

1844 3452 2025 3496 autem
2066 3443 2131 3496 ad
2183 3445 2563 3513 praesecturatn
2615 3446 2812 3498 attinet
2856 3453 2912 3497 et
2954 3459 3147 3497 nornen
3201 3446 3424 3501 Christo

1845 3535 2083 3588 nondum
2116 3535 2321 3601 datum,
2355 3536 2512 3591 facile
2541 3537 2645 3589 erit
2686 3551 2980 3603 reponere;
3015 3552 3124 3590 rem
3155 3552 3272 3591 cam
3316 3556 3420 3591 nou

1843 3625 1976 3679 adeo
2008 3625 2379 3680 incredibilem
2409 3627 2579 3680 videri
2620 3627 2686 3681 iis
2715 3628 2804 3696 qui
2842 3629 3109 3692 noverint,
3140 3629 3326 3699 quales
3358 3645 3424 3686 eo

1843 3713 1962 3780 ipso
2010 3712 2063 3766 in
2119 3713 2320 3768 saeculo
2370 3712 2594 3770 fuerunt
2632 3716 2988 3779 Ambrosius,
3035 3716 3316 3772 Nectarius
3368 3731 3424 3774 et

1848 3802 2143 3873 Syuesius,
2192 3818 2315 3857 cum
2354 3804 2421 3857 ad
2459 3805 2618 3860 sedes
2651 3820 2777 3860 suas
2812 3816 3279 3873 promoverentur.
3314 3807 3424 3862 Nee
3462 3843 3466 3847 »

1845 3903 1994 3948 certe
2028 3894 2306 3948 Nemesius
2343 3905 2528 3949 noster
2559 3896 2732 3950 sacris
2768 3895 2952 3951 infulis
2977 3888 3236 3967 indignus
3264 3913 3424 3968 pror-

1845 3999 1941 4040 sus
1970 3986 2275 4052 habebitur,
2311 3987 2401 4058 qui
2453 4002 2484 4042 a
2529 3987 2806 4056 Theologo
2855 3989 3137 4059 Gregorio,
3189 3992 3422 4059 philoso-

1844 4078 2002 4144 pliioe,
2043 4080 2338 4149 probitatis,
2359 4082 2612 4149 justitiae,
2649 4085 2896 4137 amicitiae
2931 4085 3146 4138 demum
3182 4086 3423 4148 nomine.

1849 4182 1956 4223 nou
2016 4172 2175 4224 modo
2227 4171 2461 4236 laudari,
2505 4175 2597 4226 sed
2645 4188 2766 4228 cum
2808 4175 3151 4229 veneratione
3191 4176 3422 4243 quadam

1849 4260 2048 4327 suspici
2078 4272 2239 4330 atque
2272 4262 2375 4316 coli
2422 4272 2691 4317 meruerat
2732 4282 2745 4317 ε
2788 4278 2947 4332 quem
2975 4265 3138 4316 etiam
3167 4274 3425 4333 utcunque

1848 4346 1973 4399 olim
2005 4349 2391 4413 charissimum,
2429 4351 2595 4420 ntaqt's
2623 4352 2908 4405 etiamnum
2932 4349 3148 4404 charum
3187 4352 3427 4420 [uturum

1849 4438 2064 4508 ejusque
2095 4440 2268 4492 animo
2297 4441 2503 4509 penitus
2546 4456 2639 4494 cen
2676 4441 2920 4494 columna
2968 4457 3103 4494 terea
3138 4443 3426 4495 inscriben-

1783 4509 1824 4562 D
1861 4531 1989 4581 dum
2030 4531 2255 4597 spondet
2302 4531 2393 4602 (ι),
2430 4530 2620 4601 ἐπειδὴ
2661 4531 2727 4584 ἂν
2756 4531 2913 4601 γένῃ,
2949 4530 3086 4584 Θεοῦ
3116 4532 3209 4584 καὶ
3243 4530 3428 4599 σαφῶς

1854 4623 2151 4696 ἡμέτερος·
2187 4626 2412 4692 scilicet,
2444 4642 2566 4681 eunt
2595 4626 2780 4694 pietati
2810 4625 3136 4681 Christianae
3162 4641 3220 4681 se
3253 4635 3421 4680 totum

1853 4939 1987 4987 ῑοιιι.
2014 4931 2054 4994 Ι,
2082 4945 2203 5000 pag.
2238 4933 2343 4987 703
2372 4934 2500 4989 edit.
2529 4933 2725 4989 Baller.

1946 5000 1999 5067 Ιι)
2040 4949 2277 5068 Nemes„
2305 5019 2425 5072 cap.
2456 5004 2545 5070 59,
2577 5003 2665 5069 40,
2701 5003 2789 5057 tt.

1947 5042 2409 5140 1)Lequien.0r.
2454 5074 2834 5135 Christ„tont.
2870 5068 2931 5135 tl,
2967 5085 3088 5140 pag.
3125 5069 3250 5126 840.

1949 5142 2020 5205 m)
2059 5141 2221 5210 Greg.
2261 5142 2390 5196 Naz.
2419 5145 2574 5213 epist.
2607 5157 2822 5197 cxxxvii
2854 5139 3039 5213 [nunc
3073 5141 3218 5213 cxi-,1

1947 5212 2001 5280 ιι)
2041 5212 2116 5266 ld.
2164 5213 2323 5280 epist.
2378 5213 2467 5276 79,
2518 5213 2643 5279 183,
2696 5213 2816 5277 181»,
2865 5211 2969 5266 185
3014 5209 3199 5282 [ιιιιιιο
3246 5224 3429 5279 cxcix,

1850 5279 2377 5353 cxcv111,cc‚cct].

1856 5420 1926 5472 ¹⁰
1954 5320 2126 5491 1²)]1’d.
2156 5365 2326 5407 carm.
2363 5366 2452 5406 ut
2498 5350 2691 5424 [nunc
2735 5365 2833 5416 vu,
2865 5349 2959 5405 lib.
2994 5365 3054 5418 ιι,
3094 5359 3230 5406 sect.
3268 5349 3327 5413 2,
3374 5366 3431 5418 p.

1924 5488 2254 5558 (p)Fabric.
2307 5491 2446 5545 Bitu.
2496 5489 2591 5545 Gr.
2638 5499 2769 5545 tom.
2815 5489 2925 5557 vlt,
2980 5504 3100 5561 pag.
3138 5491 3263 5546 519.
3304 5488 3429 5557 [Eu.

1855 5504 2159 5624 llarleslx‚
2193 5559 2318 5614 504.
2336 5559 2355 5630 Ῑ

1923 5630 1999 5698 (qi
2038 5629 2249 5682 'sillem
2265 5629 2421 5685 Μέιιι.
2471 5629 2619 5693 eccl..
2682 5639 2812 5684 tom.
2850 5627 2941 5695 lx,
2976 5644 3100 5700 pag.
3136 5629 3261 5694 511,
3297 5624 3424 5682 607.

1926 5701 1997 5769 (ι)
2033 5698 2207 5755 Oxou.
2233 5701 2448 5755 Praesat.
2480 5703 2547 5756 ad
2581 5700 2792 5756 Nemes.
2823 5714 2944 5769 pag.

1930 5772 2001 5840 (a)
2041 5769 2204 5840 Gr=.tg
2245 5769 2371 5826 Nat.
2400 5773 2561 5843 epist.
2593 5784 2826 5828 cmxxxiv
2855 5766 3020 5840 [nunc
3043 5763 3155 5837 cel.
