<?xml version="1.0" encoding="UTF-8"?>
<!DOCTYPE html PUBLIC "-//W3C//DTD XHTML 1.0 Transitional//EN"
    "http://www.w3.org/TR/xhtml1/DTD/xhtml1-transitional.dtd">
<html xmlns="http://www.w3.org/1999/xhtml" xml:lang="en" lang="en">
 <head>
  <title>
</title>
<meta http-equiv="Content-Type" content="text/html;charset=utf-8" />
  <meta name='ocr-system' content='tesseract 3.04.00' />
  <meta name='ocr-capabilities' content='ocr_page ocr_carea ocr_par ocr_line ocrx_word'/>
</head>
<body>
  <div class='ocr_page' id='page_1' title='image "./patrologicursus103migngoog/patrologicursus103migngoog_0100.png"; bbox 0 0 3725 6125; ppageno 0'>
   <div class='ocr_carea' id='block_1_1' title="bbox 319 307 3592 374">
    <p class='ocr_par' dir='ltr' id='par_1_1' title="bbox 319 307 3592 374">
     <span class='ocr_line' id='line_1_1' title="bbox 319 307 3592 374; baseline -0.003 -2"><span class='ocrx_word' id='word_1_1' title='bbox 319 314 418 374; x_wconf 64' lang='lat'>29¹</span> <span class='ocrx_word' id='word_1_2' title='bbox 1595 311 1652 368; x_wconf 89' lang='lat' dir='ltr'>S.</span> <span class='ocrx_word' id='word_1_3' title='bbox 1696 308 1970 367; x_wconf 69' lang='lat' dir='ltr'>Astssntt</span> <span class='ocrx_word' id='word_1_4' title='bbox 2006 307 2347 367; x_wconf 66' lang='lat' dir='ltr'>suaset-tt..</span> <span class='ocrx_word' id='word_1_5' title='bbox 3469 308 3592 365; x_wconf 60' lang='lat' dir='ltr'>19ss</span> 
     </span>
    </p>
   </div>
   <div class='ocr_carea' id='block_1_2' title="bbox 313 420 3582 1861">
    <p class='ocr_par' dir='ltr' id='par_1_2' title="bbox 313 420 3582 1670">
     <span class='ocr_line' id='line_1_2' title="bbox 317 420 3582 498; baseline -0.002 -14"><span class='ocrx_word' id='word_1_6' title='bbox 317 430 488 498; x_wconf 84' lang='lat' dir='ltr'>flagra</span> <span class='ocrx_word' id='word_1_7' title='bbox 510 440 524 493; x_wconf 85' lang='lat'>;</span> <span class='ocrx_word' id='word_1_8' title='bbox 562 442 669 483; x_wconf 88' lang='lat' dir='ltr'>non</span> <span class='ocrx_word' id='word_1_9' title='bbox 723 427 1011 482; x_wconf 89' lang='lat' dir='ltr'>obscurum</span> <span class='ocrx_word' id='word_1_10' title='bbox 1072 424 1400 491; x_wconf 89' lang='lat' dir='ltr'>pistrinum;</span> <span class='ocrx_word' id='word_1_11' title='bbox 1451 438 1558 479; x_wconf 86' lang='lat' dir='ltr'>non</span> <span class='ocrx_word' id='word_1_12' title='bbox 1613 424 1897 493; x_wconf 76' lang='lat' dir='ltr'>compedes</span> <span class='ocrx_word' id='word_1_13' title='bbox 1924 427 1973 486; x_wconf 76' lang='grc' dir='ltr'><strong>Α</strong></span> <span class='ocrx_word' id='word_1_14' title='bbox 2000 438 2133 486; x_wconf 87' lang='grc' dir='ltr'><strong>νιον,</strong></span> <span class='ocrx_word' id='word_1_15' title='bbox 2163 420 2363 475; x_wconf 74' lang='grc' dir='ltr'><strong>οὔποτε</strong></span> <span class='ocrx_word' id='word_1_16' title='bbox 2401 424 2552 492; x_wconf 73' lang='grc' dir='ltr'><strong>φανεῖ</strong></span> <span class='ocrx_word' id='word_1_17' title='bbox 2574 423 3065 495; x_wconf 77' lang='grc' dir='ltr'><strong>καταυγαζόμενον,</strong></span> <span class='ocrx_word' id='word_1_18' title='bbox 3113 423 3207 478; x_wconf 75' lang='grc' dir='ltr'>καὶ</span> <span class='ocrx_word' id='word_1_19' title='bbox 3249 425 3280 478; x_wconf 85' lang='grc' dir='ltr'><strong>ό</strong></span> <span class='ocrx_word' id='word_1_20' title='bbox 3328 422 3582 497; x_wconf 76' lang='grc' dir='ltr'><strong>βρυγμὸς</strong></span> 
     </span>
     <span class='ocr_line' id='line_1_3' title="bbox 319 513 3581 587; baseline -0.002 -12"><span class='ocrx_word' id='word_1_21' title='bbox 319 519 551 585; x_wconf 75' lang='lat' dir='ltr'>serreae;</span> <span class='ocrx_word' id='word_1_22' title='bbox 589 519 681 573; x_wconf 87' lang='lat' dir='ltr'>sed</span> <span class='ocrx_word' id='word_1_23' title='bbox 707 518 846 587; x_wconf 81' lang='lat' dir='ltr'>ignis</span> <span class='ocrx_word' id='word_1_24' title='bbox 873 514 1346 583; x_wconf 72' lang='lat' dir='ltr'>inexstingnibiliS,</span> <span class='ocrx_word' id='word_1_25' title='bbox 1377 514 1468 569; x_wconf 83' lang='lat' dir='ltr'>sed</span> <span class='ocrx_word' id='word_1_26' title='bbox 1505 513 1736 570; x_wconf 63' lang='lat' dir='ltr'>tenebrae</span> <span class='ocrx_word' id='word_1_27' title='bbox 1765 529 1891 583; x_wconf 88' lang='lat' dir='ltr'>per·</span> <span class='ocrx_word' id='word_1_28' title='bbox 1999 513 2108 568; x_wconf 83' lang='grc' dir='ltr'>τῶν</span> <span class='ocrx_word' id='word_1_29' title='bbox 2138 513 2384 575; x_wconf 85' lang='grc' dir='ltr'><strong>ὀδόντων,</strong></span> <span class='ocrx_word' id='word_1_30' title='bbox 2410 513 2469 568; x_wconf 81' lang='grc' dir='ltr'>ὃν</span> <span class='ocrx_word' id='word_1_31' title='bbox 2498 515 2688 584; x_wconf 81' lang='grc' dir='ltr'>σαφῶς</span> <span class='ocrx_word' id='word_1_32' title='bbox 2713 516 2847 587; x_wconf 69' lang='grc' dir='ltr'><strong>ἡμῖν</strong></span> <span class='ocrx_word' id='word_1_33' title='bbox 2888 514 2952 569; x_wconf 74' lang='grc' dir='ltr'><strong>τὸ</strong></span> <span class='ocrx_word' id='word_1_34' title='bbox 2982 515 3318 585; x_wconf 76' lang='grc' dir='ltr'><strong>Εὐαγγέλιον</strong></span> <span class='ocrx_word' id='word_1_35' title='bbox 3341 516 3581 587; x_wconf 63' lang='grc' dir='ltr'><strong>προεδη-</strong></span> 
     </span>
     <span class='ocr_line' id='line_1_4' title="bbox 319 597 3579 681; baseline 0.001 -16"><span class='ocrx_word' id='word_1_36' title='bbox 319 620 519 681; x_wconf 79' lang='lat' dir='ltr'>petuae.</span> <span class='ocrx_word' id='word_1_37' title='bbox 550 609 798 677; x_wconf 87' lang='lat' dir='ltr'>nullaque</span> <span class='ocrx_word' id='word_1_38' title='bbox 822 608 957 662; x_wconf 88' lang='lat' dir='ltr'>lucis</span> <span class='ocrx_word' id='word_1_39' title='bbox 1007 606 1408 675; x_wconf 74' lang='lat' dir='ltr'>intercapedine</span> <span class='ocrx_word' id='word_1_40' title='bbox 1444 606 1742 669; x_wconf 83' lang='lat' dir='ltr'>distinctae;</span> <span class='ocrx_word' id='word_1_41' title='bbox 1796 607 1890 661; x_wconf 88' lang='lat' dir='ltr'>sed</span> <span class='ocrx_word' id='word_1_42' title='bbox 1999 601 2189 656; x_wconf 78' lang='grc' dir='ltr'><strong>λωσεν.</strong></span> <span class='ocrx_word' id='word_1_43' title='bbox 2230 601 2293 653; x_wconf 77' lang='grc' dir='ltr'>ΕΙ</span> <span class='ocrx_word' id='word_1_44' title='bbox 2336 601 2435 672; x_wconf 76' lang='grc' dir='ltr'><strong>μὲν</strong></span> <span class='ocrx_word' id='word_1_45' title='bbox 2463 597 2558 656; x_wconf 77' lang='grc' dir='ltr'>οὖν</span> <span class='ocrx_word' id='word_1_46' title='bbox 2594 602 2850 657; x_wconf 73' lang='grc' dir='ltr'><strong>οὐδέποτε</strong></span> <span class='ocrx_word' id='word_1_47' title='bbox 2880 601 2988 658; x_wconf 64' lang='grc' dir='ltr'><strong>τῶν</strong></span> <span class='ocrx_word' id='word_1_48' title='bbox 3024 602 3277 670; x_wconf 52' lang='lat' dir='ltr'>hamc,</span> <span class='ocrx_word' id='word_1_49' title='bbox 3309 603 3387 668; x_wconf 72' lang='grc' dir='ltr'>ὥς</span> <span class='ocrx_word' id='word_1_50' title='bbox 3414 604 3579 659; x_wconf 69' lang='grc' dir='ltr'><strong>ἄλλο·</strong></span> 
     </span>
     <span class='ocr_line' id='line_1_5' title="bbox 319 689 3577 765; baseline -0.002 -10"><span class='ocrx_word' id='word_1_51' title='bbox 319 701 525 756; x_wconf 78' lang='lat' dir='ltr'>stridor</span> <span class='ocrx_word' id='word_1_52' title='bbox 545 699 802 763; x_wconf 86' lang='lat' dir='ltr'>dentium,</span> <span class='ocrx_word' id='word_1_53' title='bbox 836 697 1001 765; x_wconf 89' lang='lat' dir='ltr'>ipsius</span> <span class='ocrx_word' id='word_1_54' title='bbox 1030 698 1184 752; x_wconf 89' lang='lat' dir='ltr'>nobis</span> <span class='ocrx_word' id='word_1_55' title='bbox 1235 695 1507 765; x_wconf 80' lang='lat' dir='ltr'>Evangelii</span> <span class='ocrx_word' id='word_1_56' title='bbox 1558 695 1735 763; x_wconf 88' lang='lat' dir='ltr'>palam</span> <span class='ocrx_word' id='word_1_57' title='bbox 1763 694 1889 749; x_wconf 88' lang='lat' dir='ltr'>olim</span> <span class='ocrx_word' id='word_1_58' title='bbox 1996 691 2181 762; x_wconf 76' lang='grc' dir='ltr'><strong>τρίων,</strong></span> <span class='ocrx_word' id='word_1_59' title='bbox 2210 689 2467 762; x_wconf 82' lang='grc' dir='ltr'><strong>ἐκδάλλῃ,</strong></span> <span class='ocrx_word' id='word_1_60' title='bbox 2498 693 2915 764; x_wconf 81' lang='grc' dir='ltr'><strong>κατατρύφησον</strong></span> <span class='ocrx_word' id='word_1_61' title='bbox 2938 691 3033 746; x_wconf 89' lang='grc' dir='ltr'>τοῦ</span> <span class='ocrx_word' id='word_1_62' title='bbox 3058 692 3287 764; x_wconf 78' lang='grc' dir='ltr'>κόσμου,</span> <span class='ocrx_word' id='word_1_63' title='bbox 3314 692 3413 747; x_wconf 72' lang='grc' dir='ltr'>καὶ</span> <span class='ocrx_word' id='word_1_64' title='bbox 3433 694 3577 764; x_wconf 73' lang='grc' dir='ltr'><strong>μετὰ</strong></span> 
     </span>
     <span class='ocr_line' id='line_1_6' title="bbox 321 780 3578 859; baseline -0.002 -14"><span class='ocrx_word' id='word_1_65' title='bbox 321 789 627 859; x_wconf 84' lang='lat' dir='ltr'>designatus</span> <span class='ocrx_word' id='word_1_66' title='bbox 661 786 967 842; x_wconf 87' lang='lat' dir='ltr'>testimonio</span> <span class='ocrx_word' id='word_1_67' title='bbox 987 787 1058 841; x_wconf 81' lang='lat'>¹⁸.</span> <span class='ocrx_word' id='word_1_68' title='bbox 1098 784 1250 852; x_wconf 85' lang='lat' dir='ltr'>Quod</span> <span class='ocrx_word' id='word_1_69' title='bbox 1280 785 1325 840; x_wconf 82' lang='lat' dir='ltr'>si</span> <span class='ocrx_word' id='word_1_70' title='bbox 1363 796 1633 854; x_wconf 85' lang='lat' dir='ltr'>nunquam</span> <span class='ocrx_word' id='word_1_71' title='bbox 1663 783 1892 840; x_wconf 78' lang='lat' dir='ltr'>terrenis</span> <span class='ocrx_word' id='word_1_72' title='bbox 1997 782 2175 850; x_wconf 84' lang='grc' dir='ltr'>πάσης</span> <span class='ocrx_word' id='word_1_73' title='bbox 2204 780 2508 853; x_wconf 74' lang='grc' dir='ltr'><strong>αἰσθήσεως</strong></span> <span class='ocrx_word' id='word_1_74' title='bbox 2537 783 2813 838; x_wconf 79' lang='grc' dir='ltr'><strong>ἀκώλυτον</strong></span> <span class='ocrx_word' id='word_1_75' title='bbox 2848 783 2987 852; x_wconf 72' lang='grc' dir='ltr'><strong>ἄφες</strong></span> <span class='ocrx_word' id='word_1_76' title='bbox 3018 784 3118 855; x_wconf 68' lang='grc' dir='ltr'>τὴν</span> <span class='ocrx_word' id='word_1_77' title='bbox 3153 783 3376 854; x_wconf 79' lang='grc' dir='ltr'><strong>ἡδονήν.</strong></span> <span class='ocrx_word' id='word_1_78' title='bbox 3418 785 3485 838; x_wconf 77' lang='lat' dir='ltr'>Et</span> <span class='ocrx_word' id='word_1_79' title='bbox 3516 785 3578 839; x_wconf 71' lang='grc' dir='ltr'>δὲ</span> 
     </span>
     <span class='ocr_line' id='line_1_7' title="bbox 322 875 1887 945; baseline -0.005 -10"><span class='ocrx_word' id='word_1_80' title='bbox 322 881 475 935; x_wconf 90' lang='lat' dir='ltr'>bisce</span> <span class='ocrx_word' id='word_1_81' title='bbox 529 877 686 933; x_wconf 87' lang='lat' dir='ltr'>bonis</span> <span class='ocrx_word' id='word_1_82' title='bbox 737 886 991 945; x_wconf 87' lang='lat' dir='ltr'>tanquam</span> <span class='ocrx_word' id='word_1_83' title='bbox 1053 875 1245 930; x_wconf 87' lang='lat' dir='ltr'>alienis</span> <span class='ocrx_word' id='word_1_84' title='bbox 1300 889 1523 939; x_wconf 81' lang='lat' dir='ltr'>exuere,</span> <span class='ocrx_word' id='word_1_85' title='bbox 1581 888 1680 943; x_wconf 81' lang='lat' dir='ltr'>age</span> <span class='ocrx_word' id='word_1_86' title='bbox 1737 888 1887 939; x_wconf 75' lang='lat' dir='ltr'>sane,</span> 
     </span>
     <span class='ocr_line' id='line_1_8' title="bbox 319 960 3572 1037; baseline -0.001 -14"><span class='ocrx_word' id='word_1_87' title='bbox 319 969 501 1025; x_wconf 76' lang='lat' dir='ltr'>fruere</span> <span class='ocrx_word' id='word_1_88' title='bbox 534 970 753 1031; x_wconf 86' lang='lat' dir='ltr'>mundo,</span> <span class='ocrx_word' id='word_1_89' title='bbox 811 975 1029 1035; x_wconf 84' lang='lat' dir='ltr'>totaque</span> <span class='ocrx_word' id='word_1_90' title='bbox 1068 964 1318 1020; x_wconf 87' lang='lat' dir='ltr'>libertate</span> <span class='ocrx_word' id='word_1_91' title='bbox 1347 979 1601 1019; x_wconf 87' lang='lat' dir='ltr'>sensnum</span> <span class='ocrx_word' id='word_1_92' title='bbox 1642 963 1886 1019; x_wconf 89' lang='lat' dir='ltr'>omnium</span> <span class='ocrx_word' id='word_1_93' title='bbox 1991 960 2388 1034; x_wconf 87' lang='grc' dir='ltr'><strong>ἀπολαύσομεν·</strong></span> <span class='ocrx_word' id='word_1_94' title='bbox 2421 964 2768 1036; x_wconf 77' lang='grc' dir='ltr'><strong>φοόηθῶμεν,</strong></span> <span class='ocrx_word' id='word_1_95' title='bbox 2825 964 3064 1034; x_wconf 76' lang='grc' dir='ltr'><strong>ἀδελφοὶ,</strong></span> <span class='ocrx_word' id='word_1_96' title='bbox 3104 966 3204 1035; x_wconf 80' lang='grc' dir='ltr'>τὴν</span> <span class='ocrx_word' id='word_1_97' title='bbox 3239 964 3451 1020; x_wconf 76' lang='grc' dir='ltr'><strong>ἐνθένδε</strong></span> <span class='ocrx_word' id='word_1_98' title='bbox 3472 983 3572 1037; x_wconf 80' lang='grc' dir='ltr'>με·</span> 
     </span>
     <span class='ocr_line' id='line_1_9' title="bbox 313 1053 3555 1129; baseline -0.001 -16"><span class='ocrx_word' id='word_1_99' title='bbox 313 1057 646 1129; x_wconf 63' lang='grc' dir='ltr'>αιιιΙιιιίηἰειιΙο</span> <span class='ocrx_word' id='word_1_100' title='bbox 672 1056 934 1124; x_wconf 77' lang='lat' dir='ltr'>voluptati</span> <span class='ocrx_word' id='word_1_101' title='bbox 967 1056 1217 1125; x_wconf 87' lang='lat' dir='ltr'>indulge;</span> <span class='ocrx_word' id='word_1_102' title='bbox 1252 1056 1333 1109; x_wconf 88' lang='lat' dir='ltr'>sin</span> <span class='ocrx_word' id='word_1_103' title='bbox 1377 1067 1556 1110; x_wconf 88' lang='lat' dir='ltr'>antem</span> <span class='ocrx_word' id='word_1_104' title='bbox 1615 1055 1731 1109; x_wconf 77' lang='lat' dir='ltr'>baec</span> <span class='ocrx_word' id='word_1_105' title='bbox 1767 1064 1895 1109; x_wconf 89' lang='lat' dir='ltr'>sunt</span> <span class='ocrx_word' id='word_1_106' title='bbox 1993 1053 2275 1120; x_wconf 84' lang='grc' dir='ltr'><strong>τάστασιν,</strong></span> <span class='ocrx_word' id='word_1_107' title='bbox 2308 1055 2401 1108; x_wconf 75' lang='grc' dir='ltr'>καὶ</span> <span class='ocrx_word' id='word_1_108' title='bbox 2429 1055 2683 1127; x_wconf 77' lang='grc' dir='ltr'><strong>ζήσωμεν</strong></span> <span class='ocrx_word' id='word_1_109' title='bbox 2716 1057 2774 1109; x_wconf 79' lang='grc' dir='ltr'>ἐν</span> <span class='ocrx_word' id='word_1_110' title='bbox 2800 1055 2879 1126; x_wconf 76' lang='grc' dir='ltr'><strong>τῷ</strong></span> <span class='ocrx_word' id='word_1_111' title='bbox 2909 1055 3084 1126; x_wconf 78' lang='grc' dir='ltr'><strong>καιρῷ</strong></span> <span class='ocrx_word' id='word_1_112' title='bbox 3113 1055 3214 1126; x_wconf 79' lang='grc' dir='ltr'><strong>τῆς</strong></span> <span class='ocrx_word' id='word_1_113' title='bbox 3249 1057 3555 1128; x_wconf 75' lang='grc' dir='ltr'><strong>παροικίας,</strong></span> 
     </span>
     <span class='ocr_line' id='line_1_10' title="bbox 318 1142 3560 1219; baseline -0 -15"><span class='ocrx_word' id='word_1_114' title='bbox 318 1150 767 1214; x_wconf 85' lang='lat' dir='ltr'>consummanda,</span> <span class='ocrx_word' id='word_1_115' title='bbox 794 1163 893 1203; x_wconf 89' lang='lat' dir='ltr'>nec</span> <span class='ocrx_word' id='word_1_116' title='bbox 927 1147 1025 1200; x_wconf 88' lang='lat' dir='ltr'>nisi</span> <span class='ocrx_word' id='word_1_117' title='bbox 1053 1160 1222 1216; x_wconf 83' lang='lat' dir='ltr'>pauco</span> <span class='ocrx_word' id='word_1_118' title='bbox 1253 1155 1493 1214; x_wconf 89' lang='lat' dir='ltr'>tempore</span> <span class='ocrx_word' id='word_1_119' title='bbox 1518 1161 1703 1201; x_wconf 88' lang='lat' dir='ltr'>eorum</span> <span class='ocrx_word' id='word_1_120' title='bbox 1737 1145 1894 1200; x_wconf 85' lang='lat' dir='ltr'>nobis</span> <span class='ocrx_word' id='word_1_121' title='bbox 1992 1142 2071 1208; x_wconf 83' lang='grc' dir='ltr'>ὡς</span> <span class='ocrx_word' id='word_1_122' title='bbox 2105 1145 2134 1197; x_wconf 83' lang='grc' dir='ltr'>ὁ</span> <span class='ocrx_word' id='word_1_123' title='bbox 2167 1144 2372 1218; x_wconf 83' lang='grc' dir='ltr'><strong>Κύριος</strong></span> <span class='ocrx_word' id='word_1_124' title='bbox 2409 1148 2745 1202; x_wconf 86' lang='grc' dir='ltr'><strong>ἐνετείλατο·</strong></span> <span class='ocrx_word' id='word_1_125' title='bbox 2797 1148 2872 1219; x_wconf 79' lang='grc' dir='ltr'>μὴ</span> <span class='ocrx_word' id='word_1_126' title='bbox 2906 1146 3243 1218; x_wconf 68' lang='grc' dir='ltr'><strong>ἀπαχθῶιίεν</strong></span> <span class='ocrx_word' id='word_1_127' title='bbox 3295 1148 3560 1219; x_wconf 74' lang='grc' dir='ltr'>δεσμῶται</span> 
     </span>
     <span class='ocr_line' id='line_1_11' title="bbox 317 1234 3569 1312; baseline -0.002 -13"><span class='ocrx_word' id='word_1_128' title='bbox 317 1243 587 1299; x_wconf 73' lang='lat' dir='ltr'>constabit</span> <span class='ocrx_word' id='word_1_129' title='bbox 622 1241 807 1296; x_wconf 74' lang='lat' dir='ltr'>fruitio</span> <span class='ocrx_word' id='word_1_130' title='bbox 841 1254 856 1294; x_wconf 77' lang='lat' dir='ltr'>t</span> <span class='ocrx_word' id='word_1_131' title='bbox 903 1240 1192 1294; x_wconf 87' lang='lat' dir='ltr'>timeamus</span> <span class='ocrx_word' id='word_1_132' title='bbox 1215 1277 1231 1303; x_wconf 94' lang='lat'>,</span> <span class='ocrx_word' id='word_1_133' title='bbox 1282 1238 1483 1293; x_wconf 87' lang='lat' dir='ltr'>l&#39;ratres</span> <span class='ocrx_word' id='word_1_134' title='bbox 1505 1279 1522 1304; x_wconf 93' lang='lat'>,</span> <span class='ocrx_word' id='word_1_135' title='bbox 1557 1237 1893 1308; x_wconf 74' lang='lat' dir='ltr'>migrationis</span> <span class='ocrx_word' id='word_1_136' title='bbox 1998 1234 2136 1305; x_wconf 83' lang='grc' dir='ltr'><strong>μετὰ</strong></span> <span class='ocrx_word' id='word_1_137' title='bbox 2167 1237 2363 1307; x_wconf 84' lang='grc' dir='ltr'><strong>χρεῶν,</strong></span> <span class='ocrx_word' id='word_1_138' title='bbox 2399 1238 2512 1292; x_wconf 83' lang='grc' dir='ltr'><strong>ἀλλ’</strong></span> <span class='ocrx_word' id='word_1_139' title='bbox 2542 1238 2849 1309; x_wconf 85' lang='grc' dir='ltr'><strong>ὀδεύσωμεν</strong></span> <span class='ocrx_word' id='word_1_140' title='bbox 2887 1239 3193 1311; x_wconf 83' lang='grc' dir='ltr'><strong>ἐλεύθεροι,</strong></span> <span class='ocrx_word' id='word_1_141' title='bbox 3235 1241 3333 1293; x_wconf 79' lang='grc' dir='ltr'>καὶ</span> <span class='ocrx_word' id='word_1_142' title='bbox 3366 1242 3569 1312; x_wconf 77' lang='grc' dir='ltr'><strong>εύπαρ-</strong></span> 
     </span>
     <span class='ocr_line' id='line_1_12' title="bbox 317 1326 3574 1402; baseline 0 -16"><span class='ocrx_word' id='word_1_143' title='bbox 317 1331 467 1388; x_wconf 88' lang='lat' dir='ltr'>illum</span> <span class='ocrx_word' id='word_1_144' title='bbox 497 1331 661 1391; x_wconf 87' lang='lat' dir='ltr'>diem.</span> <span class='ocrx_word' id='word_1_145' title='bbox 694 1343 869 1397; x_wconf 82' lang='lat' dir='ltr'>exque</span> <span class='ocrx_word' id='word_1_146' title='bbox 890 1327 1099 1382; x_wconf 88' lang='lat' dir='ltr'>Domini</span> <span class='ocrx_word' id='word_1_147' title='bbox 1131 1328 1464 1397; x_wconf 64' lang='lat' dir='ltr'>praescripto,</span> <span class='ocrx_word' id='word_1_148' title='bbox 1499 1326 1766 1382; x_wconf 83' lang='lat' dir='ltr'>incolatus</span> <span class='ocrx_word' id='word_1_149' title='bbox 1795 1341 1892 1380; x_wconf 89' lang='lat' dir='ltr'>no·</span> <span class='ocrx_word' id='word_1_150' title='bbox 1996 1326 2286 1398; x_wconf 77' lang='grc' dir='ltr'><strong>ῥησίαστον</strong></span> <span class='ocrx_word' id='word_1_151' title='bbox 2320 1330 2378 1383; x_wconf 86' lang='grc' dir='ltr'><strong>τὸ</strong></span> <span class='ocrx_word' id='word_1_152' title='bbox 2400 1330 2638 1394; x_wconf 75' lang='grc' dir='ltr'><strong>συνειδὸς</strong></span> <span class='ocrx_word' id='word_1_153' title='bbox 2666 1331 3018 1401; x_wconf 85' lang='grc' dir='ltr'><strong>ἐπαγόμενοι,</strong></span> <span class='ocrx_word' id='word_1_154' title='bbox 3048 1331 3449 1401; x_wconf 72' lang='grc' dir='ltr'><strong>ἀκατάγνωστα</strong></span> <span class='ocrx_word' id='word_1_155' title='bbox 3476 1332 3574 1402; x_wconf 74' lang='grc' dir='ltr'>φέ-</span> 
     </span>
     <span class='ocr_line' id='line_1_13' title="bbox 317 1416 3210 1496; baseline 0 -19"><span class='ocrx_word' id='word_1_156' title='bbox 317 1423 420 1496; x_wconf 72' lang='lat' dir='ltr'>stri</span> <span class='ocrx_word' id='word_1_157' title='bbox 448 1431 687 1490; x_wconf 89' lang='lat' dir='ltr'>tempore</span> <span class='ocrx_word' id='word_1_158' title='bbox 715 1422 975 1475; x_wconf 86' lang='lat' dir='ltr'>vivamus.</span> <span class='ocrx_word' id='word_1_159' title='bbox 1003 1416 1079 1472; x_wconf 84' lang='lat' dir='ltr'>Ne</span> <span class='ocrx_word' id='word_1_160' title='bbox 1101 1434 1197 1486; x_wconf 89' lang='lat' dir='ltr'>pro</span> <span class='ocrx_word' id='word_1_161' title='bbox 1227 1434 1336 1475; x_wconf 82' lang='lat' dir='ltr'>aere</span> <span class='ocrx_word' id='word_1_162' title='bbox 1359 1418 1535 1475; x_wconf 88' lang='lat' dir='ltr'>alieno</span> <span class='ocrx_word' id='word_1_163' title='bbox 1557 1418 1720 1473; x_wconf 90' lang='lat' dir='ltr'>vincti</span> <span class='ocrx_word' id='word_1_164' title='bbox 1745 1416 1891 1471; x_wconf 86' lang='lat' dir='ltr'>abri-</span> <span class='ocrx_word' id='word_1_165' title='bbox 1995 1432 2181 1486; x_wconf 87' lang='grc' dir='ltr'><strong>ροντες</strong></span> <span class='ocrx_word' id='word_1_166' title='bbox 2213 1419 2281 1473; x_wconf 73' lang='grc' dir='ltr'><strong>τὰ</strong></span> <span class='ocrx_word' id='word_1_167' title='bbox 2304 1421 2402 1491; x_wconf 80' lang='grc' dir='ltr'><strong>τῆς</strong></span> <span class='ocrx_word' id='word_1_168' title='bbox 2434 1422 2529 1475; x_wconf 82' lang='grc' dir='ltr'>τοῦ</span> <span class='ocrx_word' id='word_1_169' title='bbox 2571 1422 2686 1492; x_wconf 89' lang='grc' dir='ltr'><strong>βίου</strong></span> <span class='ocrx_word' id='word_1_170' title='bbox 2711 1422 2987 1487; x_wconf 74' lang='grc' dir='ltr'><strong>πολιτείας</strong></span> <span class='ocrx_word' id='word_1_171' title='bbox 3012 1422 3210 1494; x_wconf 82' lang='grc' dir='ltr'><strong>βιδλία.</strong></span> 
     </span>
     <span class='ocr_line' id='line_1_14' title="bbox 319 1508 3567 1586; baseline 0 -15"><span class='ocrx_word' id='word_1_172' title='bbox 319 1517 569 1586; x_wconf 88' lang='lat' dir='ltr'>piamur;</span> <span class='ocrx_word' id='word_1_173' title='bbox 605 1515 700 1571; x_wconf 86' lang='lat' dir='ltr'>sed</span> <span class='ocrx_word' id='word_1_174' title='bbox 760 1513 936 1577; x_wconf 89' lang='lat' dir='ltr'>liberi,</span> <span class='ocrx_word' id='word_1_175' title='bbox 982 1527 1304 1583; x_wconf 73' lang='lat' dir='ltr'>¹securaque</span> <span class='ocrx_word' id='word_1_176' title='bbox 1360 1512 1714 1577; x_wconf 81' lang='lat' dir='ltr'>conscicntia,</span> <span class='ocrx_word' id='word_1_177' title='bbox 1784 1510 1907 1564; x_wconf 68' lang='lat' dir='ltr'>vitae</span> <span class='ocrx_word' id='word_1_178' title='bbox 1939 1508 2204 1566; x_wconf 85' lang='lat' dir='ltr'>rationum</span> <span class='ocrx_word' id='word_1_179' title='bbox 2241 1512 2451 1570; x_wconf 86' lang='lat' dir='ltr'>libellos</span> <span class='ocrx_word' id='word_1_180' title='bbox 2486 1515 2613 1569; x_wconf 87' lang='lat' dir='ltr'>nulli</span> <span class='ocrx_word' id='word_1_181' title='bbox 2650 1514 2913 1571; x_wconf 81' lang='lat' dir='ltr'>obnoxios</span> <span class='ocrx_word' id='word_1_182' title='bbox 2958 1514 3365 1585; x_wconf 77' lang='lat' dir='ltr'>reprehensioni</span> <span class='ocrx_word' id='word_1_183' title='bbox 3396 1516 3567 1573; x_wconf 73' lang='lat' dir='ltr'>feren·</span> 
     </span>
     <span class='ocr_line' id='line_1_15' title="bbox 318 1606 954 1670; baseline 0 -10"><span class='ocrx_word' id='word_1_184' title='bbox 318 1616 419 1670; x_wconf 85' lang='lat' dir='ltr'>tes,</span> <span class='ocrx_word' id='word_1_185' title='bbox 460 1620 524 1661; x_wconf 86' lang='lat' dir='ltr'>eo</span> <span class='ocrx_word' id='word_1_186' title='bbox 551 1606 954 1660; x_wconf 85' lang='lat' dir='ltr'>contendamus.</span> 
     </span>
    </p>

    <p class='ocr_par' dir='ltr' id='par_1_3' title="bbox 316 1676 3560 1861">
     <span class='ocr_line' id='line_1_16' title="bbox 387 1676 3552 1769; baseline 0 -20"><span class='ocrx_word' id='word_1_187' title='bbox 387 1694 556 1749; x_wconf 75' lang='lat' dir='ltr'>Malus</span> <span class='ocrx_word' id='word_1_188' title='bbox 586 1694 686 1748; x_wconf 80' lang='lat' dir='ltr'>fuit</span> <span class='ocrx_word' id='word_1_189' title='bbox 710 1694 870 1763; x_wconf 86' lang='lat' dir='ltr'>hujus</span> <span class='ocrx_word' id='word_1_190' title='bbox 898 1694 1025 1750; x_wconf 78' lang='lat' dir='ltr'>vitae</span> <span class='ocrx_word' id='word_1_191' title='bbox 1061 1709 1378 1752; x_wconf 80' lang='lat' dir='ltr'>(economus</span> <span class='ocrx_word' id='word_1_192' title='bbox 1412 1694 1564 1750; x_wconf 88' lang='lat' dir='ltr'>dives</span> <span class='ocrx_word' id='word_1_193' title='bbox 1597 1693 1705 1760; x_wconf 90' lang='lat' dir='ltr'>ille,</span> <span class='ocrx_word' id='word_1_194' title='bbox 1733 1692 1887 1762; x_wconf 78' lang='lat' dir='ltr'>cttjns</span> <span class='ocrx_word' id='word_1_195' title='bbox 1921 1676 1963 1734; x_wconf 81' lang='grc' dir='ltr'><strong>Β</strong></span> <span class='ocrx_word' id='word_1_196' title='bbox 2059 1695 2240 1759; x_wconf 81' lang='grc' dir='ltr'><strong>Κακδς</strong></span> <span class='ocrx_word' id='word_1_197' title='bbox 2284 1692 2353 1769; x_wconf 84' lang='grc' dir='ltr'>ἦν</span> <span class='ocrx_word' id='word_1_198' title='bbox 2380 1699 2662 1768; x_wconf 78' lang='grc' dir='ltr'><strong>οἰκονόμος</strong></span> <span class='ocrx_word' id='word_1_199' title='bbox 2691 1697 2790 1767; x_wconf 73' lang='grc' dir='ltr'><strong>τῆς</strong></span> <span class='ocrx_word' id='word_1_200' title='bbox 2829 1696 3014 1751; x_wconf 74' lang='grc' dir='ltr'><strong>ἐνθάδε</strong></span> <span class='ocrx_word' id='word_1_201' title='bbox 3047 1695 3194 1765; x_wconf 81' lang='grc' dir='ltr'><strong>ζωῆς</strong></span> <span class='ocrx_word' id='word_1_202' title='bbox 3240 1681 3270 1747; x_wconf 76' lang='grc' dir='ltr'>δ’</span> <span class='ocrx_word' id='word_1_203' title='bbox 3317 1696 3552 1757; x_wconf 69' lang='grc' dir='ltr'><strong>πλούσιος</strong></span> 
     </span>
     <span class='ocr_line' id='line_1_17' title="bbox 316 1777 3560 1861; baseline 0.003 -16"><span class='ocrx_word' id='word_1_204' title='bbox 316 1805 446 1861; x_wconf 90' lang='lat' dir='ltr'>ager</span> <span class='ocrx_word' id='word_1_205' title='bbox 466 1790 671 1847; x_wconf 77' lang='lat' dir='ltr'>fructus</span> <span class='ocrx_word' id='word_1_206' title='bbox 691 1790 886 1845; x_wconf 88' lang='lat' dir='ltr'>uberes</span> <span class='ocrx_word' id='word_1_207' title='bbox 911 1790 1218 1845; x_wconf 80' lang='lat' dir='ltr'>reddiderat</span> <span class='ocrx_word' id='word_1_208' title='bbox 1248 1806 1262 1843; x_wconf 81' lang='lat' dir='ltr'>t</span> <span class='ocrx_word' id='word_1_209' title='bbox 1299 1791 1495 1861; x_wconf 87' lang='lat' dir='ltr'>quippe</span> <span class='ocrx_word' id='word_1_210' title='bbox 1525 1791 1614 1859; x_wconf 91' lang='lat' dir='ltr'>qui</span> <span class='ocrx_word' id='word_1_211' title='bbox 1644 1790 1695 1844; x_wconf 89' lang='lat' dir='ltr'>in</span> <span class='ocrx_word' id='word_1_212' title='bbox 1742 1798 1889 1842; x_wconf 83' lang='lat' dir='ltr'>tanta</span> <span class='ocrx_word' id='word_1_213' title='bbox 1991 1783 2196 1846; x_wconf 71' lang='grc' dir='ltr'><strong>ἐκεῖνος</strong></span> <span class='ocrx_word' id='word_1_214' title='bbox 2216 1823 2229 1847; x_wconf 82' lang='lat'><strong>‚</strong></span> <span class='ocrx_word' id='word_1_215' title='bbox 2264 1777 2325 1837; x_wconf 70' lang='grc' dir='ltr'>οὗ</span> <span class='ocrx_word' id='word_1_216' title='bbox 2367 1787 2400 1855; x_wconf 80' lang='grc' dir='ltr'><strong>ἠ</strong></span> <span class='ocrx_word' id='word_1_217' title='bbox 2454 1784 2606 1855; x_wconf 60' lang='grc' dir='ltr'>Χῶρῑ</span> <span class='ocrx_word' id='word_1_218' title='bbox 2637 1786 2965 1856; x_wconf 63' lang='grc' dir='ltr'><strong>ηὖφόρησεν·</strong></span> <span class='ocrx_word' id='word_1_219' title='bbox 3011 1785 3198 1854; x_wconf 58' lang='grc' dir='ltr'><strong>ἐπειδὴ</strong></span> <span class='ocrx_word' id='word_1_220' title='bbox 3231 1786 3299 1854; x_wconf 65' lang='grc' dir='ltr'>τῇ</span> <span class='ocrx_word' id='word_1_221' title='bbox 3347 1784 3560 1855; x_wconf 61' lang='grc' dir='ltr'><strong>εὒθηνῑεῑ</strong></span> 
     </span>
    </p>
   </div>
   <div class='ocr_carea' id='block_1_3' title="bbox 1998 871 3683 946">
    <p class='ocr_par' dir='ltr' id='par_1_4' title="bbox 1998 871 3683 946">
     <span class='ocr_line' id='line_1_18' title="bbox 1998 871 3683 946; baseline 0.003 -21"><span class='ocrx_word' id='word_1_222' title='bbox 1998 871 2471 944; x_wconf 79' lang='grc' dir='ltr'><strong>συντελεσθήσεται</strong></span> <span class='ocrx_word' id='word_1_223' title='bbox 2506 874 2699 940; x_wconf 87' lang='grc' dir='ltr'><strong>ταῦτα,</strong></span> <span class='ocrx_word' id='word_1_224' title='bbox 2750 875 2845 929; x_wconf 76' lang='grc' dir='ltr'>καὶ</span> <span class='ocrx_word' id='word_1_225' title='bbox 2898 877 2992 927; x_wconf 76' lang='grc' dir='ltr'>ἐπὶ</span> <span class='ocrx_word' id='word_1_226' title='bbox 3041 874 3249 946; x_wconf 78' lang='grc' dir='ltr'><strong>μακρὸν</strong></span> <span class='ocrx_word' id='word_1_227' title='bbox 3290 874 3338 907; x_wconf 74' lang='lat'>⁸⁶</span> <span class='ocrx_word' id='word_1_228' title='bbox 3394 875 3574 930; x_wconf 85' lang='grc' dir='ltr'><strong>αὐτῶν</strong></span> <span class='ocrx_word' id='word_1_229' title='bbox 3680 914 3683 917; x_wconf 39' lang='grc'><strong>.</strong></span> 
     </span>
    </p>
   </div>
   <div class='ocr_carea' id='block_1_4' title="bbox 312 1880 1892 3854">
    <p class='ocr_par' dir='ltr' id='par_1_5' title="bbox 312 1880 1892 3854">
     <span class='ocr_line' id='line_1_19' title="bbox 315 1880 1888 1957; baseline -0.002 -22"><span class='ocrx_word' id='word_1_230' title='bbox 315 1882 405 1936; x_wconf 90' lang='lat' dir='ltr'>illa</span> <span class='ocrx_word' id='word_1_231' title='bbox 434 1881 644 1951; x_wconf 78' lang='lat' dir='ltr'>frugum</span> <span class='ocrx_word' id='word_1_232' title='bbox 665 1880 845 1949; x_wconf 87' lang='lat' dir='ltr'>copia,</span> <span class='ocrx_word' id='word_1_233' title='bbox 879 1880 1012 1935; x_wconf 89' lang='lat' dir='ltr'>nibil</span> <span class='ocrx_word' id='word_1_234' title='bbox 1035 1882 1156 1937; x_wconf 83' lang='lat' dir='ltr'>boni</span> <span class='ocrx_word' id='word_1_235' title='bbox 1180 1896 1243 1936; x_wconf 90' lang='lat' dir='ltr'>ac</span> <span class='ocrx_word' id='word_1_236' title='bbox 1266 1882 1650 1936; x_wconf 80' lang='lat' dir='ltr'>humanitatem</span> <span class='ocrx_word' id='word_1_237' title='bbox 1680 1880 1888 1957; x_wconf 80' lang='lat' dir='ltr'>baben-</span> 
     </span>
     <span class='ocr_line' id='line_1_20' title="bbox 317 1971 1887 2037; baseline 0 -12"><span class='ocrx_word' id='word_1_238' title='bbox 317 1973 388 2027; x_wconf 86' lang='lat' dir='ltr'>tis</span> <span class='ocrx_word' id='word_1_239' title='bbox 415 1971 626 2027; x_wconf 89' lang='lat' dir='ltr'>consilii</span> <span class='ocrx_word' id='word_1_240' title='bbox 678 1971 898 2037; x_wconf 86' lang='lat' dir='ltr'>inierit;</span> <span class='ocrx_word' id='word_1_241' title='bbox 953 1973 1046 2027; x_wconf 84' lang='lat' dir='ltr'>sed</span> <span class='ocrx_word' id='word_1_242' title='bbox 1108 1972 1293 2027; x_wconf 83' lang='lat' dir='ltr'>hiante</span> <span class='ocrx_word' id='word_1_243' title='bbox 1343 1972 1546 2027; x_wconf 66' lang='lat' dir='ltr'>ventris</span> <span class='ocrx_word' id='word_1_244' title='bbox 1596 1971 1887 2036; x_wconf 85' lang='lat' dir='ltr'>desiderio,</span> 
     </span>
     <span class='ocr_line' id='line_1_21' title="bbox 318 2060 1890 2130; baseline 0.002 -16"><span class='ocrx_word' id='word_1_245' title='bbox 318 2060 545 2130; x_wconf 83' lang='lat' dir='ltr'>latisque</span> <span class='ocrx_word' id='word_1_246' title='bbox 575 2077 639 2115; x_wconf 85' lang='lat' dir='ltr'>ac</span> <span class='ocrx_word' id='word_1_247' title='bbox 674 2062 948 2117; x_wconf 85' lang='lat' dir='ltr'>immensis</span> <span class='ocrx_word' id='word_1_248' title='bbox 995 2062 1239 2116; x_wconf 57' lang='lat' dir='ltr'>avaritia}</span> <span class='ocrx_word' id='word_1_249' title='bbox 1282 2061 1493 2117; x_wconf 78' lang='lat' dir='ltr'>sinibus</span> <span class='ocrx_word' id='word_1_250' title='bbox 1529 2062 1749 2130; x_wconf 85' lang='lat' dir='ltr'>apertis,</span> <span class='ocrx_word' id='word_1_251' title='bbox 1791 2075 1890 2117; x_wconf 89' lang='lat' dir='ltr'>suo</span> 
     </span>
     <span class='ocr_line' id='line_1_22' title="bbox 319 2153 1884 2223; baseline 0 -17"><span class='ocrx_word' id='word_1_252' title='bbox 319 2153 488 2222; x_wconf 85' lang='lat' dir='ltr'>ipsius</span> <span class='ocrx_word' id='word_1_253' title='bbox 520 2153 636 2207; x_wconf 91' lang='lat' dir='ltr'>usni</span> <span class='ocrx_word' id='word_1_254' title='bbox 663 2168 738 2217; x_wconf 51' lang='lat' dir='ltr'>‚ac</span> <span class='ocrx_word' id='word_1_255' title='bbox 778 2153 1038 2223; x_wconf 88' lang='lat' dir='ltr'>voluptati</span> <span class='ocrx_word' id='word_1_256' title='bbox 1091 2154 1272 2207; x_wconf 83' lang='lat' dir='ltr'>omnia</span> <span class='ocrx_word' id='word_1_257' title='bbox 1319 2154 1610 2218; x_wconf 80' lang='lat' dir='ltr'>addixerit,</span> <span class='ocrx_word' id='word_1_258' title='bbox 1655 2153 1884 2208; x_wconf 87' lang='lat' dir='ltr'>dicens:</span> 
     </span>
     <span class='ocr_line' id='line_1_23' title="bbox 317 2241 1887 2312; baseline -0.001 -16"><span class='ocrx_word' id='word_1_259' title='bbox 317 2241 595 2298; x_wconf 75' lang='lat' dir='ltr'>Destruam</span> <span class='ocrx_word' id='word_1_260' title='bbox 622 2243 809 2297; x_wconf 81' lang='lat' dir='ltr'>horrea</span> <span class='ocrx_word' id='word_1_261' title='bbox 840 2260 980 2311; x_wconf 80' lang='lat' dir='ltr'>mea,</span> <span class='ocrx_word' id='word_1_262' title='bbox 1020 2253 1068 2298; x_wconf 84' lang='lat' dir='ltr'>et</span> <span class='ocrx_word' id='word_1_263' title='bbox 1094 2242 1299 2312; x_wconf 79' lang='lat' dir='ltr'>majora</span> <span class='ocrx_word' id='word_1_264' title='bbox 1325 2252 1614 2309; x_wconf 77' lang='lat' dir='ltr'>exstruant,</span> <span class='ocrx_word' id='word_1_265' title='bbox 1645 2252 1693 2296; x_wconf 82' lang='lat' dir='ltr'>et</span> <span class='ocrx_word' id='word_1_266' title='bbox 1717 2243 1887 2295; x_wconf 83' lang='lat' dir='ltr'>dicam</span> 
     </span>
     <span class='ocr_line' id='line_1_24' title="bbox 314 2333 1885 2402; baseline -0.001 -15"><span class='ocrx_word' id='word_1_267' title='bbox 314 2335 510 2388; x_wconf 74' lang='lat' dir='ltr'>anima·</span> <span class='ocrx_word' id='word_1_268' title='bbox 535 2351 662 2389; x_wconf 84' lang='lat' dir='ltr'>meoe</span> <span class='ocrx_word' id='word_1_269' title='bbox 695 2351 716 2388; x_wconf 92' lang='lat'>.·</span> <span class='ocrx_word' id='word_1_270' title='bbox 750 2333 921 2390; x_wconf 78' lang='lat' dir='ltr'>Habes</span> <span class='ocrx_word' id='word_1_271' title='bbox 942 2334 1108 2388; x_wconf 84' lang='lat' dir='ltr'>multa</span> <span class='ocrx_word' id='word_1_272' title='bbox 1132 2334 1269 2387; x_wconf 81' lang='lat' dir='ltr'>bona</span> <span class='ocrx_word' id='word_1_273' title='bbox 1292 2335 1517 2402; x_wconf 75' lang='lat' dir='ltr'>reposita</span> <span class='ocrx_word' id='word_1_274' title='bbox 1548 2349 1564 2397; x_wconf 91' lang='lat'>,·</span> <span class='ocrx_word' id='word_1_275' title='bbox 1607 2336 1885 2402; x_wconf 70' lang='lat' dir='ltr'>requiesce,</span> 
     </span>
     <span class='ocr_line' id='line_1_25' title="bbox 312 2426 1886 2494; baseline -0.001 -15"><span class='ocrx_word' id='word_1_276' title='bbox 312 2426 538 2485; x_wconf 80' lang='lat' dir='ltr'>comede.</span> <span class='ocrx_word' id='word_1_277' title='bbox 573 2428 705 2493; x_wconf 78' lang='lat' dir='ltr'>bibe,</span> <span class='ocrx_word' id='word_1_278' title='bbox 745 2426 956 2494; x_wconf 78' lang='lat' dir='ltr'>epulare</span> <span class='ocrx_word' id='word_1_279' title='bbox 1002 2427 1074 2479; x_wconf 82' lang='lat'>¹⁷.</span> <span class='ocrx_word' id='word_1_280' title='bbox 1114 2426 1358 2494; x_wconf 85' lang='lat' dir='ltr'>Dumque</span> <span class='ocrx_word' id='word_1_281' title='bbox 1405 2426 1519 2478; x_wconf 82' lang='lat' dir='ltr'>baec</span> <span class='ocrx_word' id='word_1_282' title='bbox 1557 2426 1886 2493; x_wconf 88' lang='lat' dir='ltr'>loqueretur,</span> 
     </span>
     <span class='ocr_line' id='line_1_26' title="bbox 315 2513 1882 2583; baseline 0 -16"><span class='ocrx_word' id='word_1_283' title='bbox 315 2515 487 2569; x_wconf 85' lang='lat' dir='ltr'>astitit</span> <span class='ocrx_word' id='word_1_284' title='bbox 509 2516 600 2583; x_wconf 84' lang='lat' dir='ltr'>qui</span> <span class='ocrx_word' id='word_1_285' title='bbox 629 2524 774 2569; x_wconf 83' lang='lat' dir='ltr'>essct</span> <span class='ocrx_word' id='word_1_286' title='bbox 801 2516 1158 2570; x_wconf 79' lang='lat' dir='ltr'>abducturus,</span> <span class='ocrx_word' id='word_1_287' title='bbox 1183 2513 1429 2568; x_wconf 78' lang='lat' dir='ltr'>Accessit</span> <span class='ocrx_word' id='word_1_288' title='bbox 1453 2529 1747 2568; x_wconf 86' lang='lat' dir='ltr'>conservus</span> <span class='ocrx_word' id='word_1_289' title='bbox 1780 2524 1882 2567; x_wconf 91' lang='lat' dir='ltr'>ter·</span> 
     </span>
     <span class='ocr_line' id='line_1_27' title="bbox 319 2601 1886 2672; baseline -0.001 -15"><span class='ocrx_word' id='word_1_290' title='bbox 319 2604 465 2657; x_wconf 70' lang='lat' dir='ltr'>rzbitt</span> <span class='ocrx_word' id='word_1_291' title='bbox 502 2604 703 2669; x_wconf 88' lang='lat' dir='ltr'>specie,</span> <span class='ocrx_word' id='word_1_292' title='bbox 736 2606 825 2672; x_wconf 91' lang='lat' dir='ltr'>qui</span> <span class='ocrx_word' id='word_1_293' title='bbox 881 2605 1126 2659; x_wconf 88' lang='lat' dir='ltr'>avulsum</span> <span class='ocrx_word' id='word_1_294' title='bbox 1187 2618 1217 2656; x_wconf 91' lang='lat' dir='ltr'>a</span> <span class='ocrx_word' id='word_1_295' title='bbox 1271 2601 1600 2655; x_wconf 81' lang='lat' dir='ltr'>villicatione</span> <span class='ocrx_word' id='word_1_296' title='bbox 1655 2611 1886 2671; x_wconf 80' lang='lat' dir='ltr'>raperet.</span> 
     </span>
     <span class='ocr_line' id='line_1_28' title="bbox 313 2690 1891 2763; baseline -0.002 -15"><span class='ocrx_word' id='word_1_297' title='bbox 313 2690 433 2748; x_wconf 78' lang='lat' dir='ltr'>Jam</span> <span class='ocrx_word' id='word_1_298' title='bbox 463 2706 593 2745; x_wconf 87' lang='lat' dir='ltr'>vero</span> <span class='ocrx_word' id='word_1_299' title='bbox 634 2693 761 2761; x_wconf 84' lang='lat' dir='ltr'>qaid</span> <span class='ocrx_word' id='word_1_300' title='bbox 807 2694 909 2747; x_wconf 86' lang='lat' dir='ltr'>vita</span> <span class='ocrx_word' id='word_1_301' title='bbox 943 2692 1241 2763; x_wconf 83' lang='lat' dir='ltr'>voluptaria</span> <span class='ocrx_word' id='word_1_302' title='bbox 1292 2691 1484 2758; x_wconf 80' lang='lat' dir='ltr'>juvat?</span> <span class='ocrx_word' id='word_1_303' title='bbox 1541 2692 1719 2761; x_wconf 81' lang='lat' dir='ltr'>Atque</span> <span class='ocrx_word' id='word_1_304' title='bbox 1775 2692 1891 2745; x_wconf 78' lang='lat' dir='ltr'>haec</span> 
     </span>
     <span class='ocr_line' id='line_1_29' title="bbox 317 2784 1891 2856; baseline 0 -19"><span class='ocrx_word' id='word_1_305' title='bbox 317 2784 538 2851; x_wconf 87' lang='lat' dir='ltr'>quidem</span> <span class='ocrx_word' id='word_1_306' title='bbox 582 2785 757 2839; x_wconf 80' lang='lat' dir='ltr'>vivide</span> <span class='ocrx_word' id='word_1_307' title='bbox 784 2800 843 2839; x_wconf 90' lang='lat' dir='ltr'>ac</span> <span class='ocrx_word' id='word_1_308' title='bbox 869 2788 1127 2856; x_wconf 80' lang='lat' dir='ltr'>graphice</span> <span class='ocrx_word' id='word_1_309' title='bbox 1159 2787 1223 2838; x_wconf 89' lang='lat' dir='ltr'>ad</span> <span class='ocrx_word' id='word_1_310' title='bbox 1251 2794 1493 2839; x_wconf 89' lang='lat' dir='ltr'>nostram</span> <span class='ocrx_word' id='word_1_311' title='bbox 1526 2785 1725 2853; x_wconf 78' lang='lat' dir='ltr'>scripta</span> <span class='ocrx_word' id='word_1_312' title='bbox 1762 2792 1891 2838; x_wconf 87' lang='lat' dir='ltr'>sunt</span> 
     </span>
     <span class='ocr_line' id='line_1_30' title="bbox 316 2872 1889 2940; baseline 0.001 -15"><span class='ocrx_word' id='word_1_313' title='bbox 316 2872 756 2928; x_wconf 79' lang='lat' dir='ltr'>admonitionem.</span> <span class='ocrx_word' id='word_1_314' title='bbox 791 2874 1009 2940; x_wconf 87' lang='lat' dir='ltr'>Quanta</span> <span class='ocrx_word' id='word_1_315' title='bbox 1034 2890 1160 2929; x_wconf 86' lang='lat' dir='ltr'>vero</span> <span class='ocrx_word' id='word_1_316' title='bbox 1184 2875 1291 2929; x_wconf 82' lang='lat' dir='ltr'>vita</span> <span class='ocrx_word' id='word_1_317' title='bbox 1330 2875 1431 2928; x_wconf 89' lang='lat' dir='ltr'>bae</span> <span class='ocrx_word' id='word_1_318' title='bbox 1488 2876 1676 2927; x_wconf 90' lang='lat' dir='ltr'>borum</span> <span class='ocrx_word' id='word_1_319' title='bbox 1727 2888 1889 2939; x_wconf 88' lang='lat' dir='ltr'>expe·</span> 
     </span>
     <span class='ocr_line' id='line_1_31' title="bbox 318 2963 1888 3035; baseline 0.001 -19"><span class='ocrx_word' id='word_1_320' title='bbox 318 2963 548 3018; x_wconf 77' lang='lat' dir='ltr'>rientia?</span> <span class='ocrx_word' id='word_1_321' title='bbox 578 2964 764 3019; x_wconf 87' lang='lat' dir='ltr'>Nonne</span> <span class='ocrx_word' id='word_1_322' title='bbox 792 2966 904 3019; x_wconf 81' lang='lat' dir='ltr'>baec</span> <span class='ocrx_word' id='word_1_323' title='bbox 940 2966 1156 3020; x_wconf 86' lang='lat' dir='ltr'>assidue</span> <span class='ocrx_word' id='word_1_324' title='bbox 1195 2981 1375 3021; x_wconf 86' lang='lat' dir='ltr'>rerum</span> <span class='ocrx_word' id='word_1_325' title='bbox 1410 2965 1522 3035; x_wconf 85' lang='lat' dir='ltr'>ipsa</span> <span class='ocrx_word' id='word_1_326' title='bbox 1557 2964 1888 3019; x_wconf 83' lang='lat' dir='ltr'>exhibitione</span> 
     </span>
     <span class='ocr_line' id='line_1_32' title="bbox 318 3053 1888 3127; baseline 0.003 -21"><span class='ocrx_word' id='word_1_327' title='bbox 318 3053 443 3107; x_wconf 82' lang='lat' dir='ltr'>talia</span> <span class='ocrx_word' id='word_1_328' title='bbox 468 3054 704 3109; x_wconf 82' lang='lat' dir='ltr'>clamat?</span> <span class='ocrx_word' id='word_1_329' title='bbox 728 3056 851 3108; x_wconf 86' lang='lat' dir='ltr'>dum</span> <span class='ocrx_word' id='word_1_330' title='bbox 880 3071 1001 3109; x_wconf 88' lang='lat' dir='ltr'>enm</span> <span class='ocrx_word' id='word_1_331' title='bbox 1039 3056 1277 3125; x_wconf 84' lang='lat' dir='ltr'>quidem,</span> <span class='ocrx_word' id='word_1_332' title='bbox 1308 3056 1398 3127; x_wconf 89' lang='lat' dir='ltr'>qui</span> <span class='ocrx_word' id='word_1_333' title='bbox 1453 3055 1674 3110; x_wconf 85' lang='lat' dir='ltr'>meridie</span> <span class='ocrx_word' id='word_1_334' title='bbox 1702 3054 1888 3110; x_wconf 80' lang='lat' dir='ltr'>firmus</span> 
     </span>
     <span class='ocr_line' id='line_1_33' title="bbox 318 3144 1892 3214; baseline 0.002 -16"><span class='ocrx_word' id='word_1_335' title='bbox 318 3153 403 3198; x_wconf 90' lang='lat' dir='ltr'>est</span> <span class='ocrx_word' id='word_1_336' title='bbox 428 3158 492 3195; x_wconf 87' lang='lat' dir='ltr'>ac</span> <span class='ocrx_word' id='word_1_337' title='bbox 517 3144 722 3208; x_wconf 81' lang='lat' dir='ltr'>valens,</span> <span class='ocrx_word' id='word_1_338' title='bbox 752 3155 876 3198; x_wconf 90' lang='lat' dir='ltr'>ante</span> <span class='ocrx_word' id='word_1_339' title='bbox 911 3147 1122 3214; x_wconf 81' lang='lat' dir='ltr'>hesperi</span> <span class='ocrx_word' id='word_1_340' title='bbox 1152 3157 1353 3212; x_wconf 90' lang='lat' dir='ltr'>ortum,</span> <span class='ocrx_word' id='word_1_341' title='bbox 1409 3157 1679 3202; x_wconf 87' lang='lat' dir='ltr'>mortuum</span> <span class='ocrx_word' id='word_1_342' title='bbox 1711 3159 1892 3203; x_wconf 88' lang='lat' dir='ltr'>osten-</span> 
     </span>
     <span class='ocr_line' id='line_1_34' title="bbox 317 3233 1887 3315; baseline 0.002 -26"><span class='ocrx_word' id='word_1_343' title='bbox 317 3235 428 3302; x_wconf 81' lang='lat' dir='ltr'>dit;</span> <span class='ocrx_word' id='word_1_344' title='bbox 459 3233 720 3301; x_wconf 79' lang='lat' dir='ltr'>illumque</span> <span class='ocrx_word' id='word_1_345' title='bbox 763 3235 850 3302; x_wconf 88' lang='lat' dir='ltr'>qni</span> <span class='ocrx_word' id='word_1_346' title='bbox 878 3235 1087 3315; x_wconf 69' lang='lat' dir='ltr'>vesperi</span> <span class='ocrx_word' id='word_1_347' title='bbox 1140 3250 1303 3292; x_wconf 85' lang='lat' dir='ltr'>sanus</span> <span class='ocrx_word' id='word_1_348' title='bbox 1352 3249 1435 3293; x_wconf 85' lang='lat' dir='ltr'>est</span> <span class='ocrx_word' id='word_1_349' title='bbox 1485 3254 1550 3292; x_wconf 88' lang='lat' dir='ltr'>ac</span> <span class='ocrx_word' id='word_1_350' title='bbox 1588 3239 1887 3305; x_wconf 79' lang='lat' dir='ltr'>incolumis,</span> 
     </span>
     <span class='ocr_line' id='line_1_35' title="bbox 317 3323 1889 3403; baseline 0.003 -23"><span class='ocrx_word' id='word_1_351' title='bbox 317 3325 546 3381; x_wconf 85' lang='lat' dir='ltr'>necdum</span> <span class='ocrx_word' id='word_1_352' title='bbox 575 3323 845 3394; x_wconf 83' lang='lat' dir='ltr'>explicato</span> <span class='ocrx_word' id='word_1_353' title='bbox 868 3325 1018 3379; x_wconf 88' lang='lat' dir='ltr'>radio</span> <span class='ocrx_word' id='word_1_354' title='bbox 1038 3326 1643 3389; x_wconf 74' lang='lat' dir='ltr'>matutinoexstiactum</span> <span class='ocrx_word' id='word_1_355' title='bbox 1666 3346 1695 3403; x_wconf 66' lang='lat'>5</span> <span class='ocrx_word' id='word_1_356' title='bbox 1727 3330 1889 3384; x_wconf 89' lang='lat' dir='ltr'>alium</span> 
     </span>
     <span class='ocr_line' id='line_1_36' title="bbox 318 3415 1892 3488; baseline 0.003 -16"><span class='ocrx_word' id='word_1_357' title='bbox 318 3417 553 3486; x_wconf 85' lang='lat' dir='ltr'>denique</span> <span class='ocrx_word' id='word_1_358' title='bbox 587 3416 727 3470; x_wconf 87' lang='lat' dir='ltr'>inter</span> <span class='ocrx_word' id='word_1_359' title='bbox 751 3415 939 3485; x_wconf 84' lang='lat' dir='ltr'>epulas</span> <span class='ocrx_word' id='word_1_360' title='bbox 968 3432 1029 3470; x_wconf 90' lang='lat' dir='ltr'>ac</span> <span class='ocrx_word' id='word_1_361' title='bbox 1063 3416 1214 3471; x_wconf 89' lang='lat' dir='ltr'>cibos</span> <span class='ocrx_word' id='word_1_362' title='bbox 1262 3419 1367 3472; x_wconf 88' lang='lat' dir='ltr'>vita</span> <span class='ocrx_word' id='word_1_363' title='bbox 1407 3420 1716 3487; x_wconf 79' lang='lat' dir='ltr'>privatum?</span> <span class='ocrx_word' id='word_1_364' title='bbox 1760 3420 1892 3488; x_wconf 87' lang='lat' dir='ltr'>Quis</span> 
     </span>
     <span class='ocr_line' id='line_1_37' title="bbox 318 3507 1891 3580; baseline 0.004 -19"><span class='ocrx_word' id='word_1_365' title='bbox 318 3509 393 3562; x_wconf 89' lang='lat' dir='ltr'>ita</span> <span class='ocrx_word' id='word_1_366' title='bbox 419 3508 672 3569; x_wconf 81' lang='lat' dir='ltr'>stoliduS,</span> <span class='ocrx_word' id='word_1_367' title='bbox 701 3518 756 3560; x_wconf 90' lang='lat' dir='ltr'>nt</span> <span class='ocrx_word' id='word_1_368' title='bbox 790 3525 892 3561; x_wconf 89' lang='lat' dir='ltr'>non</span> <span class='ocrx_word' id='word_1_369' title='bbox 917 3507 1114 3574; x_wconf 89' lang='lat' dir='ltr'>videat,</span> <span class='ocrx_word' id='word_1_370' title='bbox 1143 3509 1262 3562; x_wconf 81' lang='lat' dir='ltr'>aliis</span> <span class='ocrx_word' id='word_1_371' title='bbox 1290 3510 1516 3579; x_wconf 88' lang='lat' dir='ltr'>aliisque</span> <span class='ocrx_word' id='word_1_372' title='bbox 1561 3513 1730 3568; x_wconf 88' lang='lat' dir='ltr'>modis</span> <span class='ocrx_word' id='word_1_373' title='bbox 1758 3528 1891 3580; x_wconf 86' lang='lat' dir='ltr'>quo·</span> 
     </span>
     <span class='ocr_line' id='line_1_38' title="bbox 320 3601 1891 3681; baseline 0.002 -26"><span class='ocrx_word' id='word_1_374' title='bbox 320 3601 447 3655; x_wconf 89' lang='lat' dir='ltr'>tidie</span> <span class='ocrx_word' id='word_1_375' title='bbox 479 3615 578 3654; x_wconf 91' lang='lat' dir='ltr'>nos</span> <span class='ocrx_word' id='word_1_376' title='bbox 606 3601 728 3655; x_wconf 69' lang='lat' dir='ltr'>vitre</span> <span class='ocrx_word' id='word_1_377' title='bbox 759 3601 914 3668; x_wconf 80' lang='lat' dir='ltr'>hujus</span> <span class='ocrx_word' id='word_1_378' title='bbox 958 3604 1364 3673; x_wconf 82' lang='lat' dir='ltr'>dispensatione</span> <span class='ocrx_word' id='word_1_379' title='bbox 1421 3605 1619 3681; x_wconf 75' lang='lat' dir='ltr'>moveri</span> <span class='ocrx_word' id='word_1_380' title='bbox 1646 3606 1668 3658; x_wconf 82' lang='lat'><strong>?</strong></span> <span class='ocrx_word' id='word_1_381' title='bbox 1702 3605 1891 3659; x_wconf 82' lang='lat' dir='ltr'>Enim-</span> 
     </span>
     <span class='ocr_line' id='line_1_39' title="bbox 318 3691 1892 3766; baseline 0.005 -24"><span class='ocrx_word' id='word_1_382' title='bbox 318 3707 447 3747; x_wconf 85' lang='lat' dir='ltr'>vero</span> <span class='ocrx_word' id='word_1_383' title='bbox 495 3691 666 3747; x_wconf 87' lang='lat' dir='ltr'>bonus</span> <span class='ocrx_word' id='word_1_384' title='bbox 695 3708 759 3748; x_wconf 89' lang='lat' dir='ltr'>ac</span> <span class='ocrx_word' id='word_1_385' title='bbox 791 3693 963 3749; x_wconf 79' lang='lat' dir='ltr'>[idelis</span> <span class='ocrx_word' id='word_1_386' title='bbox 990 3710 1199 3760; x_wconf 77' lang='lat' dir='ltr'>servuS,</span> <span class='ocrx_word' id='word_1_387' title='bbox 1232 3695 1415 3764; x_wconf 89' lang='lat' dir='ltr'>reique</span> <span class='ocrx_word' id='word_1_388' title='bbox 1446 3697 1612 3766; x_wconf 88' lang='lat' dir='ltr'>probe</span> <span class='ocrx_word' id='word_1_389' title='bbox 1663 3698 1892 3750; x_wconf 86' lang='lat' dir='ltr'>admini-</span> 
     </span>
     <span class='ocr_line' id='line_1_40' title="bbox 316 3783 1889 3854; baseline 0.001 -17"><span class='ocrx_word' id='word_1_390' title='bbox 316 3789 501 3838; x_wconf 67' lang='lat' dir='ltr'>stratae</span> <span class='ocrx_word' id='word_1_391' title='bbox 523 3784 848 3838; x_wconf 85' lang='lat' dir='ltr'>conscientia</span> <span class='ocrx_word' id='word_1_392' title='bbox 890 3783 1081 3850; x_wconf 78' lang='lat' dir='ltr'>fretus,</span> <span class='ocrx_word' id='word_1_393' title='bbox 1119 3785 1192 3838; x_wconf 90' lang='lat' dir='ltr'>ita</span> <span class='ocrx_word' id='word_1_394' title='bbox 1219 3787 1397 3841; x_wconf 90' lang='lat' dir='ltr'>animo</span> <span class='ocrx_word' id='word_1_395' title='bbox 1417 3796 1761 3854; x_wconf 86' lang='lat' dir='ltr'>comparatus</span> <span class='ocrx_word' id='word_1_396' title='bbox 1785 3795 1889 3850; x_wconf 89' lang='lat' dir='ltr'>cst,</span> 
     </span>
    </p>
   </div>
   <div class='ocr_carea' id='block_1_5' title="bbox 229 3875 1893 3950">
    <p class='ocr_par' dir='ltr' id='par_1_6' title="bbox 229 3875 1893 3950">
     <span class='ocr_line' id='line_1_41' title="bbox 229 3875 1893 3950; baseline 0.006 -26"><span class='ocrx_word' id='word_1_397' title='bbox 229 3911 241 3924; x_wconf 87' lang='lat'>.</span> <span class='ocrx_word' id='word_1_398' title='bbox 318 3875 394 3930; x_wconf 91' lang='lat' dir='ltr'>nti</span> <span class='ocrx_word' id='word_1_399' title='bbox 423 3876 550 3929; x_wconf 90' lang='lat' dir='ltr'>olim</span> <span class='ocrx_word' id='word_1_400' title='bbox 586 3875 804 3931; x_wconf 87' lang='lat' dir='ltr'>Panlns.</span> <span class='ocrx_word' id='word_1_401' title='bbox 837 3877 929 3932; x_wconf 90' lang='lat' dir='ltr'>llle</span> <span class='ocrx_word' id='word_1_402' title='bbox 955 3879 1243 3932; x_wconf 86' lang='lat' dir='ltr'>enimcum</span> <span class='ocrx_word' id='word_1_403' title='bbox 1297 3894 1394 3934; x_wconf 86' lang='lat' dir='ltr'>ncc</span> <span class='ocrx_word' id='word_1_404' title='bbox 1431 3880 1687 3934; x_wconf 86' lang='lat' dir='ltr'>Dominus</span> <span class='ocrx_word' id='word_1_405' title='bbox 1738 3895 1893 3950; x_wconf 88' lang='lat' dir='ltr'>urge·</span> 
     </span>
    </p>
   </div>
   <div class='ocr_carea' id='block_1_6' title="bbox 317 3965 1895 4301">
    <p class='ocr_par' dir='ltr' id='par_1_7' title="bbox 317 3965 1895 4301">
     <span class='ocr_line' id='line_1_42' title="bbox 320 3965 1892 4040; baseline 0.005 -22"><span class='ocrx_word' id='word_1_406' title='bbox 320 3975 420 4028; x_wconf 91' lang='lat' dir='ltr'>ret,</span> <span class='ocrx_word' id='word_1_407' title='bbox 456 3965 521 4018; x_wconf 88' lang='lat' dir='ltr'>ad</span> <span class='ocrx_word' id='word_1_408' title='bbox 552 3980 671 4019; x_wconf 86' lang='lat' dir='ltr'>eum</span> <span class='ocrx_word' id='word_1_409' title='bbox 702 3967 1014 4029; x_wconf 86' lang='lat' dir='ltr'>anhelabat,</span> <span class='ocrx_word' id='word_1_410' title='bbox 1047 3983 1111 4023; x_wconf 89' lang='lat' dir='ltr'>ac</span> <span class='ocrx_word' id='word_1_411' title='bbox 1141 3968 1274 4023; x_wconf 87' lang='lat' dir='ltr'>solvi</span> <span class='ocrx_word' id='word_1_412' title='bbox 1329 3971 1602 4040; x_wconf 89' lang='lat' dir='ltr'>cupiebat,</span> <span class='ocrx_word' id='word_1_413' title='bbox 1642 3971 1892 4040; x_wconf 87' lang='lat' dir='ltr'>ultroque</span> 
     </span>
     <span class='ocr_line' id='line_1_43' title="bbox 318 4052 1895 4129; baseline 0.006 -24"><span class='ocrx_word' id='word_1_414' title='bbox 318 4052 711 4121; x_wconf 86' lang='lat' dir='ltr'>deprecabatur</span> <span class='ocrx_word' id='word_1_415' title='bbox 745 4054 1142 4122; x_wconf 79' lang='lat' dir='ltr'>villicationem,</span> <span class='ocrx_word' id='word_1_416' title='bbox 1167 4057 1364 4113; x_wconf 87' lang='lat' dir='ltr'>alicubi</span> <span class='ocrx_word' id='word_1_417' title='bbox 1423 4060 1639 4129; x_wconf 87' lang='lat' dir='ltr'>quidem</span> <span class='ocrx_word' id='word_1_418' title='bbox 1703 4063 1775 4114; x_wconf 87' lang='lat' dir='ltr'>ita</span> <span class='ocrx_word' id='word_1_419' title='bbox 1809 4062 1895 4115; x_wconf 87' lang='lat' dir='ltr'>di·</span> 
     </span>
     <span class='ocr_line' id='line_1_44' title="bbox 317 4141 1893 4219; baseline 0.006 -22"><span class='ocrx_word' id='word_1_420' title='bbox 317 4156 446 4197; x_wconf 87' lang='lat' dir='ltr'>cens</span> <span class='ocrx_word' id='word_1_421' title='bbox 475 4159 488 4196; x_wconf 93' lang='lat'>:</span> <span class='ocrx_word' id='word_1_422' title='bbox 528 4141 721 4210; x_wconf 74' lang='lat' dir='ltr'>Infelix</span> <span class='ocrx_word' id='word_1_423' title='bbox 746 4160 838 4212; x_wconf 75' lang='lat' dir='ltr'>equ</span> <span class='ocrx_word' id='word_1_424' title='bbox 866 4146 1039 4211; x_wconf 77' lang='lat' dir='ltr'>homo,</span> <span class='ocrx_word' id='word_1_425' title='bbox 1066 4146 1185 4215; x_wconf 77' lang='lat' dir='ltr'>qaia</span> <span class='ocrx_word' id='word_1_426' title='bbox 1210 4163 1291 4201; x_wconf 91' lang='lat' dir='ltr'>me</span> <span class='ocrx_word' id='word_1_427' title='bbox 1318 4149 1554 4202; x_wconf 75' lang='lat' dir='ltr'>liberabit</span> <span class='ocrx_word' id='word_1_428' title='bbox 1594 4152 1658 4204; x_wconf 83' lang='lat' dir='ltr'>de</span> <span class='ocrx_word' id='word_1_429' title='bbox 1681 4166 1893 4219; x_wconf 78' lang='lat' dir='ltr'>corpore</span> 
     </span>
     <span class='ocr_line' id='line_1_45' title="bbox 317 4232 1890 4301; baseline 0.008 -16"><span class='ocrx_word' id='word_1_430' title='bbox 317 4232 500 4286; x_wconf 74' lang='lat' dir='ltr'>mortis</span> <span class='ocrx_word' id='word_1_431' title='bbox 524 4232 681 4301; x_wconf 72' lang='lat' dir='ltr'>hujus</span> <span class='ocrx_word' id='word_1_432' title='bbox 703 4233 784 4286; x_wconf 77' lang='lat'>¹⁸?</span> <span class='ocrx_word' id='word_1_433' title='bbox 805 4235 882 4288; x_wconf 80' lang='lat' dir='ltr'>Ac</span> <span class='ocrx_word' id='word_1_434' title='bbox 928 4251 1116 4290; x_wconf 78' lang='lat' dir='ltr'>rursus</span> <span class='ocrx_word' id='word_1_435' title='bbox 1146 4252 1158 4288; x_wconf 91' lang='lat'><strong>:</strong></span> <span class='ocrx_word' id='word_1_436' title='bbox 1196 4236 1330 4292; x_wconf 79' lang='lat' dir='ltr'>Mihi</span> <span class='ocrx_word' id='word_1_437' title='bbox 1359 4248 1535 4293; x_wconf 82' lang='lat' dir='ltr'>autem</span> <span class='ocrx_word' id='word_1_438' title='bbox 1602 4242 1792 4296; x_wconf 81' lang='lat' dir='ltr'>bonum</span> <span class='ocrx_word' id='word_1_439' title='bbox 1815 4252 1890 4297; x_wconf 79' lang='lat' dir='ltr'>est</span> 
     </span>
    </p>
   </div>
   <div class='ocr_carea' id='block_1_7' title="bbox 1985 1873 3568 2957">
    <p class='ocr_par' dir='ltr' id='par_1_8' title="bbox 1985 1873 3568 2957">
     <span class='ocr_line' id='line_1_46' title="bbox 1986 1873 3558 1948; baseline 0 -20"><span class='ocrx_word' id='word_1_440' title='bbox 1986 1873 2097 1928; x_wconf 88' lang='grc' dir='ltr'>τῶν</span> <span class='ocrx_word' id='word_1_441' title='bbox 2120 1875 2367 1948; x_wconf 85' lang='grc' dir='ltr'><strong>καρπῶν,</strong></span> <span class='ocrx_word' id='word_1_442' title='bbox 2390 1876 2541 1930; x_wconf 76' lang='grc' dir='ltr'><strong>οὐδὲν</strong></span> <span class='ocrx_word' id='word_1_443' title='bbox 2560 1879 2588 1930; x_wconf 86' lang='grc' dir='ltr'>δ</span> <span class='ocrx_word' id='word_1_444' title='bbox 2613 1876 2709 1931; x_wconf 79' lang='grc' dir='ltr'>ἀνθ</span> <span class='ocrx_word' id='word_1_445' title='bbox 2717 1894 2899 1947; x_wconf 88' lang='grc' dir='ltr'><strong>ρωπος</strong></span> <span class='ocrx_word' id='word_1_446' title='bbox 2922 1894 3025 1948; x_wconf 86' lang='grc' dir='ltr'>χρη</span> <span class='ocrx_word' id='word_1_447' title='bbox 3034 1877 3157 1930; x_wconf 80' lang='grc' dir='ltr'><strong>στὸν</strong></span> <span class='ocrx_word' id='word_1_448' title='bbox 3182 1874 3558 1930; x_wconf 77' lang='grc' dir='ltr'><strong>ἐδουλεύσατο·</strong></span> 
     </span>
     <span class='ocr_line' id='line_1_47' title="bbox 1990 1964 3565 2039; baseline 0.001 -22"><span class='ocrx_word' id='word_1_449' title='bbox 1990 1965 2102 2018; x_wconf 86' lang='grc' dir='ltr'><strong>ἀλλ’</strong></span> <span class='ocrx_word' id='word_1_450' title='bbox 2144 1964 2363 2030; x_wconf 75' lang='grc' dir='ltr'><strong>ἀνοίξας</strong></span> <span class='ocrx_word' id='word_1_451' title='bbox 2408 1966 2643 2039; x_wconf 83' lang='grc' dir='ltr'><strong>γαστρὸς</strong></span> <span class='ocrx_word' id='word_1_452' title='bbox 2678 1966 3005 2037; x_wconf 81' lang='grc' dir='ltr'><strong>ἐπιθυμίαν,</strong></span> <span class='ocrx_word' id='word_1_453' title='bbox 3048 1966 3141 2020; x_wconf 73' lang='grc' dir='ltr'>καὶ</span> <span class='ocrx_word' id='word_1_454' title='bbox 3183 1967 3314 2030; x_wconf 79' lang='grc' dir='ltr'><strong>τοὺς</strong></span> <span class='ocrx_word' id='word_1_455' title='bbox 3345 1966 3565 2030; x_wconf 84' lang='grc' dir='ltr'><strong>πλατεῖς</strong></span> 
     </span>
     <span class='ocr_line' id='line_1_48' title="bbox 1989 2056 3567 2128; baseline -0.001 -17"><span class='ocrx_word' id='word_1_456' title='bbox 1989 2056 2082 2111; x_wconf 75' lang='grc' dir='ltr'>καὶ</span> <span class='ocrx_word' id='word_1_457' title='bbox 2108 2058 2424 2128; x_wconf 77' lang='grc' dir='ltr'><strong>άχωρήτους</strong></span> <span class='ocrx_word' id='word_1_458' title='bbox 2460 2057 2562 2128; x_wconf 84' lang='grc' dir='ltr'><strong>τῆς</strong></span> <span class='ocrx_word' id='word_1_459' title='bbox 2593 2057 2908 2122; x_wconf 70' lang='grc' dir='ltr'><strong>πλεονεξίας</strong></span> <span class='ocrx_word' id='word_1_460' title='bbox 2941 2057 3195 2122; x_wconf 79' lang='grc' dir='ltr'><strong>κόλπους,</strong></span> <span class='ocrx_word' id='word_1_461' title='bbox 3225 2058 3408 2112; x_wconf 85' lang='grc' dir='ltr'><strong>πάντα</strong></span> <span class='ocrx_word' id='word_1_462' title='bbox 3435 2058 3567 2111; x_wconf 84' lang='grc' dir='ltr'><strong>ἀπε-</strong></span> 
     </span>
     <span class='ocr_line' id='line_1_49' title="bbox 1989 2148 3565 2221; baseline 0.002 -19"><span class='ocrx_word' id='word_1_463' title='bbox 1989 2148 2193 2220; x_wconf 81' lang='grc' dir='ltr'><strong>κλήρου</strong></span> <span class='ocrx_word' id='word_1_464' title='bbox 2234 2152 2303 2221; x_wconf 76' lang='grc' dir='ltr'><strong>τῇ</strong></span> <span class='ocrx_word' id='word_1_465' title='bbox 2337 2149 2531 2204; x_wconf 84' lang='grc' dir='ltr'><strong>ἐαυτοῦ</strong></span> <span class='ocrx_word' id='word_1_466' title='bbox 2583 2149 2902 2215; x_wconf 77' lang='grc' dir='ltr'><strong>ἀπολαύσει,</strong></span> <span class='ocrx_word' id='word_1_467' title='bbox 2933 2150 3127 2220; x_wconf 80' lang='grc' dir='ltr'><strong>λέγων·</strong></span> <span class='ocrx_word' id='word_1_468' title='bbox 3166 2150 3418 2205; x_wconf 71' lang='grc' dir='ltr'><strong>Καθελῶ</strong></span> <span class='ocrx_word' id='word_1_469' title='bbox 3447 2168 3565 2221; x_wconf 79' lang='grc' dir='ltr'><strong>μου</strong></span> 
     </span>
     <span class='ocr_line' id='line_1_50' title="bbox 1987 2239 3563 2311; baseline 0.001 -18"><span class='ocrx_word' id='word_1_470' title='bbox 1987 2240 2095 2306; x_wconf 81' lang='grc' dir='ltr'>τὰς</span> <span class='ocrx_word' id='word_1_471' title='bbox 2147 2239 2458 2307; x_wconf 76' lang='grc' dir='ltr'><strong>ἀποθήκας</strong></span> <span class='ocrx_word' id='word_1_472' title='bbox 2481 2280 2497 2306; x_wconf 92' lang='grc'><strong>,</strong></span> <span class='ocrx_word' id='word_1_473' title='bbox 2534 2239 2636 2295; x_wconf 74' lang='grc' dir='ltr'>καὶ</span> <span class='ocrx_word' id='word_1_474' title='bbox 2682 2240 2959 2311; x_wconf 84' lang='grc' dir='ltr'><strong>μείζονας</strong></span> <span class='ocrx_word' id='word_1_475' title='bbox 3003 2240 3417 2310; x_wconf 77' lang='grc' dir='ltr'><strong>οἰκοδομήσω,</strong></span> <span class='ocrx_word' id='word_1_476' title='bbox 3466 2242 3563 2295; x_wconf 73' lang='grc' dir='ltr'>καὶ</span> 
     </span>
     <span class='ocr_line' id='line_1_51' title="bbox 1987 2331 3562 2403; baseline 0.001 -17"><span class='ocrx_word' id='word_1_477' title='bbox 1987 2331 2101 2400; x_wconf 73' lang='grc' dir='ltr'>ἑρῷ</span> <span class='ocrx_word' id='word_1_478' title='bbox 2128 2331 2203 2400; x_wconf 80' lang='grc' dir='ltr'><strong>τῇ</strong></span> <span class='ocrx_word' id='word_1_479' title='bbox 2237 2332 2413 2402; x_wconf 70' lang='grc' dir='ltr'><strong>ψυχῇ</strong></span> <span class='ocrx_word' id='word_1_480' title='bbox 2432 2350 2552 2401; x_wconf 82' lang='grc' dir='ltr'>μου</span> <span class='ocrx_word' id='word_1_481' title='bbox 2570 2349 2585 2363; x_wconf 87' lang='grc'><em>·</em></span> <span class='ocrx_word' id='word_1_482' title='bbox 2623 2335 2821 2402; x_wconf 79' lang='grc' dir='ltr'><strong>Ἔχεις</strong></span> <span class='ocrx_word' id='word_1_483' title='bbox 2847 2333 3048 2388; x_wconf 72' lang='grc' dir='ltr'><strong>πολλὰ</strong></span> <span class='ocrx_word' id='word_1_484' title='bbox 3082 2332 3277 2403; x_wconf 74' lang='grc' dir='ltr'><strong>ἀγαθά</strong></span> <span class='ocrx_word' id='word_1_485' title='bbox 3303 2334 3562 2403; x_wconf 80' lang='grc' dir='ltr'><strong>κείμενα·</strong></span> 
     </span>
     <span class='ocr_line' id='line_1_52' title="bbox 1988 2424 3567 2497; baseline 0 -17"><span class='ocrx_word' id='word_1_486' title='bbox 1988 2428 2322 2491; x_wconf 76' lang='grc' dir='ltr'><strong>ἀναπαύου,</strong></span> <span class='ocrx_word' id='word_1_487' title='bbox 2358 2424 2532 2496; x_wconf 75' lang='grc' dir='ltr'><strong>φάγε,</strong></span> <span class='ocrx_word' id='word_1_488' title='bbox 2562 2426 2682 2488; x_wconf 79' lang='grc' dir='ltr'><strong>πίε,</strong></span> <span class='ocrx_word' id='word_1_489' title='bbox 2703 2426 3028 2495; x_wconf 70' lang='grc' dir='ltr'><strong>εὐφραίνου</strong></span> <span class='ocrx_word' id='word_1_490' title='bbox 3052 2442 3067 2457; x_wconf 86' lang='grc'><em>·</em></span> <span class='ocrx_word' id='word_1_491' title='bbox 3103 2425 3200 2479; x_wconf 80' lang='grc' dir='ltr'>καὶ</span> <span class='ocrx_word' id='word_1_492' title='bbox 3230 2427 3443 2497; x_wconf 77' lang='grc' dir='ltr'><strong>μεταξὺ</strong></span> <span class='ocrx_word' id='word_1_493' title='bbox 3472 2427 3567 2480; x_wconf 82' lang='grc' dir='ltr'>λα-</span> 
     </span>
     <span class='ocr_line' id='line_1_53' title="bbox 1988 2513 3563 2589; baseline 0.001 -20"><span class='ocrx_word' id='word_1_494' title='bbox 1988 2516 2222 2582; x_wconf 82' lang='grc' dir='ltr'><strong>λοῦντος,</strong></span> <span class='ocrx_word' id='word_1_495' title='bbox 2265 2520 2295 2571; x_wconf 85' lang='grc' dir='ltr'><strong>ὀ</strong></span> <span class='ocrx_word' id='word_1_496' title='bbox 2336 2517 2562 2587; x_wconf 80' lang='grc' dir='ltr'><strong>ἀπάγων</strong></span> <span class='ocrx_word' id='word_1_497' title='bbox 2610 2516 2813 2588; x_wconf 77' lang='grc' dir='ltr'><strong>ἐπέστη</strong></span> <span class='ocrx_word' id='word_1_498' title='bbox 2834 2534 2848 2547; x_wconf 86' lang='grc'><em>·</em></span> <span class='ocrx_word' id='word_1_499' title='bbox 2882 2513 3015 2589; x_wconf 79' lang='grc' dir='ltr'><strong>ἦλθε</strong></span> <span class='ocrx_word' id='word_1_500' title='bbox 3067 2515 3301 2588; x_wconf 78' lang='grc' dir='ltr'><strong>φοδερδς</strong></span> <span class='ocrx_word' id='word_1_501' title='bbox 3346 2517 3563 2571; x_wconf 80' lang='grc' dir='ltr'><strong>σύνδου-</strong></span> 
     </span>
     <span class='ocr_line' id='line_1_54' title="bbox 1988 2607 3566 2679; baseline 0.001 -18"><span class='ocrx_word' id='word_1_502' title='bbox 1988 2608 2099 2673; x_wconf 86' lang='grc' dir='ltr'><strong>λος,</strong></span> <span class='ocrx_word' id='word_1_503' title='bbox 2131 2608 2475 2663; x_wconf 75' lang='grc' dir='ltr'><strong>ἀνάσπαστον</strong></span> <span class='ocrx_word' id='word_1_504' title='bbox 2514 2610 2578 2663; x_wconf 84' lang='grc' dir='ltr'><strong>ἐκ</strong></span> <span class='ocrx_word' id='word_1_505' title='bbox 2614 2608 2717 2679; x_wconf 81' lang='grc' dir='ltr'><strong>τῆς</strong></span> <span class='ocrx_word' id='word_1_506' title='bbox 2745 2607 3059 2678; x_wconf 79' lang='grc' dir='ltr'><strong>οἰκονομίας</strong></span> <span class='ocrx_word' id='word_1_507' title='bbox 3089 2607 3318 2673; x_wconf 78' lang='grc' dir='ltr'><strong>ἀπάξων</strong></span> <span class='ocrx_word' id='word_1_508' title='bbox 3339 2624 3354 2637; x_wconf 90' lang='grc'><em>·</em></span> <span class='ocrx_word' id='word_1_509' title='bbox 3384 2609 3479 2662; x_wconf 72' lang='grc' dir='ltr'>καὶ</span> <span class='ocrx_word' id='word_1_510' title='bbox 3512 2609 3566 2662; x_wconf 83' lang='grc' dir='ltr'><strong>τί</strong></span> 
     </span>
     <span class='ocr_line' id='line_1_55' title="bbox 1985 2698 3566 2772; baseline 0.001 -20"><span class='ocrx_word' id='word_1_511' title='bbox 1985 2699 2048 2752; x_wconf 75' lang='grc' dir='ltr'><strong>τὸ</strong></span> <span class='ocrx_word' id='word_1_512' title='bbox 2093 2698 2281 2769; x_wconf 74' lang='grc' dir='ltr'><strong>διρελος</strong></span> <span class='ocrx_word' id='word_1_513' title='bbox 2329 2702 2429 2770; x_wconf 80' lang='grc' dir='ltr'><strong>τῆς</strong></span> <span class='ocrx_word' id='word_1_514' title='bbox 2476 2699 2761 2771; x_wconf 84' lang='grc' dir='ltr'><strong>φιληδόνου</strong></span> <span class='ocrx_word' id='word_1_515' title='bbox 2801 2698 3039 2769; x_wconf 85' lang='grc' dir='ltr'><strong>βουλῆς;</strong></span> <span class='ocrx_word' id='word_1_516' title='bbox 3089 2699 3199 2753; x_wconf 76' lang='grc' dir='ltr'>Καὶ</span> <span class='ocrx_word' id='word_1_517' title='bbox 3245 2699 3419 2754; x_wconf 82' lang='grc' dir='ltr'><strong>ταῦτα</strong></span> <span class='ocrx_word' id='word_1_518' title='bbox 3469 2700 3566 2772; x_wconf 74' lang='grc' dir='ltr'>μὲν</span> 
     </span>
     <span class='ocr_line' id='line_1_56' title="bbox 1989 2790 3565 2865; baseline 0.001 -20"><span class='ocrx_word' id='word_1_519' title='bbox 1989 2792 2246 2864; x_wconf 76' lang='grc' dir='ltr'><strong>ἐμψύχως</strong></span> <span class='ocrx_word' id='word_1_520' title='bbox 2278 2793 2490 2865; x_wconf 71' lang='grc' dir='ltr'><strong>ἐγράφη</strong></span> <span class='ocrx_word' id='word_1_521' title='bbox 2520 2795 2601 2856; x_wconf 87' lang='grc' dir='ltr'>είς</span> <span class='ocrx_word' id='word_1_522' title='bbox 2647 2792 2929 2846; x_wconf 79' lang='grc' dir='ltr'><strong>νουθεσίαν</strong></span> <span class='ocrx_word' id='word_1_523' title='bbox 2977 2790 3155 2862; x_wconf 85' lang='grc' dir='ltr'><strong>ὴμῶν.</strong></span> <span class='ocrx_word' id='word_1_524' title='bbox 3214 2792 3282 2845; x_wconf 84' lang='grc' dir='ltr'><strong>Ἥ</strong></span> <span class='ocrx_word' id='word_1_525' title='bbox 3310 2792 3369 2846; x_wconf 78' lang='grc' dir='ltr'>δὲ</span> <span class='ocrx_word' id='word_1_526' title='bbox 3405 2796 3565 2864; x_wconf 83' lang='grc' dir='ltr'><strong>πεῖρα</strong></span> 
     </span>
     <span class='ocr_line' id='line_1_57' title="bbox 1987 2883 3568 2957; baseline 0.001 -20"><span class='ocrx_word' id='word_1_527' title='bbox 1987 2884 2080 2938; x_wconf 91' lang='grc' dir='ltr'>τοῦ</span> <span class='ocrx_word' id='word_1_528' title='bbox 2115 2885 2228 2955; x_wconf 89' lang='grc' dir='ltr'><strong>βίου</strong></span> <span class='ocrx_word' id='word_1_529' title='bbox 2278 2886 2530 2957; x_wconf 80' lang='grc' dir='ltr'><strong>ποταπή;</strong></span> <span class='ocrx_word' id='word_1_530' title='bbox 2583 2884 2658 2939; x_wconf 65' lang='lat' dir='ltr'>Du</span> <span class='ocrx_word' id='word_1_531' title='bbox 2694 2883 2816 2938; x_wconf 82' lang='grc' dir='ltr'><strong>καθ’</strong></span> <span class='ocrx_word' id='word_1_532' title='bbox 2867 2884 3103 2953; x_wconf 81' lang='grc' dir='ltr'><strong>ἑκάστην</strong></span> <span class='ocrx_word' id='word_1_533' title='bbox 3138 2883 3359 2955; x_wconf 74' lang='grc' dir='ltr'><strong>ἡμέραν</strong></span> <span class='ocrx_word' id='word_1_534' title='bbox 3393 2885 3568 2939; x_wconf 82' lang='grc' dir='ltr'><strong>ταῦτα</strong></span> 
     </span>
    </p>
   </div>
   <div class='ocr_carea' id='block_1_8' title="bbox 1914 2974 3568 3072">
    <p class='ocr_par' dir='ltr' id='par_1_9' title="bbox 1914 2974 3568 3072">
     <span class='ocr_line' id='line_1_58' title="bbox 1914 2974 3568 3072; baseline -0.001 -43"><span class='ocrx_word' id='word_1_535' title='bbox 1914 3009 1961 3072; x_wconf 78' lang='lat' dir='ltr'>C</span> <span class='ocrx_word' id='word_1_536' title='bbox 1991 2976 2058 3029; x_wconf 80' lang='grc' dir='ltr'>δι’</span> <span class='ocrx_word' id='word_1_537' title='bbox 2114 2975 2290 3047; x_wconf 74' lang='grc' dir='ltr'><strong>ἔργων</strong></span> <span class='ocrx_word' id='word_1_538' title='bbox 2339 2976 2459 3049; x_wconf 81' lang='grc' dir='ltr'><strong>βοᾷ,</strong></span> <span class='ocrx_word' id='word_1_539' title='bbox 2508 2975 2762 3029; x_wconf 84' lang='grc' dir='ltr'><strong>δεικνῦσα</strong></span> <span class='ocrx_word' id='word_1_540' title='bbox 2808 2977 2937 3046; x_wconf 73' lang='grc' dir='ltr'><strong>ἡμῖν</strong></span> <span class='ocrx_word' id='word_1_541' title='bbox 2972 2974 3064 3027; x_wconf 78' lang='grc' dir='ltr'>τὸν</span> <span class='ocrx_word' id='word_1_542' title='bbox 3111 2976 3169 3027; x_wconf 85' lang='grc' dir='ltr'>ὲν</span> <span class='ocrx_word' id='word_1_543' title='bbox 3211 2975 3353 3048; x_wconf 75' lang='grc' dir='ltr'><strong>μέσῃ</strong></span> <span class='ocrx_word' id='word_1_544' title='bbox 3388 2976 3568 3048; x_wconf 76' lang='grc' dir='ltr'><strong>ἡμέρᾳ</strong></span> 
     </span>
    </p>
   </div>
   <div class='ocr_carea' id='block_1_9' title="bbox 1985 3067 3579 4327">
    <p class='ocr_par' dir='ltr' id='par_1_10' title="bbox 1992 3067 3562 3324">
     <span class='ocr_line' id='line_1_59' title="bbox 1993 3067 3558 3141; baseline -0.002 -18"><span class='ocrx_word' id='word_1_545' title='bbox 1993 3070 2324 3138; x_wconf 81' lang='grc' dir='ltr'><strong>ὑγιαίνοντα,</strong></span> <span class='ocrx_word' id='word_1_546' title='bbox 2369 3070 2475 3140; x_wconf 79' lang='grc' dir='ltr'>πρὸ</span> <span class='ocrx_word' id='word_1_547' title='bbox 2512 3068 2615 3139; x_wconf 78' lang='grc' dir='ltr'><strong>τῆς</strong></span> <span class='ocrx_word' id='word_1_548' title='bbox 2648 3067 2902 3139; x_wconf 81' lang='grc' dir='ltr'><strong>ἐπιτολῆς</strong></span> <span class='ocrx_word' id='word_1_549' title='bbox 2935 3067 3029 3121; x_wconf 88' lang='grc' dir='ltr'>τοῦ</span> <span class='ocrx_word' id='word_1_550' title='bbox 3069 3067 3312 3141; x_wconf 77' lang='grc' dir='ltr'><strong>ἐσπέρου</strong></span> <span class='ocrx_word' id='word_1_551' title='bbox 3349 3069 3558 3140; x_wconf 77' lang='grc' dir='ltr'><strong>νεκρόν·</strong></span> 
     </span>
     <span class='ocr_line' id='line_1_60' title="bbox 1993 3160 3562 3234; baseline -0.001 -19"><span class='ocrx_word' id='word_1_552' title='bbox 1993 3161 2207 3216; x_wconf 76' lang='grc' dir='ltr'><strong>καὶτὸν</strong></span> <span class='ocrx_word' id='word_1_553' title='bbox 2250 3162 2561 3234; x_wconf 73' lang='grc' dir='ltr'><strong>ἐρρωμένον</strong></span> <span class='ocrx_word' id='word_1_554' title='bbox 2594 3163 2651 3214; x_wconf 85' lang='grc' dir='ltr'>ὲν</span> <span class='ocrx_word' id='word_1_555' title='bbox 2713 3163 2778 3232; x_wconf 80' lang='grc' dir='ltr'><strong>τῇ</strong></span> <span class='ocrx_word' id='word_1_556' title='bbox 2832 3161 3060 3232; x_wconf 75' lang='grc' dir='ltr'><strong>ἑσπέρᾳ,</strong></span> <span class='ocrx_word' id='word_1_557' title='bbox 3100 3160 3200 3232; x_wconf 75' lang='grc' dir='ltr'>τὴν</span> <span class='ocrx_word' id='word_1_558' title='bbox 3243 3162 3430 3216; x_wconf 77' lang='grc' dir='ltr'><strong>ἀκτῖνα</strong></span> <span class='ocrx_word' id='word_1_559' title='bbox 3465 3162 3562 3232; x_wconf 77' lang='grc' dir='ltr'>τὴν</span> 
     </span>
     <span class='ocr_line' id='line_1_61' title="bbox 1992 3251 3552 3324; baseline -0.001 -18"><span class='ocrx_word' id='word_1_560' title='bbox 1992 3253 2220 3324; x_wconf 73' lang='grc' dir='ltr'><strong>ἑωθινὴν</strong></span> <span class='ocrx_word' id='word_1_561' title='bbox 2259 3255 2319 3306; x_wconf 88' lang='grc' dir='ltr'><strong>ού</strong></span> <span class='ocrx_word' id='word_1_562' title='bbox 2362 3252 2879 3324; x_wconf 63' lang='grc' dir='ltr'><strong>καταλαμβάνοντα·</strong></span> <span class='ocrx_word' id='word_1_563' title='bbox 2910 3255 3003 3307; x_wconf 75' lang='grc' dir='ltr'>καὶ</span> <span class='ocrx_word' id='word_1_564' title='bbox 3044 3252 3206 3306; x_wconf 74' lang='grc' dir='ltr'><strong>ἄλλον</strong></span> <span class='ocrx_word' id='word_1_565' title='bbox 3242 3251 3431 3324; x_wconf 80' lang='grc' dir='ltr'><strong>μεταξὺ</strong></span> <span class='ocrx_word' id='word_1_566' title='bbox 3460 3251 3552 3305; x_wconf 78' lang='grc' dir='ltr'>τοῦ</span> 
     </span>
    </p>

    <p class='ocr_par' dir='ltr' id='par_1_11' title="bbox 1992 3339 3550 3416">
     <span class='ocr_line' id='line_1_62' title="bbox 1992 3339 3550 3416; baseline -0.002 -18"><span class='ocrx_word' id='word_1_567' title='bbox 1992 3345 2211 3409; x_wconf 76' lang='grc' dir='ltr'><strong>ἐσθίειν,</strong></span> <span class='ocrx_word' id='word_1_568' title='bbox 2232 3344 2327 3398; x_wconf 79' lang='grc' dir='ltr'>τοῦ</span> <span class='ocrx_word' id='word_1_569' title='bbox 2354 3342 2452 3415; x_wconf 80' lang='grc' dir='ltr'>ζῇν</span> <span class='ocrx_word' id='word_1_570' title='bbox 2473 3344 2815 3416; x_wconf 82' lang='grc' dir='ltr'><strong>ἀπολήγοντα</strong></span> <span class='ocrx_word' id='word_1_571' title='bbox 2833 3361 2847 3409; x_wconf 89' lang='lat'><strong>;</strong></span> <span class='ocrx_word' id='word_1_572' title='bbox 2872 3343 2968 3407; x_wconf 91' lang='grc' dir='ltr'>Τίς</span> <span class='ocrx_word' id='word_1_573' title='bbox 2982 3342 3038 3396; x_wconf 80' lang='grc' dir='ltr'>δὲ</span> <span class='ocrx_word' id='word_1_574' title='bbox 3060 3341 3238 3407; x_wconf 75' lang='grc' dir='ltr'><strong>οὕτως</strong></span> <span class='ocrx_word' id='word_1_575' title='bbox 3250 3340 3459 3414; x_wconf 66' lang='grc' dir='ltr'><strong>ἠλίθιος,</strong></span> <span class='ocrx_word' id='word_1_576' title='bbox 3476 3339 3550 3404; x_wconf 80' lang='grc' dir='ltr'>ὡς</span> 
     </span>
    </p>

    <p class='ocr_par' dir='ltr' id='par_1_12' title="bbox 1985 3431 3579 4145">
     <span class='ocr_line' id='line_1_63' title="bbox 1996 3431 3560 3509; baseline -0.003 -18"><span class='ocrx_word' id='word_1_577' title='bbox 1996 3437 2069 3509; x_wconf 78' lang='grc' dir='ltr'>μὴ</span> <span class='ocrx_word' id='word_1_578' title='bbox 2088 3439 2336 3508; x_wconf 75' lang='grc' dir='ltr'><strong>συνορᾷν,</strong></span> <span class='ocrx_word' id='word_1_579' title='bbox 2362 3436 2509 3499; x_wconf 82' lang='grc' dir='ltr'><strong>ὅπως</strong></span> <span class='ocrx_word' id='word_1_580' title='bbox 2536 3436 2860 3508; x_wconf 82' lang='grc' dir='ltr'><strong>καθημέραν</strong></span> <span class='ocrx_word' id='word_1_581' title='bbox 2880 3434 3035 3497; x_wconf 82' lang='grc' dir='ltr'><strong>ἄλλος</strong></span> <span class='ocrx_word' id='word_1_582' title='bbox 3057 3433 3251 3488; x_wconf 81' lang='grc' dir='ltr'><strong>ἄλλοτε</strong></span> <span class='ocrx_word' id='word_1_583' title='bbox 3269 3434 3365 3506; x_wconf 81' lang='grc' dir='ltr'><strong>τῆς</strong></span> <span class='ocrx_word' id='word_1_584' title='bbox 3376 3431 3560 3487; x_wconf 76' lang='grc' dir='ltr'><strong>ἐνθάδε</strong></span> 
     </span>
     <span class='ocr_line' id='line_1_64' title="bbox 1992 3525 3574 3601; baseline -0.003 -17"><span class='ocrx_word' id='word_1_585' title='bbox 1992 3530 2303 3601; x_wconf 73' lang='grc' dir='ltr'><strong>οἰκονομίας</strong></span> <span class='ocrx_word' id='word_1_586' title='bbox 2325 3527 2582 3582; x_wconf 85' lang='grc' dir='ltr'><strong>ἀποκινού</strong></span> <span class='ocrx_word' id='word_1_587' title='bbox 2593 3528 2750 3598; x_wconf 86' lang='grc' dir='ltr'><strong>μεθα;</strong></span> <span class='ocrx_word' id='word_1_588' title='bbox 2788 3525 2930 3580; x_wconf 82' lang='grc' dir='ltr'><strong>Ἀλλ’</strong></span> <span class='ocrx_word' id='word_1_589' title='bbox 2951 3528 2982 3581; x_wconf 83' lang='grc' dir='ltr'><strong>ὁ</strong></span> <span class='ocrx_word' id='word_1_590' title='bbox 3006 3528 3105 3597; x_wconf 80' lang='grc' dir='ltr'>μὲν</span> <span class='ocrx_word' id='word_1_591' title='bbox 3127 3526 3347 3597; x_wconf 71' lang='grc' dir='ltr'><strong>ἀγαθὸς</strong></span> <span class='ocrx_word' id='word_1_592' title='bbox 3363 3527 3459 3580; x_wconf 78' lang='grc' dir='ltr'>καί</span> <span class='ocrx_word' id='word_1_593' title='bbox 3485 3543 3574 3580; x_wconf 76' lang='grc' dir='ltr'>πι-</span> 
     </span>
     <span class='ocr_line' id='line_1_65' title="bbox 1995 3617 3579 3690; baseline -0.001 -17"><span class='ocrx_word' id='word_1_594' title='bbox 1995 3621 2115 3684; x_wconf 80' lang='grc' dir='ltr'><strong>στὸς</strong></span> <span class='ocrx_word' id='word_1_595' title='bbox 2141 3619 2358 3689; x_wconf 74' lang='grc' dir='ltr'><strong>οἰκέτης</strong></span> <span class='ocrx_word' id='word_1_596' title='bbox 2372 3621 2466 3672; x_wconf 76' lang='grc' dir='ltr'>καὶ</span> <span class='ocrx_word' id='word_1_597' title='bbox 2488 3618 2761 3682; x_wconf 87' lang='grc' dir='ltr'><strong>πεποιθὼς</strong></span> <span class='ocrx_word' id='word_1_598' title='bbox 2781 3621 2847 3690; x_wconf 79' lang='grc' dir='ltr'><strong>τῇ</strong></span> <span class='ocrx_word' id='word_1_599' title='bbox 2872 3617 3065 3671; x_wconf 83' lang='grc' dir='ltr'><strong>ἑαυτοῦ</strong></span> <span class='ocrx_word' id='word_1_600' title='bbox 3095 3617 3385 3689; x_wconf 79' lang='grc' dir='ltr'><strong>διοικήσει,</strong></span> <span class='ocrx_word' id='word_1_601' title='bbox 3402 3617 3579 3683; x_wconf 79' lang='grc' dir='ltr'><strong>οὕτως</strong></span> 
     </span>
     <span class='ocr_line' id='line_1_66' title="bbox 1994 3704 3573 3782; baseline 0 -19"><span class='ocrx_word' id='word_1_602' title='bbox 1994 3711 2105 3782; x_wconf 77' lang='grc' dir='ltr'><strong>ἔχει</strong></span> <span class='ocrx_word' id='word_1_603' title='bbox 2118 3708 2359 3781; x_wconf 84' lang='grc' dir='ltr'><strong>γνώμης,</strong></span> <span class='ocrx_word' id='word_1_604' title='bbox 2373 3711 2448 3773; x_wconf 87' lang='grc' dir='ltr'>ὡς</span> <span class='ocrx_word' id='word_1_605' title='bbox 2463 3704 2574 3780; x_wconf 77' lang='grc' dir='ltr'><strong>εἶχε</strong></span> <span class='ocrx_word' id='word_1_606' title='bbox 2593 3709 2823 3772; x_wconf 81' lang='grc' dir='ltr'><strong>Παῦλος.</strong></span> <span class='ocrx_word' id='word_1_607' title='bbox 2860 3711 3097 3773; x_wconf 79' lang='grc' dir='ltr'><strong>Ἐκεῖνος</strong></span> <span class='ocrx_word' id='word_1_608' title='bbox 3112 3709 3352 3781; x_wconf 87' lang='grc' dir='ltr'><strong>γάρ.τοῦ</strong></span> <span class='ocrx_word' id='word_1_609' title='bbox 3372 3710 3573 3780; x_wconf 81' lang='grc' dir='ltr'><strong>Κυρίου</strong></span> 
     </span>
     <span class='ocr_line' id='line_1_67' title="bbox 1996 3799 3573 3874; baseline -0.001 -19"><span class='ocrx_word' id='word_1_610' title='bbox 1996 3802 2070 3874; x_wconf 83' lang='grc' dir='ltr'>μὴ</span> <span class='ocrx_word' id='word_1_611' title='bbox 2095 3801 2527 3869; x_wconf 85' lang='grc' dir='ltr'><strong>κατεπείγοντος,</strong></span> <span class='ocrx_word' id='word_1_612' title='bbox 2565 3799 2789 3853; x_wconf 77' lang='grc' dir='ltr'><strong>ἔσπευδε</strong></span> <span class='ocrx_word' id='word_1_613' title='bbox 2815 3800 2950 3873; x_wconf 67' lang='grc' dir='ltr'><strong>πρὸς</strong></span> <span class='ocrx_word' id='word_1_614' title='bbox 2974 3799 3156 3865; x_wconf 81' lang='grc' dir='ltr'><strong>αὑτὸν,</strong></span> <span class='ocrx_word' id='word_1_615' title='bbox 3190 3799 3286 3854; x_wconf 74' lang='grc' dir='ltr'>καὶ</span> <span class='ocrx_word' id='word_1_616' title='bbox 3307 3800 3408 3870; x_wconf 80' lang='grc' dir='ltr'>τἠν</span> <span class='ocrx_word' id='word_1_617' title='bbox 3440 3802 3573 3854; x_wconf 84' lang='grc' dir='ltr'><strong>ἀνά·</strong></span> 
     </span>
     <span class='ocr_line' id='line_1_68' title="bbox 1992 3889 3564 3964; baseline -0.004 -15"><span class='ocrx_word' id='word_1_618' title='bbox 1992 3894 2144 3949; x_wconf 89' lang='grc' dir='ltr'><strong>λυσιν</strong></span> <span class='ocrx_word' id='word_1_619' title='bbox 2180 3891 2364 3946; x_wconf 75' lang='grc' dir='ltr'><strong>ἐπόθει</strong></span> <span class='ocrx_word' id='word_1_620' title='bbox 2390 3933 2404 3954; x_wconf 90' lang='grc'><strong>,</strong></span> <span class='ocrx_word' id='word_1_621' title='bbox 2452 3893 2548 3946; x_wconf 76' lang='grc' dir='ltr'>καὶ</span> <span class='ocrx_word' id='word_1_622' title='bbox 2592 3894 2887 3963; x_wconf 81' lang='grc' dir='ltr'><strong>παρῃτεῖτο</strong></span> <span class='ocrx_word' id='word_1_623' title='bbox 2928 3889 3068 3944; x_wconf 79' lang='grc' dir='ltr'><strong>ἑκὼν</strong></span> <span class='ocrx_word' id='word_1_624' title='bbox 3104 3889 3204 3964; x_wconf 77' lang='grc' dir='ltr'>τὴν</span> <span class='ocrx_word' id='word_1_625' title='bbox 3229 3891 3564 3959; x_wconf 74' lang='grc' dir='ltr'><strong>οἰκονομίαν,</strong></span> 
     </span>
     <span class='ocr_line' id='line_1_69' title="bbox 1996 3980 3563 4057; baseline -0.003 -19"><span class='ocrx_word' id='word_1_626' title='bbox 1996 3988 2071 4057; x_wconf 84' lang='grc' dir='ltr'>πῆ</span> <span class='ocrx_word' id='word_1_627' title='bbox 2102 3985 2199 4056; x_wconf 83' lang='grc' dir='ltr'>μὲν</span> <span class='ocrx_word' id='word_1_628' title='bbox 2228 3984 2398 4054; x_wconf 83' lang='grc' dir='ltr'><strong>λέγων</strong></span> <span class='ocrx_word' id='word_1_629' title='bbox 2419 4001 2435 4018; x_wconf 86' lang='grc'><em>·</em></span> <span class='ocrx_word' id='word_1_630' title='bbox 2464 3982 2981 4052; x_wconf 64' lang='grc' dir='ltr'><strong>Ταλαίπωροςεγὼ</strong></span> <span class='ocrx_word' id='word_1_631' title='bbox 3020 3982 3337 4052; x_wconf 69' lang='grc' dir='ltr'><strong>ἅνθρωπος,</strong></span> <span class='ocrx_word' id='word_1_632' title='bbox 3365 3980 3458 4042; x_wconf 73' lang='grc' dir='ltr'>τίς</span> <span class='ocrx_word' id='word_1_633' title='bbox 3473 3995 3563 4046; x_wconf 68' lang='grc' dir='ltr'>με</span> 
     </span>
     <span class='ocr_line' id='line_1_70' title="bbox 1985 4067 3543 4145; baseline -0.008 -16"><span class='ocrx_word' id='word_1_634' title='bbox 1985 4076 2238 4145; x_wconf 81' lang='grc' dir='ltr'><strong>ῥύσεται</strong></span> <span class='ocrx_word' id='word_1_635' title='bbox 2275 4073 2344 4128; x_wconf 81' lang='grc' dir='ltr'><strong>ἐκ</strong></span> <span class='ocrx_word' id='word_1_636' title='bbox 2380 4073 2486 4128; x_wconf 85' lang='grc' dir='ltr'>τοῦ</span> <span class='ocrx_word' id='word_1_637' title='bbox 2543 4071 2816 4141; x_wconf 79' lang='grc' dir='ltr'><strong>σώματος</strong></span> <span class='ocrx_word' id='word_1_638' title='bbox 2861 4070 2967 4125; x_wconf 83' lang='grc' dir='ltr'>τοῦ</span> <span class='ocrx_word' id='word_1_639' title='bbox 3000 4069 3257 4126; x_wconf 78' lang='grc' dir='ltr'><strong>θανάτου</strong></span> <span class='ocrx_word' id='word_1_640' title='bbox 3305 4067 3543 4128; x_wconf 83' lang='grc' dir='ltr'><strong>τούτου,</strong></span> 
     </span>
    </p>

    <p class='ocr_par' dir='ltr' id='par_1_13' title="bbox 1993 4155 3563 4327">
     <span class='ocr_line' id='line_1_71' title="bbox 1993 4155 3558 4232; baseline -0.006 -14"><span class='ocrx_word' id='word_1_641' title='bbox 1993 4165 2088 4218; x_wconf 80' lang='grc' dir='ltr'>καὶ</span> <span class='ocrx_word' id='word_1_642' title='bbox 2127 4163 2317 4217; x_wconf 86' lang='grc' dir='ltr'><strong>πάλιν·</strong></span> <span class='ocrx_word' id='word_1_643' title='bbox 2364 4163 2520 4232; x_wconf 80' lang='grc' dir='ltr'><strong>Ἐμοὶ</strong></span> <span class='ocrx_word' id='word_1_644' title='bbox 2571 4161 2658 4228; x_wconf 82' lang='grc' dir='ltr'>δὲ,</span> <span class='ocrx_word' id='word_1_645' title='bbox 2704 4161 2894 4215; x_wconf 73' lang='grc' dir='ltr'><strong>καλὸν</strong></span> <span class='ocrx_word' id='word_1_646' title='bbox 2932 4161 3261 4224; x_wconf 71' lang='grc' dir='ltr'><strong>ἀναλῦσαι,</strong></span> <span class='ocrx_word' id='word_1_647' title='bbox 3305 4155 3400 4212; x_wconf 75' lang='grc' dir='ltr'>καὶ</span> <span class='ocrx_word' id='word_1_648' title='bbox 3438 4155 3558 4210; x_wconf 84' lang='grc' dir='ltr'>σὺν</span> 
     </span>
     <span class='ocr_line' id='line_1_72' title="bbox 1994 4246 3563 4327; baseline -0.008 -14"><span class='ocrx_word' id='word_1_649' title='bbox 1994 4255 2224 4327; x_wconf 81' lang='grc' dir='ltr'><strong>Χριστῷ</strong></span> <span class='ocrx_word' id='word_1_650' title='bbox 2260 4257 2432 4311; x_wconf 80' lang='grc' dir='ltr'><strong>εἶναι.</strong></span> <span class='ocrx_word' id='word_1_651' title='bbox 2468 4256 2528 4308; x_wconf 73' lang='grc' dir='ltr'><strong>ὐ</strong></span> <span class='ocrx_word' id='word_1_652' title='bbox 2559 4254 2617 4307; x_wconf 82' lang='grc' dir='ltr'>δὲ</span> <span class='ocrx_word' id='word_1_653' title='bbox 2664 4255 2846 4324; x_wconf 79' lang='grc' dir='ltr'><strong>γήινος</strong></span> <span class='ocrx_word' id='word_1_654' title='bbox 2892 4252 2952 4306; x_wconf 75' lang='grc' dir='ltr'><strong>τὸ</strong></span> <span class='ocrx_word' id='word_1_655' title='bbox 2987 4252 3275 4324; x_wconf 80' lang='grc' dir='ltr'><strong>φρόνημα,</strong></span> <span class='ocrx_word' id='word_1_656' title='bbox 3328 4250 3424 4304; x_wconf 56' lang='grc' dir='ltr'>καὶΙ</span> <span class='ocrx_word' id='word_1_657' title='bbox 3455 4246 3563 4303; x_wconf 83' lang='grc' dir='ltr'>τῶν</span> 
     </span>
    </p>
   </div>
   <div class='ocr_carea' id='block_1_10' title="bbox 316 4323 3564 4420">
    <p class='ocr_par' dir='ltr' id='par_1_14' title="bbox 316 4323 3564 4420">
     <span class='ocr_line' id='line_1_73' title="bbox 316 4323 3564 4420; baseline 0.005 -44"><span class='ocrx_word' id='word_1_658' title='bbox 316 4323 553 4386; x_wconf 74' lang='lat' dir='ltr'>dissolvi,</span> <span class='ocrx_word' id='word_1_659' title='bbox 582 4333 628 4377; x_wconf 81' lang='lat' dir='ltr'>et</span> <span class='ocrx_word' id='word_1_660' title='bbox 663 4341 772 4380; x_wconf 74' lang='lat' dir='ltr'>esse</span> <span class='ocrx_word' id='word_1_661' title='bbox 797 4343 912 4380; x_wconf 83' lang='lat' dir='ltr'>cnm</span> <span class='ocrx_word' id='word_1_662' title='bbox 939 4325 1150 4382; x_wconf 73' lang='lat' dir='ltr'>Christo</span> <span class='ocrx_word' id='word_1_663' title='bbox 1195 4330 1264 4383; x_wconf 80' lang='lat'>⁸⁹.</span> <span class='ocrx_word' id='word_1_664' title='bbox 1304 4330 1522 4395; x_wconf 86' lang='lat' dir='ltr'>Contra,</span> <span class='ocrx_word' id='word_1_665' title='bbox 1576 4335 1667 4402; x_wconf 88' lang='lat' dir='ltr'>qui</span> <span class='ocrx_word' id='word_1_666' title='bbox 1697 4334 1884 4404; x_wconf 88' lang='lat' dir='ltr'>plenus</span> <span class='ocrx_word' id='word_1_667' title='bbox 1925 4344 1970 4400; x_wconf 74' lang='grc' dir='ltr'><strong>Β</strong></span> <span class='ocrx_word' id='word_1_668' title='bbox 1998 4346 2182 4420; x_wconf 74' lang='grc' dir='ltr'><strong>βώλων</strong></span> <span class='ocrx_word' id='word_1_669' title='bbox 2217 4345 2432 4417; x_wconf 73' lang='grc' dir='ltr'><strong>ἀληθῶς</strong></span> <span class='ocrx_word' id='word_1_670' title='bbox 2477 4342 2765 4413; x_wconf 70' lang='grc' dir='ltr'><strong>συγγενὴς,</strong></span> <span class='ocrx_word' id='word_1_671' title='bbox 2799 4341 3021 4395; x_wconf 86' lang='grc' dir='ltr'><strong>τοιαῦτα</strong></span> <span class='ocrx_word' id='word_1_672' title='bbox 3052 4339 3303 4413; x_wconf 81' lang='grc' dir='ltr'><strong>ὀδύρεται</strong></span> <span class='ocrx_word' id='word_1_673' title='bbox 3350 4340 3564 4410; x_wconf 85' lang='grc' dir='ltr'><strong>ἀμηχα-</strong></span> 
     </span>
    </p>
   </div>
   <div class='ocr_carea' id='block_1_11' title="bbox 317 4415 1894 5488">
    <p class='ocr_par' dir='ltr' id='par_1_15' title="bbox 317 4415 1894 5488">
     <span class='ocr_line' id='line_1_74' title="bbox 318 4415 1894 4490; baseline 0.01 -24"><span class='ocrx_word' id='word_1_674' title='bbox 318 4421 403 4467; x_wconf 92' lang='lat' dir='ltr'>est</span> <span class='ocrx_word' id='word_1_675' title='bbox 435 4415 668 4469; x_wconf 89' lang='lat' dir='ltr'>terrenis</span> <span class='ocrx_word' id='word_1_676' title='bbox 700 4416 1140 4484; x_wconf 87' lang='lat' dir='ltr'>cogitationibus,</span> <span class='ocrx_word' id='word_1_677' title='bbox 1169 4419 1449 4490; x_wconf 85' lang='lat' dir='ltr'>glebisque</span> <span class='ocrx_word' id='word_1_678' title='bbox 1472 4436 1535 4476; x_wconf 90' lang='lat' dir='ltr'>ac</span> <span class='ocrx_word' id='word_1_679' title='bbox 1565 4423 1726 4479; x_wconf 83' lang='lat' dir='ltr'>humo</span> <span class='ocrx_word' id='word_1_680' title='bbox 1768 4441 1894 4483; x_wconf 86' lang='lat' dir='ltr'>vere</span> 
     </span>
     <span class='ocr_line' id='line_1_75' title="bbox 319 4506 1892 4585; baseline 0.009 -26"><span class='ocrx_word' id='word_1_681' title='bbox 319 4514 597 4574; x_wconf 82' lang='lat' dir='ltr'>cognatus,</span> <span class='ocrx_word' id='word_1_682' title='bbox 618 4506 878 4575; x_wconf 83' lang='lat' dir='ltr'>ejusmodi</span> <span class='ocrx_word' id='word_1_683' title='bbox 904 4507 1230 4566; x_wconf 88' lang='lat' dir='ltr'>lamentatur</span> <span class='ocrx_word' id='word_1_684' title='bbox 1245 4514 1441 4568; x_wconf 84' lang='lat' dir='ltr'>anxius</span> <span class='ocrx_word' id='word_1_685' title='bbox 1459 4515 1525 4570; x_wconf 89' lang='lat' dir='ltr'>de</span> <span class='ocrx_word' id='word_1_686' title='bbox 1550 4517 1892 4585; x_wconf 81' lang='lat' dir='ltr'>migratione,</span> 
     </span>
     <span class='ocr_line' id='line_1_76' title="bbox 319 4597 1889 4676; baseline 0.007 -26"><span class='ocrx_word' id='word_1_687' title='bbox 319 4604 481 4666; x_wconf 90' lang='lat' dir='ltr'>atque</span> <span class='ocrx_word' id='word_1_688' title='bbox 510 4597 671 4653; x_wconf 90' lang='lat' dir='ltr'>bomo</span> <span class='ocrx_word' id='word_1_689' title='bbox 696 4598 782 4652; x_wconf 87' lang='lat' dir='ltr'>ilie</span> <span class='ocrx_word' id='word_1_690' title='bbox 803 4601 854 4653; x_wconf 93' lang='lat' dir='ltr'>in</span> <span class='ocrx_word' id='word_1_691' title='bbox 883 4601 1133 4670; x_wconf 90' lang='lat' dir='ltr'>parabola</span> <span class='ocrx_word' id='word_1_692' title='bbox 1159 4605 1486 4673; x_wconf 83' lang='lat' dir='ltr'>propositus:</span> <span class='ocrx_word' id='word_1_693' title='bbox 1521 4606 1659 4671; x_wconf 81' lang='lat' dir='ltr'>Quid</span> <span class='ocrx_word' id='word_1_694' title='bbox 1673 4607 1889 4676; x_wconf 67' lang='lat' dir='ltr'>saviam,</span> 
     </span>
     <span class='ocr_line' id='line_1_77' title="bbox 317 4688 1894 4764; baseline 0.009 -24"><span class='ocrx_word' id='word_1_695' title='bbox 317 4688 443 4757; x_wconf 83' lang='lat' dir='ltr'>quia</span> <span class='ocrx_word' id='word_1_696' title='bbox 486 4689 729 4745; x_wconf 73' lang='lat' dir='ltr'>dominus</span> <span class='ocrx_word' id='word_1_697' title='bbox 795 4710 940 4747; x_wconf 77' lang='lat' dir='ltr'>meus</span> <span class='ocrx_word' id='word_1_698' title='bbox 997 4695 1169 4764; x_wconf 71' lang='lat' dir='ltr'>aufert</span> <span class='ocrx_word' id='word_1_699' title='bbox 1204 4713 1235 4750; x_wconf 92' lang='lat' dir='ltr'>a</span> <span class='ocrx_word' id='word_1_700' title='bbox 1269 4712 1350 4750; x_wconf 82' lang='lat' dir='ltr'>me</span> <span class='ocrx_word' id='word_1_701' title='bbox 1402 4697 1839 4764; x_wconf 74' lang='lat' dir='ltr'>dispensationem</span> <span class='ocrx_word' id='word_1_702' title='bbox 1868 4701 1894 4754; x_wconf 77' lang='lat'>.⁹</span> 
     </span>
     <span class='ocr_line' id='line_1_78' title="bbox 319 4775 1891 4853; baseline 0.009 -20"><span class='ocrx_word' id='word_1_703' title='bbox 319 4775 371 4833; x_wconf 69' lang='lat'>1¹*</span> <span class='ocrx_word' id='word_1_704' title='bbox 371 4780 526 4834; x_wconf 81' lang='lat' dir='ltr'>odere</span> <span class='ocrx_word' id='word_1_705' title='bbox 548 4795 648 4834; x_wconf 83' lang='lat' dir='ltr'>non</span> <span class='ocrx_word' id='word_1_706' title='bbox 669 4781 834 4846; x_wconf 76' lang='lat' dir='ltr'>valeo,</span> <span class='ocrx_word' id='word_1_707' title='bbox 859 4784 1150 4838; x_wconf 80' lang='lat' dir='ltr'>mendicare</span> <span class='ocrx_word' id='word_1_708' title='bbox 1176 4787 1458 4853; x_wconf 55' lang='lat' dir='ltr'>erubescm</span> <span class='ocrx_word' id='word_1_709' title='bbox 1484 4788 1683 4843; x_wconf 88' lang='lat' dir='ltr'>desidis</span> <span class='ocrx_word' id='word_1_710' title='bbox 1729 4791 1891 4847; x_wconf 88' lang='lat' dir='ltr'>simul</span> 
     </span>
     <span class='ocr_line' id='line_1_79' title="bbox 320 4873 1893 4947; baseline 0.008 -20"><span class='ocrx_word' id='word_1_711' title='bbox 320 4882 482 4943; x_wconf 86' lang='lat' dir='ltr'>atque</span> <span class='ocrx_word' id='word_1_712' title='bbox 509 4873 789 4942; x_wconf 86' lang='lat' dir='ltr'>voluptarii</span> <span class='ocrx_word' id='word_1_713' title='bbox 816 4875 967 4930; x_wconf 90' lang='lat' dir='ltr'>dolor</span> <span class='ocrx_word' id='word_1_714' title='bbox 998 4876 1084 4930; x_wconf 86' lang='lat' dir='ltr'>bic</span> <span class='ocrx_word' id='word_1_715' title='bbox 1137 4892 1199 4932; x_wconf 91' lang='lat' dir='ltr'>ac</span> <span class='ocrx_word' id='word_1_716' title='bbox 1249 4881 1488 4947; x_wconf 84' lang='lat' dir='ltr'>querela.</span> <span class='ocrx_word' id='word_1_717' title='bbox 1538 4881 1893 4940; x_wconf 79' lang='lat' dir='ltr'>Abiturientis</span> 
     </span>
     <span class='ocr_line' id='line_1_80' title="bbox 319 4962 1890 5042; baseline 0.01 -26"><span class='ocrx_word' id='word_1_718' title='bbox 319 4963 463 5017; x_wconf 87' lang='lat' dir='ltr'>enim</span> <span class='ocrx_word' id='word_1_719' title='bbox 493 4962 652 5018; x_wconf 88' lang='lat' dir='ltr'>ssetus</span> <span class='ocrx_word' id='word_1_720' title='bbox 681 4966 768 5020; x_wconf 83' lang='lat' dir='ltr'>ille</span> <span class='ocrx_word' id='word_1_721' title='bbox 806 4980 870 5020; x_wconf 91' lang='lat' dir='ltr'>ac</span> <span class='ocrx_word' id='word_1_722' title='bbox 900 4966 1150 5034; x_wconf 78' lang='lat' dir='ltr'>ejulatus,</span> <span class='ocrx_word' id='word_1_723' title='bbox 1199 4968 1469 5024; x_wconf 89' lang='lat' dir='ltr'>bominem</span> <span class='ocrx_word' id='word_1_724' title='bbox 1518 4974 1693 5042; x_wconf 88' lang='lat' dir='ltr'>arguit</span> <span class='ocrx_word' id='word_1_725' title='bbox 1722 4975 1890 5030; x_wconf 80' lang='lat' dir='ltr'>fundo</span> 
     </span>
     <span class='ocr_line' id='line_1_81' title="bbox 322 5054 1893 5134; baseline 0.008 -27"><span class='ocrx_word' id='word_1_726' title='bbox 322 5054 615 5124; x_wconf 88' lang='lat' dir='ltr'>impensius</span> <span class='ocrx_word' id='word_1_727' title='bbox 641 5056 935 5122; x_wconf 90' lang='lat' dir='ltr'>addictum,</span> <span class='ocrx_word' id='word_1_728' title='bbox 965 5059 1165 5127; x_wconf 78' lang='lat' dir='ltr'>quique</span> <span class='ocrx_word' id='word_1_729' title='bbox 1190 5060 1372 5114; x_wconf 88' lang='lat' dir='ltr'>carnis</span> <span class='ocrx_word' id='word_1_730' title='bbox 1398 5061 1622 5118; x_wconf 82' lang='lat' dir='ltr'>vitiosas</span> <span class='ocrx_word' id='word_1_731' title='bbox 1644 5064 1893 5134; x_wconf 84' lang='lat' dir='ltr'>volupta-</span> 
     </span>
     <span class='ocr_line' id='line_1_82' title="bbox 324 5142 1886 5223; baseline 0.008 -27"><span class='ocrx_word' id='word_1_732' title='bbox 324 5151 403 5197; x_wconf 88' lang='lat' dir='ltr'>tes</span> <span class='ocrx_word' id='word_1_733' title='bbox 431 5143 688 5212; x_wconf 88' lang='lat' dir='ltr'>deploret.</span> <span class='ocrx_word' id='word_1_734' title='bbox 747 5142 1094 5203; x_wconf 77' lang='lat' dir='ltr'>imbecillitas</span> <span class='ocrx_word' id='word_1_735' title='bbox 1141 5157 1318 5203; x_wconf 77' lang='lat' dir='ltr'>autein</span> <span class='ocrx_word' id='word_1_736' title='bbox 1352 5165 1414 5205; x_wconf 91' lang='lat' dir='ltr'>ac</span> <span class='ocrx_word' id='word_1_737' title='bbox 1472 5152 1597 5223; x_wconf 80' lang='lat' dir='ltr'>suga</span> <span class='ocrx_word' id='word_1_738' title='bbox 1624 5153 1886 5220; x_wconf 89' lang='lat' dir='ltr'>laborum,</span> 
     </span>
     <span class='ocr_line' id='line_1_83' title="bbox 320 5234 1888 5304; baseline 0.013 -20"><span class='ocrx_word' id='word_1_739' title='bbox 320 5234 444 5287; x_wconf 80' lang='lat' dir='ltr'>vitae</span> <span class='ocrx_word' id='word_1_740' title='bbox 494 5251 588 5304; x_wconf 89' lang='lat' dir='ltr'>per</span> <span class='ocrx_word' id='word_1_741' title='bbox 633 5237 880 5292; x_wconf 87' lang='lat' dir='ltr'>inertiam</span> <span class='ocrx_word' id='word_1_742' title='bbox 937 5253 998 5294; x_wconf 87' lang='lat' dir='ltr'>ac</span> <span class='ocrx_word' id='word_1_743' title='bbox 1049 5240 1308 5295; x_wconf 85' lang='lat' dir='ltr'>desidiam</span> <span class='ocrx_word' id='word_1_744' title='bbox 1372 5253 1502 5298; x_wconf 83' lang='lat' dir='ltr'>actae</span> <span class='ocrx_word' id='word_1_745' title='bbox 1558 5256 1680 5301; x_wconf 91' lang='lat' dir='ltr'>nota</span> <span class='ocrx_word' id='word_1_746' title='bbox 1709 5258 1790 5302; x_wconf 88' lang='lat' dir='ltr'>est</span> <span class='ocrx_word' id='word_1_747' title='bbox 1824 5264 1888 5304; x_wconf 90' lang='lat' dir='ltr'>ac</span> 
     </span>
     <span class='ocr_line' id='line_1_84' title="bbox 320 5324 1886 5405; baseline 0.011 -27"><span class='ocrx_word' id='word_1_748' title='bbox 320 5325 549 5382; x_wconf 86' lang='lat' dir='ltr'>crimen.</span> <span class='ocrx_word' id='word_1_749' title='bbox 601 5324 732 5380; x_wconf 83' lang='lat' dir='ltr'>Nam</span> <span class='ocrx_word' id='word_1_750' title='bbox 764 5327 807 5383; x_wconf 82' lang='lat' dir='ltr'>si</span> <span class='ocrx_word' id='word_1_751' title='bbox 848 5329 993 5397; x_wconf 81' lang='lat' dir='ltr'>operi</span> <span class='ocrx_word' id='word_1_752' title='bbox 1042 5345 1106 5384; x_wconf 83' lang='lat' dir='ltr'>ac</span> <span class='ocrx_word' id='word_1_753' title='bbox 1160 5331 1326 5386; x_wconf 86' lang='lat' dir='ltr'>labori</span> <span class='ocrx_word' id='word_1_754' title='bbox 1357 5337 1701 5405; x_wconf 87' lang='lat' dir='ltr'>assuevisset,</span> <span class='ocrx_word' id='word_1_755' title='bbox 1735 5354 1763 5393; x_wconf 92' lang='lat' dir='ltr'>a</span> <span class='ocrx_word' id='word_1_756' title='bbox 1803 5339 1886 5395; x_wconf 84' lang='lat' dir='ltr'>lo-</span> 
     </span>
     <span class='ocr_line' id='line_1_85' title="bbox 321 5414 1237 5488; baseline 0.011 -20"><span class='ocrx_word' id='word_1_757' title='bbox 321 5414 517 5470; x_wconf 87' lang='lat' dir='ltr'>diendo</span> <span class='ocrx_word' id='word_1_758' title='bbox 534 5431 870 5488; x_wconf 82' lang='lat' dir='ltr'>nequaquam</span> <span class='ocrx_word' id='word_1_759' title='bbox 904 5419 1237 5480; x_wconf 85' lang='lat' dir='ltr'>abhorreret.</span> 
     </span>
    </p>
   </div>
   <div class='ocr_carea' id='block_1_12' title="bbox 395 5505 1885 5586">
    <p class='ocr_par' dir='ltr' id='par_1_16' title="bbox 395 5505 1885 5586">
     <span class='ocr_line' id='line_1_86' title="bbox 395 5505 1885 5586; baseline 0.01 -26"><span class='ocrx_word' id='word_1_760' title='bbox 395 5505 549 5574; x_wconf 90' lang='lat' dir='ltr'>Quod</span> <span class='ocrx_word' id='word_1_761' title='bbox 570 5508 616 5562; x_wconf 85' lang='lat' dir='ltr'>si</span> <span class='ocrx_word' id='word_1_762' title='bbox 665 5509 947 5579; x_wconf 82' lang='lat' dir='ltr'>allegorice</span> <span class='ocrx_word' id='word_1_763' title='bbox 986 5512 1054 5568; x_wconf 91' lang='lat' dir='ltr'>de</span> <span class='ocrx_word' id='word_1_764' title='bbox 1092 5513 1177 5570; x_wconf 91' lang='lat' dir='ltr'>his</span> <span class='ocrx_word' id='word_1_765' title='bbox 1236 5530 1355 5586; x_wconf 79' lang='lat' dir='ltr'>quoe</span> <span class='ocrx_word' id='word_1_766' title='bbox 1409 5519 1508 5574; x_wconf 89' lang='lat' dir='ltr'>sub</span> <span class='ocrx_word' id='word_1_767' title='bbox 1561 5519 1885 5577; x_wconf 86' lang='lat' dir='ltr'>intellectum</span> 
     </span>
    </p>
   </div>
   <div class='ocr_carea' id='block_1_13' title="bbox 1990 4426 3570 5142">
    <p class='ocr_par' dir='ltr' id='par_1_17' title="bbox 1990 4426 3570 5142">
     <span class='ocr_line' id='line_1_87' title="bbox 1992 4426 3570 4510; baseline -0.01 -16"><span class='ocrx_word' id='word_1_768' title='bbox 1992 4441 2101 4495; x_wconf 85' lang='grc' dir='ltr'>νῶν</span> <span class='ocrx_word' id='word_1_769' title='bbox 2137 4439 2230 4492; x_wconf 76' lang='grc' dir='ltr'>ἐπὶ</span> <span class='ocrx_word' id='word_1_770' title='bbox 2259 4440 2325 4510; x_wconf 72' lang='grc' dir='ltr'><strong>τῇ</strong></span> <span class='ocrx_word' id='word_1_771' title='bbox 2376 4434 2732 4508; x_wconf 80' lang='grc' dir='ltr'><strong>μεταστάσει,</strong></span> <span class='ocrx_word' id='word_1_772' title='bbox 2767 4427 2853 4487; x_wconf 82' lang='grc' dir='ltr'>οἷα</span> <span class='ocrx_word' id='word_1_773' title='bbox 2881 4426 3035 4497; x_wconf 72' lang='grc' dir='ltr'><strong>οὗτος</strong></span> <span class='ocrx_word' id='word_1_774' title='bbox 3062 4433 3091 4484; x_wconf 89' lang='grc' dir='ltr'><strong>ὀ</strong></span> <span class='ocrx_word' id='word_1_775' title='bbox 3120 4431 3224 4502; x_wconf 78' lang='grc' dir='ltr'><strong>τῆς</strong></span> <span class='ocrx_word' id='word_1_776' title='bbox 3254 4427 3570 4502; x_wconf 80' lang='grc' dir='ltr'><strong>παραδολῆς</strong></span> 
     </span>
     <span class='ocr_line' id='line_1_88' title="bbox 1990 4519 3567 4603; baseline -0.01 -16"><span class='ocrx_word' id='word_1_777' title='bbox 1990 4531 2308 4603; x_wconf 77' lang='grc' dir='ltr'><strong>ἄνθρωπος·</strong></span> <span class='ocrx_word' id='word_1_778' title='bbox 2346 4528 2406 4582; x_wconf 84' lang='grc' dir='ltr'>Τί</span> <span class='ocrx_word' id='word_1_779' title='bbox 2434 4525 2665 4592; x_wconf 73' lang='grc' dir='ltr'><strong>ποιήσω</strong></span> <span class='ocrx_word' id='word_1_780' title='bbox 2686 4566 2701 4591; x_wconf 90' lang='grc'><strong>,</strong></span> <span class='ocrx_word' id='word_1_781' title='bbox 2738 4525 2826 4578; x_wconf 80' lang='grc' dir='ltr'>ὅτι</span> <span class='ocrx_word' id='word_1_782' title='bbox 2860 4528 2891 4579; x_wconf 86' lang='grc' dir='ltr'><em>ὀ</em></span> <span class='ocrx_word' id='word_1_783' title='bbox 2925 4523 3128 4591; x_wconf 82' lang='grc' dir='ltr'><strong>κύριός</strong></span> <span class='ocrx_word' id='word_1_784' title='bbox 3146 4539 3271 4591; x_wconf 81' lang='grc' dir='ltr'><strong>μου</strong></span> <span class='ocrx_word' id='word_1_785' title='bbox 3306 4519 3567 4591; x_wconf 73' lang='grc' dir='ltr'><strong>ἀφαιρεῖ-</strong></span> 
     </span>
     <span class='ocr_line' id='line_1_89' title="bbox 1990 4605 3570 4685; baseline -0.007 -15"><span class='ocrx_word' id='word_1_786' title='bbox 1990 4634 2085 4671; x_wconf 75' lang='grc' dir='ltr'>ται</span> <span class='ocrx_word' id='word_1_787' title='bbox 2140 4614 2258 4685; x_wconf 82' lang='grc' dir='ltr'>τὴν</span> <span class='ocrx_word' id='word_1_788' title='bbox 2309 4613 2653 4681; x_wconf 71' lang='grc' dir='ltr'><strong>οἰκονομίαν</strong></span> <span class='ocrx_word' id='word_1_789' title='bbox 2709 4611 2808 4663; x_wconf 81' lang='grc' dir='ltr'>ἀπ’</span> <span class='ocrx_word' id='word_1_790' title='bbox 2861 4609 3045 4680; x_wconf 64' lang='lat' dir='ltr'>eunii:</span> <span class='ocrx_word' id='word_1_791' title='bbox 3101 4605 3409 4662; x_wconf 79' lang='grc' dir='ltr'><strong>Σκάπτειν</strong></span> <span class='ocrx_word' id='word_1_792' title='bbox 3458 4607 3570 4660; x_wconf 80' lang='grc' dir='ltr'>οὐκ</span> 
     </span>
     <span class='ocr_line' id='line_1_90' title="bbox 1993 4695 3567 4777; baseline -0.008 -15"><span class='ocrx_word' id='word_1_793' title='bbox 1993 4708 2181 4777; x_wconf 74' lang='grc' dir='ltr'><strong>ἰσχύω</strong></span> <span class='ocrx_word' id='word_1_794' title='bbox 2200 4746 2217 4771; x_wconf 88' lang='grc'><strong>,</strong></span> <span class='ocrx_word' id='word_1_795' title='bbox 2248 4701 2520 4760; x_wconf 78' lang='grc' dir='ltr'><strong>ἀπαιτεῖν</strong></span> <span class='ocrx_word' id='word_1_796' title='bbox 2556 4703 2935 4770; x_wconf 74' lang='grc' dir='ltr'><strong>αἰσχύνομαι.</strong></span> <span class='ocrx_word' id='word_1_797' title='bbox 2985 4695 3180 4769; x_wconf 80' lang='grc' dir='ltr'><strong>Ἀργοῦ</strong></span> <span class='ocrx_word' id='word_1_798' title='bbox 3206 4696 3304 4753; x_wconf 72' lang='grc' dir='ltr'>καὶ</span> <span class='ocrx_word' id='word_1_799' title='bbox 3350 4697 3567 4768; x_wconf 82' lang='grc' dir='ltr'><strong>φιληδό-</strong></span> 
     </span>
     <span class='ocr_line' id='line_1_91' title="bbox 1990 4788 3564 4870; baseline -0.008 -17"><span class='ocrx_word' id='word_1_800' title='bbox 1990 4816 2081 4853; x_wconf 91' lang='grc' dir='ltr'>νου</span> <span class='ocrx_word' id='word_1_801' title='bbox 2114 4801 2148 4870; x_wconf 80' lang='grc' dir='ltr'><strong>ἠ</strong></span> <span class='ocrx_word' id='word_1_802' title='bbox 2177 4796 2344 4867; x_wconf 81' lang='grc' dir='ltr'><strong>λύπη.</strong></span> <span class='ocrx_word' id='word_1_803' title='bbox 2378 4795 2452 4850; x_wconf 82' lang='grc' dir='ltr'>Τὸ</span> <span class='ocrx_word' id='word_1_804' title='bbox 2483 4795 2579 4866; x_wconf 81' lang='grc' dir='ltr'>μὲν</span> <span class='ocrx_word' id='word_1_805' title='bbox 2611 4793 2719 4865; x_wconf 86' lang='grc' dir='ltr'><strong>γὰρ</strong></span> <span class='ocrx_word' id='word_1_806' title='bbox 2740 4792 2833 4845; x_wconf 71' lang='grc' dir='ltr'>ἐπὶ</span> <span class='ocrx_word' id='word_1_807' title='bbox 2860 4794 2925 4863; x_wconf 83' lang='grc' dir='ltr'><strong>τῇ</strong></span> <span class='ocrx_word' id='word_1_808' title='bbox 2956 4791 3300 4861; x_wconf 76' lang='grc' dir='ltr'><strong>ἀναχωρήσει</strong></span> <span class='ocrx_word' id='word_1_809' title='bbox 3323 4788 3564 4861; x_wconf 81' lang='grc' dir='ltr'><strong>θρηνεῖν,</strong></span> 
     </span>
     <span class='ocr_line' id='line_1_92' title="bbox 1996 4879 3568 4962; baseline -0.008 -17"><span class='ocrx_word' id='word_1_810' title='bbox 1996 4890 2215 4962; x_wconf 81' lang='grc' dir='ltr'><strong>ἔλεγχός</strong></span> <span class='ocrx_word' id='word_1_811' title='bbox 2242 4890 2387 4942; x_wconf 75' lang='grc' dir='ltr'><strong>ἐστιν</strong></span> <span class='ocrx_word' id='word_1_812' title='bbox 2425 4887 2518 4941; x_wconf 83' lang='grc' dir='ltr'>τοῦ</span> <span class='ocrx_word' id='word_1_813' title='bbox 2552 4881 2974 4957; x_wconf 79' lang='grc' dir='ltr'><strong>προστετηκέναι</strong></span> <span class='ocrx_word' id='word_1_814' title='bbox 2999 4879 3078 4951; x_wconf 84' lang='grc' dir='ltr'><strong>τῷ</strong></span> <span class='ocrx_word' id='word_1_815' title='bbox 3108 4879 3316 4951; x_wconf 82' lang='grc' dir='ltr'><strong>χωρίῳ,</strong></span> <span class='ocrx_word' id='word_1_816' title='bbox 3351 4879 3568 4943; x_wconf 73' lang='grc' dir='ltr'><strong>καὶτὰς</strong></span> 
     </span>
     <span class='ocr_line' id='line_1_93' title="bbox 1994 4970 3569 5055; baseline -0.01 -17"><span class='ocrx_word' id='word_1_817' title='bbox 1994 4982 2261 5055; x_wconf 84' lang='grc' dir='ltr'><strong>ἐμπαθεῖς</strong></span> <span class='ocrx_word' id='word_1_818' title='bbox 2307 4980 2406 5052; x_wconf 86' lang='grc' dir='ltr'><strong>τῆς</strong></span> <span class='ocrx_word' id='word_1_819' title='bbox 2436 4977 2638 5049; x_wconf 78' lang='grc' dir='ltr'><strong>σαρκὸς</strong></span> <span class='ocrx_word' id='word_1_820' title='bbox 2689 4974 3015 5036; x_wconf 87' lang='grc' dir='ltr'><strong>ἀπολαύσεις</strong></span> <span class='ocrx_word' id='word_1_821' title='bbox 3049 4971 3371 5042; x_wconf 83' lang='grc' dir='ltr'><strong>ὀδύρεσθαι·</strong></span> <span class='ocrx_word' id='word_1_822' title='bbox 3403 4970 3466 5024; x_wconf 75' lang='grc' dir='ltr'><strong>τὸ</strong></span> <span class='ocrx_word' id='word_1_823' title='bbox 3502 4970 3569 5036; x_wconf 37' lang='grc' dir='ltr'><strong>,δὲ</strong></span> 
     </span>
     <span class='ocr_line' id='line_1_94' title="bbox 1995 5060 3567 5142; baseline -0.01 -14"><span class='ocrx_word' id='word_1_824' title='bbox 1995 5074 2274 5128; x_wconf 81' lang='grc' dir='ltr'><strong>ἀδυνατεῖν</strong></span> <span class='ocrx_word' id='word_1_825' title='bbox 2300 5070 2435 5142; x_wconf 83' lang='grc' dir='ltr'><strong>πρὸς</strong></span> <span class='ocrx_word' id='word_1_826' title='bbox 2464 5068 2643 5140; x_wconf 79' lang='grc' dir='ltr'><strong>ἔργον,</strong></span> <span class='ocrx_word' id='word_1_827' title='bbox 2684 5065 2855 5139; x_wconf 86' lang='grc' dir='ltr'><strong>ἀργοῦ</strong></span> <span class='ocrx_word' id='word_1_828' title='bbox 2888 5063 3001 5134; x_wconf 85' lang='grc' dir='ltr'><strong>βίου</strong></span> <span class='ocrx_word' id='word_1_829' title='bbox 3034 5062 3129 5116; x_wconf 78' lang='grc' dir='ltr'>καὶ</span> <span class='ocrx_word' id='word_1_830' title='bbox 3164 5060 3567 5116; x_wconf 83' lang='grc' dir='ltr'><strong>ἀναπεπτωκό-</strong></span> 
     </span>
    </p>
   </div>
   <div class='ocr_carea' id='block_1_14' title="bbox 1999 5153 3570 5327">
    <p class='ocr_par' dir='ltr' id='par_1_18' title="bbox 1999 5153 3570 5327">
     <span class='ocr_line' id='line_1_95' title="bbox 2000 5153 3570 5238; baseline -0.009 -18"><span class='ocrx_word' id='word_1_831' title='bbox 2000 5183 2088 5230; x_wconf 86' lang='grc' dir='ltr'>τος</span> <span class='ocrx_word' id='word_1_832' title='bbox 2118 5165 2234 5218; x_wconf 76' lang='grc' dir='ltr'><strong>ἐστὶ</strong></span> <span class='ocrx_word' id='word_1_833' title='bbox 2264 5162 2644 5232; x_wconf 84' lang='grc' dir='ltr'><strong>κατηγόρημα.</strong></span> <span class='ocrx_word' id='word_1_834' title='bbox 2676 5161 2739 5211; x_wconf 81' lang='lat' dir='ltr'>Et</span> <span class='ocrx_word' id='word_1_835' title='bbox 2773 5157 2881 5230; x_wconf 78' lang='grc' dir='ltr'><strong>γὰρ</strong></span> <span class='ocrx_word' id='word_1_836' title='bbox 2905 5153 3048 5238; x_wconf 73' lang='grc' dir='ltr'><strong>εἶχεν</strong></span> <span class='ocrx_word' id='word_1_837' title='bbox 3080 5154 3218 5226; x_wconf 74' lang='grc' dir='ltr'><strong>πρὸς</strong></span> <span class='ocrx_word' id='word_1_838' title='bbox 3251 5153 3570 5225; x_wconf 82' lang='grc' dir='ltr'><strong>φιλοπονίαν</strong></span> 
     </span>
     <span class='ocr_line' id='line_1_96' title="bbox 1999 5244 3224 5327; baseline -0.008 -18"><span class='ocrx_word' id='word_1_839' title='bbox 1999 5255 2303 5327; x_wconf 74' lang='grc' dir='ltr'><strong>συνήθειαν,</strong></span> <span class='ocrx_word' id='word_1_840' title='bbox 2343 5253 2442 5305; x_wconf 85' lang='grc' dir='ltr'>ούκ</span> <span class='ocrx_word' id='word_1_841' title='bbox 2468 5249 2533 5305; x_wconf 79' lang='grc' dir='ltr'>ἂν</span> <span class='ocrx_word' id='word_1_842' title='bbox 2558 5248 2803 5319; x_wconf 79' lang='grc' dir='ltr'><strong>ὲφοὸεἶτο</strong></span> <span class='ocrx_word' id='word_1_843' title='bbox 2824 5244 2916 5300; x_wconf 87' lang='grc' dir='ltr'>τοῦ</span> <span class='ocrx_word' id='word_1_844' title='bbox 2944 5245 3224 5300; x_wconf 77' lang='grc' dir='ltr'><strong>σκάπτειν.</strong></span> 
     </span>
    </p>
   </div>
   <div class='ocr_carea' id='block_1_15' title="bbox 2066 5503 3574 5585">
    <p class='ocr_par' dir='ltr' id='par_1_19' title="bbox 2066 5503 3574 5585">
     <span class='ocr_line' id='line_1_97' title="bbox 2066 5503 3574 5585; baseline -0.009 -13"><span class='ocrx_word' id='word_1_845' title='bbox 2066 5520 2128 5573; x_wconf 81' lang='lat' dir='ltr'>Et</span> <span class='ocrx_word' id='word_1_846' title='bbox 2169 5517 2228 5570; x_wconf 84' lang='grc' dir='ltr'>δὲ</span> <span class='ocrx_word' id='word_1_847' title='bbox 2261 5510 2634 5585; x_wconf 84' lang='grc' dir='ltr'><strong>ἀλληγορικῶς</strong></span> <span class='ocrx_word' id='word_1_848' title='bbox 2683 5509 2782 5580; x_wconf 80' lang='grc' dir='ltr'>τὴν</span> <span class='ocrx_word' id='word_1_849' title='bbox 2810 5505 3125 5581; x_wconf 75' lang='grc' dir='ltr'><strong>παραδολὴν</strong></span> <span class='ocrx_word' id='word_1_850' title='bbox 3168 5505 3263 5558; x_wconf 74' lang='grc' dir='ltr'>ἐπὶ</span> <span class='ocrx_word' id='word_1_851' title='bbox 3289 5503 3353 5558; x_wconf 79' lang='grc' dir='ltr'><strong>τὸ</strong></span> <span class='ocrx_word' id='word_1_852' title='bbox 3376 5505 3574 5577; x_wconf 74' lang='grc' dir='ltr'><strong>νοητὸν</strong></span> 
     </span>
    </p>
   </div>
   <div class='ocr_carea' id='block_1_16' title="bbox 395 5638 3572 5728">
    <p class='ocr_par' dir='ltr' id='par_1_20' title="bbox 395 5638 3572 5728">
     <span class='ocr_line' id='line_1_98' title="bbox 395 5638 3572 5728; baseline -0.002 -28"><span class='ocrx_word' id='word_1_853' title='bbox 395 5645 440 5677; x_wconf 80' lang='lat'>¹⁸</span> <span class='ocrx_word' id='word_1_854' title='bbox 480 5645 667 5702; x_wconf 80' lang='lat' dir='ltr'>Mattb.</span> <span class='ocrx_word' id='word_1_855' title='bbox 705 5662 825 5714; x_wconf 86' lang='lat' dir='ltr'>xtn,</span> <span class='ocrx_word' id='word_1_856' title='bbox 857 5648 1410 5728; x_wconf 69' lang='grc' dir='ltr'><strong>42ςιιιι,15;κιιιν,</strong></span> <span class='ocrx_word' id='word_1_857' title='bbox 1452 5658 1511 5714; x_wconf 73' lang='lat' dir='ltr'>st</span> <span class='ocrx_word' id='word_1_858' title='bbox 1543 5675 1559 5724; x_wconf 88' lang='lat'>;</span> <span class='ocrx_word' id='word_1_859' title='bbox 1591 5673 1717 5723; x_wconf 82' lang='lat' dir='ltr'>xxv,</span> <span class='ocrx_word' id='word_1_860' title='bbox 1771 5658 1858 5713; x_wconf 78' lang='lat'>50.</span> <span class='ocrx_word' id='word_1_861' title='bbox 1921 5658 1965 5690; x_wconf 83' lang='lat'>¹⁷</span> <span class='ocrx_word' id='word_1_862' title='bbox 1998 5654 2126 5712; x_wconf 76' lang='lat' dir='ltr'>Luc.</span> <span class='ocrx_word' id='word_1_863' title='bbox 2168 5669 2262 5720; x_wconf 81' lang='lat' dir='ltr'>xn,</span> <span class='ocrx_word' id='word_1_864' title='bbox 2296 5651 2384 5718; x_wconf 79' lang='lat'>18,</span> <span class='ocrx_word' id='word_1_865' title='bbox 2425 5650 2511 5706; x_wconf 79' lang='lat'>¹9.</span> <span class='ocrx_word' id='word_1_866' title='bbox 2589 5647 2635 5680; x_wconf 80' lang='lat'>¹⁸</span> <span class='ocrx_word' id='word_1_867' title='bbox 2652 5643 2808 5702; x_wconf 80' lang='lat' dir='ltr'>Rom.</span> <span class='ocrx_word' id='word_1_868' title='bbox 2838 5658 2933 5710; x_wconf 82' lang='lat' dir='ltr'>vn,</span> <span class='ocrx_word' id='word_1_869' title='bbox 2970 5640 3061 5696; x_wconf 69' lang='lat'>24.</span> <span class='ocrx_word' id='word_1_870' title='bbox 3125 5640 3172 5673; x_wconf 75' lang='lat'>&#39;¹</span> <span class='ocrx_word' id='word_1_871' title='bbox 3206 5638 3344 5695; x_wconf 74' lang='lat' dir='ltr'>Phil.</span> <span class='ocrx_word' id='word_1_872' title='bbox 3379 5657 3419 5706; x_wconf 84' lang='lat' dir='ltr'>t,</span> <span class='ocrx_word' id='word_1_873' title='bbox 3474 5639 3572 5696; x_wconf 65' lang='lat'>8&amp;</span> 
     </span>
    </p>
   </div>
   <div class='ocr_carea' id='block_1_17' title="bbox 315 5712 1017 5792">
    <p class='ocr_par' dir='ltr' id='par_1_21' title="bbox 315 5712 1017 5792">
     <span class='ocr_line' id='line_1_99' title="bbox 315 5712 1017 5792; baseline 0 -17"><span class='ocrx_word' id='word_1_874' title='bbox 315 5712 364 5750; x_wconf 82' lang='lat'>³⁰</span> <span class='ocrx_word' id='word_1_875' title='bbox 399 5715 533 5788; x_wconf 83' lang='lat' dir='ltr'>Leg.</span> <span class='ocrx_word' id='word_1_876' title='bbox 563 5719 664 5773; x_wconf 74' lang='grc' dir='ltr'>οὐκ</span> <span class='ocrx_word' id='word_1_877' title='bbox 706 5717 802 5772; x_wconf 80' lang='grc' dir='ltr'>ἐπὶ</span> <span class='ocrx_word' id='word_1_878' title='bbox 853 5735 1017 5792; x_wconf 87' lang='grc' dir='ltr'><strong>μακρ.</strong></span> 
     </span>
    </p>
   </div>
  </div>
 </body>
</html>
