3725 6125
107 337 246 397 1145

1177 333 1237 392 S.
1278 332 1479 390 tSAtAE
1512 333 1806 390 ABuA‘rts
1839 331 2258 389 ummo-NE&

3239 326 3379 385 tito

104 477 208 536 ego
232 458 377 517 enim
405 453 539 529 quid
567 453 700 512 mibi
742 451 1019 525 expediat,
1060 453 1275 527 ignoro.
1306 454 1411 520 Tu,
1444 453 1694 520 Domine,
1726 460 1771 516 Α
1801 455 1855 509 in
1878 469 2095 523 requam
2133 461 2281 506 tuum
2307 450 2373 506 ⁸⁸.
2407 447 2583 505 Amici
2630 461 2736 504 non
2773 457 2902 505 sunt
2938 447 3103 520 igitur
3123 449 3378 521 amplius,

104 569 209 626 pro
234 567 323 609 me
352 562 535 622 pugna
574 544 839 604 adversus
877 545 1126 602 inimicos
1167 551 1345 614 meos}
1391 545 1521 600 mibi
1551 537 1697 600 enim

107 648 307 718 ignota
334 649 464 702 sunt
494 638 718 697 fraudes
764 638 1006 710 ipsorum
1053 646 1109 693 et
1150 637 1281 697 doli.
1322 627 1380 694 Si
1420 651 1487 692 ex
1517 637 1700 692 animo

108 742 190 799 ita
210 745 483 812 precatus.
507 741 571 792 ea
604 731 883 790 studueris
904 731 1125 803 exsequi
1155 745 1277 802 quae
1309 730 1432 787 novi
1464 729 1700 816 hominis

113 831 247 890 lesu
278 829 485 888 natura
518 831 646 882 silut
668 822 1049 896 congruentia,
1081 822 1130 878 is
1168 817 1313 878 nulla
1345 822 1398 877 in
1436 838 1493 877 re
1524 833 1576 877 te
1601 819 1699 877 dc-

117 922 228 994 cipi
254 919 504 993 patietur.
526 913 584 971 st
616 927 787 970 unum
816 909 1036 984 aliquod
1075 914 1339 968 duntaxat
1368 917 1699 984 praeceptum

118 1013 392 1077 observas,
420 1023 526 1067 non
548 1019 711 1063 curas
732 1004 983 1074 teipsum
1015 1002 1192 1071 plane,
1231 1010 1405 1073 neque
1426 1001 1570 1058 illius
1591 1018 1703 1058 ser-

114 1102 269 1158 vitati
311 1109 367 1157 te
405 1100 632 1171 penitus
662 1095 935 1152 addixisti.
983 1092 1445 1164 Quemadmodum
1497 1093 1702 1164 agellus

106 1199 209 1264 per
236 1207 297 1248 se
337 1206 446 1247 non
479 1195 659 1258 potest
694 1177 928 1251 efficere,
964 1193 1023 1239 ut
1052 1200 1081 1238 a
1107 1183 1337 1240 zizaniis
1364 1191 1701 1255 expurgetur

103 1293 164 1341 ct
186 1282 404 1341 semina
434 1281 578 1336 bona
602 1277 882 1350 percipiat,
914 1289 1090 1347 neque
1126 1272 1311 1346 fruges
1343 1275 1515 1331 bonas
1540 1272 1702 1330 simul

108 1385 238 1432 cum
274 1370 509 1428 zizaniis
537 1368 699 1437 terre,
729 1366 982 1438 quoniam
1036 1381 1067 1422 a
1117 1365 1347 1422 zizaniis
1388 1365 1699 1436 opprimun-

112 1471 209 1521 tur
235 1481 253 1520 z
287 1464 363 1519 lta
392 1472 448 1519 tu
470 1459 573 1518 nisi
596 1473 699 1531 ope
724 1459 906 1516 divina
938 1457 1108 1514 l'ueris
1137 1473 1167 1511 a
1192 1456 1375 1512 carnis
1412 1455 1705 1526 voluptati·

114 1557 223 1613 bns
264 1560 617 1628 expurgatus,
654 1561 761 1609 nub
806 1552 1013 1625 poteris
1062 1560 1117 1608 te
1160 1550 1334 1621 ipsum
1387 1564 1416 1604 a
1479 1556 1706 1620 peccato

120 1647 413 1704 custodire.

190 1734 261 1796 V.
298 1737 438 1795 Cave
478 1737 645 1809 igitur
696 1729 768 1792 ab
824 1735 892 1792 ii's
925 1741 1047 1807 quae
1093 1742 1375 1807 peccatum
1419 1739 1704 1804 generant.

120 1827 361 1884 Avaritia
408 1835 581 1884 mater
614 1833 699 1884 est
734 1815 979 1897 improba
1025 1823 1268 1880 omnium
1328 1830 1698 1890 peccatorum.
1733 1807 1776 1865 Β

118 1917 323 1978 Acedla
364 1917 637 1992 propriam
676 1913 824 1974 fovet
869 1915 1224 1972 voluntatem.
1273 1911 1543 1968 Voluntas
1580 1925 1701 1982 pro-

121 2011 238 2083 pria
282 2008 534 2078 superbia
602 2006 957 2074 intumescit,
997 2015 1054 2060 et
1094 2013 1463 2072 contemptum
1515 1998 1705 2071 gignit.

118 2101 230 2159 Cor
253 2099 355 2158 sibi
378 2098 597 2171 placens
628 2098 917 2154 mundana!
940 2094 1354 2153 consuetudinis
1385 2090 1525 2163 parit
1559 2089 1710 2162 cupi-

118 2193 379 2260 ditatem
414 2190 539 2248 inde
585 2189 667 2256 tlt,
705 2199 767 2246 ut
791 2201 914 2260 quae
952 2187 1049 2245 tibi
1083 2196 1211 2245 sunt
1256 2185 1466 2242 inutilia
1511 2199 1708 2240 concu-

120 2285 326 2355 piscas,
352 2289 413 2338 ut
436 2279 890 2339 obtrectatoribus
911 2293 1072 2335 aures
1101 2277 1425 2349 patefacias,
1450 2281 1510 2332 ut
1538 2283 1709 2346 nugas

24 2401 29 2406 ·
122 2373 416 2447 aucuperis
441 2385 642 2446 easque
664 2371 787 2428 aliis
826 2371 1097 2436 vendites,
1129 2381 1191 2426 ut
1223 2377 1343 2440 quae
1373 2368 1555 2426 sieculi
1579 2377 1709 2423 sunt

19 2467 35 2506 t

19 2559 41 2600 ι

20 2651 43 2694 .t

19 2747 41 2800 ’.Ι

24 2839 35 2892 ι

19 2933 31 2972 r

19 3031 29 3069 t

118 2465 333 2540 diligas,
364 2475 424 2524 ut
460 2465 657 2522 doceas
676 2477 799 2536 qnae
825 2478 933 2519 non
960 2462 1219 2527 didicisti,
1263 2472 1319 2519 et
1362 2471 1484 2532 ηοω
1517 2461 1615 2517 abs
1655 2470 1708 2516 te

108 2572 222 2616 non
240 2557 533 2629 exiguntur
573 2573 589 2612 ε
620 2565 681 2612 ut
708 2554 894 2627 lingua
930 2560 1019 2610 ttta
1049 2554 1357 2625 proximum
1383 2567 1613 2624 pungas,
1642 2567 1707 2608 ac

108 2649 381 2707 stimules.
413 2647 543 2704 Haec
576 2655 635 2703 et
672 2645 780 2704 alia
808 2646 950 2702 mala
976 2637 1247 2716 permulta
1275 2653 1704 2714 consequuntur.

113 2741 181 2798 Si
198 2741 322 2812 quis
336 2740 500 2812 igitur
518 2737 757 2809 prolicit,
775 2746 869 2794 aut
886 2737 1037 2809 cupit
1056 2737 1340 2809 prolicere,
1368 2746 1557 2793 caveat
1583 2735 1708 2792 dili·

116 2843 312 2906 genter
341 2832 408 2888 ab
430 2830 805 2887 occasionibus
852 2835 1228 2902 peccatorum,
1275 2832 1441 2898 atque
1472 2827 1545 2884 ita
1590 2842 1710 2899 pec-

120 2934 251 2982 cata
280 2922 604 2993 comprimet
638 2931 694 2978 et
724 2922 1052 2996 exstinguet.
1080 2917 1183 2991 Qui
1210 2929 1431 2977 strenue
1483 2927 1706 2992 pugnat,

120 3019 247 3075 baec
284 3013 678 3083 animadvertit,
709 3013 766 3072 et
813 3014 1213 3073 admonitiones
1249 3011 1484 3069 libenter
1524 3013 1703 3079 audit;

20 3128 23 3133 ·
119 3110 219 3184 qui
240 3125 367 3165 vero
391 3124 485 3167 eas
517 3116 861 3181 aspernatur,
882 3107 1259 3166 adulatoribus
1300 3122 1463 3164 aures
1493 3106 1706 3178 patefa-

19 3240 33 3259 .
118 3204 224 3261 cit.
259 3202 360 3273 Qui
388 3202 636 3274 eorporis
658 3202 812 3258 timet
836 3200 1233 3266 infirmitatem,
1262 3200 1332 3256 ad
1369 3200 1422 3256 id
1449 3201 1593 3271 quod
1614 3215 1706 3259 se·

20 3606 47 3663 46

19 4168 57 4223 R.
19 4068 55 4131 ῗι-
19 3888 57 4033 Ψ..’““ξ“
19 3794 49 3844 3*-

19 4262 55 4600 RuW':

19 4738 63 4793 ,ξ

19 4836 69 4889 '¹5²
116 4862 197 4919 ga
220 4862 389 4919 genus
412 4850 709 4908 ltumanum
739 4852 793 4909 in
816 4868 980 4909 cruce
1007 4846 1431 4909 misericordiam
1465 4850 1713 4909 ostende·

1803 560 1904 600 nec
1928 553 2106 615 potest
2134 543 2181 599 is
2207 543 2300 615 qui
2328 558 2358 596 a
2393 541 2600 598 dextris
2624 551 2730 607 est,
2760 540 2918 598 alteri
2947 543 3301 612 persuadere,
3325 549 3386 597 ut

1803 647 1833 690 a
1892 636 2034 691 malo
2085 627 2213 690 vitae
2258 634 2539 707 proposito
2576 634 2816 689 recedat.
2857 630 3124 688 Caeterum
3161 632 3262 700 illi,
3290 634 3383 703 qui

1803 720 2041 781 nondum
2070 727 2136 780 ad
2166 720 2305 782 banc
2333 713 2654 780 humilitatis
2687 732 2744 780 et
2774 724 3060 781 charitatis
3092 724 3234 780 viam
3262 739 3387 794 per·

1800 826 2092 882 venerunt,
2124 816 2418 872 identidem
2446 816 2648 870 cadunt
2670 815 2720 870 el
2756 824 3065 887 resurgunt,
3091 815 3264 872 donec
3287 817 3390 871 mi·

1801 904 2099 961 sericordia
2132 904 2224 959 Dei
2252 921 2374 959 cum
2410 904 2517 960 illis
2549 894 2663 970 liat,
2696 906 2818 961 sine
2846 920 2951 976 qua
2982 905 3210 962 salutem
3236 920 3388 960 asse-

1801 995 1894 1066 qui
1923 1006 2218 1066 nequeunt.
2248 996 2378 1064 Quae
2402 1011 2523 1052 cum
2549 987 2623 1052 ita
2649 998 2780 1063 sint,
2808 997 2934 1053 boni
2973 987 3198 1054 latronis
3226 997 3385 1052 iidem

1800 1094 1966 1157 atque
2039 1083 2399 1141 bumilitatem
2480 1086 2774 1142 imitemur.
2842 1085 3125 1143 llumilitas
3193 1086 3387 1150 factet,

1801 1183 1862 1232 ut
1899 1178 2081 1233 crucis
2129 1178 2482 1249 ignominiam
2521 1178 2752 1234 libenter
2786 1179 3043 1235 feramus.
3087 1168 3190 1246 Qut
3228 1193 3392 1235 crure

1801 1286 1901 1327 sua
1951 1269 2164 1325 sublata
2211 1286 2311 1340 per
2357 1270 2632 1326 Christum
2686 1288 2718 1325 a
2765 1271 2906 1326 malo
2957 1271 3166 1329 latrone
3203 1271 3391 1342 selun-

1803 1363 1973 1436 gitur,
2020 1366 2266 1433 agnoscit
2310 1373 2533 1434 peccata
2583 1380 2680 1420 sua
2744 1365 2946 1434 quibus
3004 1365 3172 1422 Deum
3222 1365 3395 1423 offen-

1805 1453 1908 1520 dit,
1946 1467 2123 1524 eaque
2149 1453 2443 1509 confltetur
2474 1463 2530 1509 et
2559 1453 2739 1518 deflet,
2767 1464 2822 1510 et
2856 1455 3068 1511 veniam
3096 1466 3262 1528 atque
3290 1456 3386 1513 mi·

1805 1543 2168 1603 sericordiam
2201 1548 2457 1618 impetrat
2483 1538 2552 1603 ab
2581 1548 2699 1619 ipso
2733 1548 2841 1604 Deo
2868 1568 2883 1604 :
2915 1551 2999 1607 cui
3041 1559 3304 1622 potestas,
3335 1561 3393 1610 et

1807 1631 1980 1724 glot-ia
2014 1644 2159 1696 nunc
2203 1643 2259 1696 et
2303 1654 2540 1712 semper,
2586 1650 2643 1696 et
2692 1641 2746 1695 iu
2805 1642 3000 1698 saecula
3043 1644 3388 1701 &eculei-um.

1807 1728 2007 1783 Amen.
2491 1723 2512 1746 ⁶

2374 1811 2633 1879 o'ttaTto
2673 1821 2838 1880 xvii.

2096 1899 2171 1967 De
2202 1911 2398 1982 quadie
2428 1915 2623 1969 auiutoe
2660 1914 2770 1972 Deo
2810 1917 3104 1973 servientis.

1879 1992 1919 2059 l.
1962 2002 2019 2058 ln
2052 1995 2240 2074 primis
2280 2005 2470 2060 bortor
2517 2015 2567 2061 te
2610 1993 2664 2062 in
2696 2008 2893 2065 timore
2929 2008 3041 2078 Dei,
3082 2019 3142 2064 ut
3183 2025 3250 2065 ex
3279 2010 3397 2078 eius

1807 2091 2086 2149 voluntate
2127 2095 2403 2166 perlectus
2431 2094 2527 2161 sis,
2558 2111 2627 2153 ne
2662 2085 2878 2156 labores
2916 2100 2992 2155 tui
3032 2100 3147 2156 sint
3183 2101 3394 2169 inanes,

1807 2185 1905 2242 sed
1936 2185 2047 2241 Deo
2089 2187 2251 2256 grati.
2291 2186 2392 2254 Qui
2430 2175 2580 2243 enim
2621 2192 2948 2263 negotiatur,
2990 2193 3202 2252 lucrum
3241 2195 3394 2262 facit,

1807 2278 2041 2350 ideoque
2091 2277 2340 2346 laetatur3
2386 2294 2489 2336 nec
2521 2282 2832 2339 considerat
2858 2299 2997 2356 quos
3022 2285 3239 2345 labores
3272 2305 3396 2358 per-

1809 2371 2014 2428 tulerit.
2040 2370 2141 2440 Qui
2167 2371 2327 2426 duxit
2348 2387 2596 2439 uxorem,
2622 2387 2740 2429 eam
2765 2375 3007 2434 studiose
3029 2381 3285 2436 observat
3311 2391 3395 2436 at-

1806 2479 1914 2537 que
1945 2463 2207 2529 custodit,
2246 2473 2302 2518 et
2347 2478 2444 2520 cor
2470 2463 2590 2536 ejus
2633 2465 2686 2521 in
2726 2465 2818 2523 illa
2857 2470 3214 2541 conquiescit.
3241 2469 3397 2530 uites

1806 2573 1908 2629 pro
1938 2572 2066 2629 rege
2101 2573 2201 2613 suo
2245 2572 2491 2629 pugnans
2541 2567 2767 2615 mortem
2811 2559 3064 2631 despicit,
3092 2572 3153 2619 ut
3192 2578 3395 2621 corona

1808 2652 2063 2706 donetur.
2104 2649 2229 2705 ilaec
2259 2649 2417 2706 istius
2455 2651 2639 2706 mundi
2666 2662 2793 2708 sunt
2815 2669 3010 2724 opera,
3033 2664 3090 2710 et
3115 2657 3209 2727 qui
3233 2671 3298 2712 ea
3321 2655 3397 2711 ia·

1808 2741 1959 2797 ciu'nt
1991 2742 2246 2814 gaudent.
2291 2739 2445 2810 Quod
2494 2757 2618 2798 eum
2674 2743 2747 2798 ita
2794 2745 2887 2810 sit,
2922 2760 3158 2816 quonam
3201 2748 3399 2817 gaudio

1810 2827 1953 2891 affici
1984 2827 2148 2891 debet
2174 2822 2393 2890 animus
2415 2833 2558 2890 illius
2591 2834 2684 2906 qui
2714 2834 2810 2892 Dei
2837 2850 2961 2892 sese
2993 2837 3202 2894 addixit
3229 2839 3397 2894 servi-

1811 2929 1940 2995 tuti,
1971 2938 2027 2984 et
2067 2918 2119 2983 in
2147 2936 2213 2984 eo
2242 2916 2423 2985 studio
2454 2941 2513 2984 se
2547 2929 2760 2988 naviter
2789 2929 2951 3002 gerit,
2996 2944 3119 2985 cum
3147 2931 3395 2988 conside·

1809 3029 1897 3076 rat
1929 3021 2154 3093 angelos
2180 3021 2282 3078 sibi
2318 3036 2383 3078 ex
2423 3023 2525 3083 bac
2551 3021 2659 3078 vita
2687 3020 2986 3080 discedenti
3023 3020 3238 3078 obviam
3265 3036 3393 3079 vcn-

1808 3118 1989 3180 turos,
2031 3113 2531 3184 gratulaturosque,
2588 3113 2733 3185 quod
2785 3127 2854 3169 cx
2906 3098 3253 3167 tenebrarum
3302 3126 3392 3183 po-

1814 3205 2099 3263 testatibus
2133 3205 2296 3261 fuerit
2333 3205 2632 3263 liberatus?
2653 3207 2787 3262 Cum
2826 3206 2970 3261 enim
3001 3207 3184 3262 anima
3226 3220 3258 3263 e
3279 3221 3396 3263 cot·-

116 3298 355 3355 eumium
397 3307 647 3354 naturam
678 3300 784 3362 cst,
830 3309 938 3350 non
976 3294 1276 3364 perveniet.
1328 3292 1429 3362 Qui
1480 3293 1706 3365 supplex
1808 3309 1944 3371 pore
1965 3298 2262 3371 egreditur,
2288 3297 2616 3368 angelicum
2644 3299 2754 3369 ipsa
2783 3297 3223 3367 proficiscuntur.
3250 3297 3400 3357 Tunc

112 3388 189 3445 ad
218 3386 388 3444 Deum
427 3384 702 3454 confugit,
732 3384 791 3438 “1¹
819 3396 887 3437 00
908 3382 1141 3451 (Ιὺῑθῑθω
1165 3382 1424 3440 invenie&
1457 3381 1568 3438 Νῑὸῖ
1595 3381 1705 3439 Ge·
1811 3402 1993 3448 autem
2026 3402 2324 3447 occurrunt
2361 3389 2435 3446 illi
2466 3402 2656 3444 omnes
2689 3388 3040 3443 tenebrarum
3073 3396 3398 3457 potestates,

114 3482 267 3535 deon
311 3478 389 3546 (9)
424 3475 657 3544 hydrias
678 3470 1057 3543 ωὓῗῗθῦῖὓῦθῐι
1089 3486 1193 3530 ¹¹⁰⁰
1239 3474 1540 3543 aspexisse!
1574 3470 1708 3529 lam·
1812 3472 2234 3558 exquiruntque,
2277 3484 2321 3538 si
2359 3482 2489 3553 quid
2518 3482 2571 3537 in
2609 3496 2672 3535 ea
2702 3479 2979 3550 proprium
3008 3479 3310 3548 inveniant,
3340 3491 3400 3537 ut

120 3568 338 3638 ‘padum
364 3562 708 3634 SP¹0¹¹¹¹⁰¹¹0¹¹¹
725 3558 793 3631 ⁸¹3
834 3562 1017 3619 ffideffl
1044 3560 1205 3623 homo
1227 3567 1331 3623 nis?
1357 3583 1553 3639 corpus
1578 3582 1711 3622 001¹-
1811 3574 1959 3630 illam
2009 3573 2110 3629 sibi
2160 3572 2453 3626 vindicent.
2495 3569 2693 3625 Contra
2733 3581 2864 3622 vero
2912 3575 3021 3622 tum
3069 3566 3247 3639 angeli
3294 3583 3396 3638 pu·

134 3653 441 3721 tempserit,
478 3652 787 3709 Divinitatis
832 3652 1009 3711 lumen
1046 3670 1153 3712 non
1188 3656 1504 3714 intuebitur.
1533 3650 1709 3713 Etiam
1812 3675 2000 3739 gnam,
2037 3673 2148 3720 tum
2182 3663 2350 3719 inulto
2385 3662 2557 3732 magis
2593 3675 2755 3730 opera
2786 3675 2908 3730 quae
2949 3659 3062 3728 ipsa
3095 3657 3246 3725 fecit,
3276 3659 3398 3729 qui.

126 3742 294 3801 Jabel
317 3758 453 3798 uxor
476 3742 653 3799 itaber
678 3742 861 3811 ctnaet,
888 3744 989 3803 nihl
1032 3746 1249 3804 tulisset
1287 3747 1496 3804 clavum
1530 3752 1708 3806 taber·
1813 3759 1915 3813 bus
1943 3757 2012 3812 ab
2042 3754 2370 3810 adversariis
2395 3752 2832 3825 oppugnantibus
2866 3750 3174 3808 detenditur
3212 3760 3268 3807 et
3302 3766 3400 3808 cu·

128 3835 341 3902 naculi,
398 3834 597 3892 sisara
641 3834 945 3908 superbiam
992 3842 1102 3897 bon
1149 3842 1510 3912 oppressisset
1530 3838 1599 3901 ⁸¹.
1652 3842 1709 3899 Si
1813 3838 2065 3911 studitur,
2104 3853 2163 3900 ut
2212 3860 2331 3901 eam
2373 3845 2640 3915 attingere
2690 3852 2979 3915 nequeant.
3030 3842 3185 3912 Quod
3232 3856 3399 3915 opera

130 3940 294 3983 ¹¹¹8„ss
334 3927 497 3997 ῖδῖῑΰῐ·
532 3942 593 3985 ⁸0
624 3928 1043 3998 oessflrmflffl'ss·
1088 3932 1499 4004 decreiefflque
1532 3934 1711 3989 chari·
1814 3943 1951 3997 bona
1989 3940 2242 4002 vicerint,
2287 3948 2414 3994 tunc
2446 3936 2561 4002 ejus
2587 3937 2917 4005 praeconium
2957 3946 3162 3993 canunt
3195 3935 3398 4009 angeli,

133 4030 305 4077 tatem
330 4021 507 4093 sequi,
540 4020 722 4078 omnia
754 4022 938 4081 caruis
964 4024 1095 4080 vitia
1127 4024 1426 4097 superabit.
1467 4018 1712 4082 Charitas
1815 4033 1987 4087 donec
2024 4044 2147 4084 cum
2182 4027 2367 4082 laetitia
2397 4026 2506 4082 Deo
2539 4035 2813 4082 occurrat.
2842 4024 2960 4092 Quo
2996 4026 3213 4097 quidem
3261 4034 3399 4081 tem·

126 4115 277 4170 euim
304 4115 506 4183 patiens
530 4126 631 4184 est,
669 4115 888 4189 benique
914 4128 989 4173 est
1020 4117 1092 4187 ⁸⁸,
1122 4110 1519 4175 oemulationem
1550 4128 1601 4174 et
1626 4134 1715 4173 ar-
1813 4137 1948 4194 pore
1979 4121 2219 4175 omnium
2237 4119 2498 4197 *laborum
2523 4133 2660 4189 quos
2687 4119 2741 4174 in
2767 4119 2969 4174 mundo
2991 4117 3238 4187 pertulit,
3259 4118 3400 4174 obli-

130 4207 438 4278 rogantiam
473 4207 641 4277 vitat;
672 4209 958 4281 permittit,
987 4220 1047 4266 ut
1087 4228 1251 4267 mens
1279 4214 1348 4268 ab
1374 4212 1439 4268 iis
1466 4227 1586 4284 quae
1613 4227 1713 4267 na-
1817 4214 2064 4269 viscitnr.
2097 4214 2152 4268 ln
2189 4212 2294 4268 boc
2320 4227 2450 4281 ergo
2472 4211 2669 4282 exiguo
2693 4211 2818 4266 vitae
2845 4209 3120 4267 curriculo
3146 4209 3399 4267 alacriter

131 4302 277 4354 turae
319 4300 593 4356 contraria
632 4311 777 4365 sunt,
809 4302 1170 4371 opprimatur.
1216 4304 1366 4360 Mens
1407 4315 1588 4360 autem
1618 4303 1715 4358 bo5
1814 4303 2145 4371 laboremus,
2171 4314 2227 4358 et
2249 4317 2412 4374 opera
2442 4310 2625 4358 nostra
2658 4302 2726 4355 ab
2754 4301 2901 4357 omni
2928 4301 3131 4356 malitia
3155 4315 3292 4372 pura
3317 4312 3399 4358 at·

128 4404 231 4457 na,
266 4399 427 4461 caput
467 4400 552 4448 est
576 4390 771 4449 animae
799 4403 963 4465 atque
992 4395 1269 4467 princepS,
1296 4412 1397 4452 nec
1425 4397 1561 4453 sinit
1590 4411 1711 4450 eam
1817 4404 1925 4469 que
1964 4397 2169 4468 integra
2197 4386 2589 4463 custodiamus,
2627 4403 2687 4449 ut
2715 4411 2748 4451 e
2785 4384 3034 4450 manibus
3058 4394 3400 4450 inimicorum

124 4480 431 4553 quidquam
490 4474 805 4557 suscipere,
878 4488 1020 4555 quud
1087 4487 1162 4540 sit
1230 4494 1435 4541 uaturae
1497 4496 1716 4543 contra·
1744 4531 1791 4586 D
1818 4494 2127 4561 nostrorum
2154 4490 2243 4560 qui
2280 4478 2567 4544 admodum
2598 4486 2831 4559 improbi
2870 4485 3225 4560 crudelesque
3249 4494 3400 4555 sunt,

114 4574 315 4639 rium;
355 4574 590 4631 ostendit
627 4574 773 4631 euim
813 4568 891 4634 illi
920 4586 1052 4648 quot
1080 4578 1293 4649 injuriis
1322 4588 1610 4651 propterea
1636 4578 1713 4634 sit
1814 4583 2131 4639 liberemur.
2641 4588 2646 4593 '

112 4664 348 4723 tfl'ecffl·
1883 4666 1948 4731 tt.
1987 4676 2182 4730 Beatus
2206 4663 2313 4738 ille,
2339 4674 2393 4729 in
2418 4688 2526 4745 quo
2559 4671 2692 4729 nibil
2727 4686 2915 4728 eorum
2941 4671 3104 4739 inest,
3137 4672 3397 4743 quoniam

194 4752 293 4813 vt.
320 4756 577 4815 Dominus
613 4768 798 4817 noster
821 4759 979 4817 Jesus
1002 4758 1250 4819 Christus
1284 4774 1406 4817 cum
1436 4776 1589 4817 suant
1621 4775 1711 4817 er·
1813 4767 2068 4838 gaudium
2098 4766 2216 4834 ejus
2259 4774 2312 4819 et
2341 4763 2550 4829 laetitia,
2582 4772 2636 4821 et
2664 4766 2819 4833 quies
2862 4773 2918 4820 et
2946 4777 3146 4819 corona
3174 4775 3257 4820 est
3290 4763 3397 4820 im-

1818 4856 2080 4912 mortalis.
2124 4848 2295 4925 liujus
2331 4864 2512 4911 autem
2553 4856 2734 4911 mundi
2773 4854 2974 4909 divitiae
3000 4862 3059 4910 et
3093 4854 3399 4927 voluptates

20 4912 75 4979 j
118 4951 241 5009 ret,
273 4940 507 5001 latrones
541 4946 703 5012 duos,
748 4963 874 5003 cum
914 4949 1056 5005 inter
1107 4949 1254 5019 ipsos
1297 4942 1509 5005 medius
1550 4959 1717 5016 esset,
1816 4958 1945 5005 suut
1969 4964 2142 5005 vante.
2165 4940 2446 5004 l‘loremus
2474 4962 2660 5003 coram
2690 4936 2915 5002 Domino
2939 4960 3039 5015 pto
3070 4945 3298 5014 viribus,
3337 4955 3398 5003 ut

19 5018 81 5170 Ξ

114 5035 424 5181 separavit.
451 5035 727 5095 Turbatus
748 5048 833 5096 est
863 5050 1042 5097 autem
1069 5041 1114 5096 is
1138 5042 1230 5113 qui
1259 5056 1288 5096 a
1319 5040 1557 5098 sinistris
1574 5052 1713 5109 erat,
1817 5041 1935 5112 ipse
1969 5054 2068 5112 pro
2112 5041 2444 5113 benignitate
2486 5056 2583 5098 sua
2624 5038 2795 5095 nostri
2829 5038 3169 5106 misereatur,
3213 5040 3398 5097 nobis·

112 5140 195 5183 nu
222 5124 571 5183 madvertens
593 5129 1048 5185 uecessitudinem
1074 5146 1295 5203 pravam
1320 5145 1441 5203 quae
1465 5130 1565 5187 sibi
1591 5147 1713 5188 cum
1817 5146 1924 5202 que
1945 5130 2081 5187 ierat
2104 5132 2390 5200 auxilium,
2415 5144 2524 5201 quo
2551 5144 2652 5185 nos
2673 5127 3042 5185 aduricntibus
3062 5125 3296 5183 inimicis
3321 5143 3397 5182 re·

19 5200 303 5293 Walter-o
351 5218 444 5290 qui
490 5235 523 5275 a
570 5221 777 5277 dextris
824 5222 1111 5293 pendebat,
1149 5223 1552 5288 intercesserat,
1599 5240 1719 5282 esse
1818 5225 2102 5278 sistamus.
2155 5222 2355 5278 Curam
2409 5223 2579 5279 nostri
2633 5237 2888 5293 geramus
2929 5236 3052 5276 cum
3080 5219 3398 5285 severitate,

56 5298 91 5345 ’²
112 5311 485 5381 diremptam.
517 5314 588 5367 At
615 5313 731 5385 ipse
765 5330 887 5372 cum
916 5314 1223 5372 bumilitate
1251 5324 1306 5371 et
1333 5314 1528 5374 timore
1552 5316 1603 5370 in
1629 5312 1720 5371 Je-

1821 5316 2199 5387 desiderioque
2225 5315 2464 5373 feramur
2494 5315 2548 5371 iu
2573 5316 2762 5382 Deum,
2788 5323 2848 5370 ut
2882 5323 3009 5370 tunc
3035 5327 3102 5370 ex
3136 5311 3398 5382 improbis

19 5384 247 5459 ⁸²suui
299 5402 522 5460 intuens
570 5422 584 5458 τ
628 5404 923 5473 Memento,
971 5408 1165 5479 inquit,
1204 5408 1308 5463 mei
1361 5424 1481 5462 cum
1524 5407 1720 5463 seueris
1823 5407 2163 5464 inimicorum
2206 5409 2451 5464 manibus
2479 5424 2576 5465 nos
2608 5408 2824 5477 eripiat.
2866 5405 3140 5481 pauperes
3167 5405 3396 5477 benigne

19 5470 103 5531 ὀ

90 5558 111 5697 ξ
210 5558 265 5593 ⁸¹
306 5557 435 5616 Jud.
467 5575 566 5627 vu,
608 5559 677 5617 tt)
705 5575 824 5632 sqq.

921 5563 965 5597 ⁸³
1003 5562 1120 5619 Jml.
1146 5579 1216 5628 tv,
1243 5561 1306 5618 2!
1356 5577 1475 5632 sqq.
1550 5562 1597 5595 ⁸³
1630 5560 1647 5615 l
1685 5563 1812 5618 (lor.
1845 5578 1967 5629 xttt,
2005 5564 2048 5619 l.
2127 5564 2171 5598 ’ὅ
2211 5564 2338 5622 Luc.
2382 5581 2539 5634 xxttt,
2581 5568 2668 5624 ts.

72 5764 100 5785 s
192 5736 287 5813 (9)
334 5732 457 5794 Nisi
503 5737 733 5806 (lcdcon,
787 5751 893 5798 etc.
952 5740 1070 5799 ttoee
1129 5741 1265 5797 infra
1330 5739 1517 5796 Groece
1570 5739 1603 5795 l.
1652 5755 1727 5810 c.,
1770 5760 1890 5817 cap.
1933 5744 2016 5800 li.

20 5816 109 5868 —l
