3725 6125
127 311 241 368 m

1154 302 1434 360 nontLtA
1472 300 1513 361 Ι.
1553 302 1642 358 ΟΕ
1679 300 1908 359 ΩΝΙΤΕ
1948 300 2032 356 ΕΤ
2073 296 2361 357 LAzAno.

3271 297 3375 357 1¹18

130 426 308 484 Θύδέν
325 423 440 494 γάρ
458 416 574 475 οἷον
592 418 723 491 αὐτῇ
748 416 1147 503 χρήσασθαιτῇ
1175 418 1317 487 λὶξει
1347 422 1412 493 τῇ
1444 422 1713 493 γραφικῇ,
1742 424 1790 481 A
1816 418 2046 489 sepultus
2078 427 2153 473 eet
2194 414 2295 488 (8).
2329 412 2487 470 Nihil·
2508 414 2652 471 enim
2685 412 2913 486 perinde
2942 413 3120 470 valeat
3150 427 3216 470 ac
3241 428 3378 476 eon·

132 515 343 579 ίκανῶς
373 512 467 567 διά
494 512 621 584 μιᾶς
646 509 844 577 λέξεως
866 508 1242 583 ἑρμηνευούσῃ
1265 508 1363 581 τὴν
1394 510 1587 579 άτιμον
1615 506 1709 561 τοῦ

135 606 407 661 πλουσίου
439 602 746 658 κατάλυσιν.
813 599 871 655 ’0
904 600 1017 672 γὰρ
1051 600 1372 674 ἁμαρτωλὸς
1408 600 1674 655 τελευτῶν
1693 639 1709 662 ,

138 700 325 763 ὅντως
352 699 620 759 θάπτεται,
650 694 863 766 χθόνιος
889 694 965 749 ῶν
992 694 1056 748 τὸ
1089 694 1246 766 σῶμα
1265 734 1282 760 ,
1313 696 1499 767 γήινος
1526 695 1581 748 δέ
1622 696 1714 748 καὶ

146 791 254 863 τὴν
282 790 477 861 ψυχήν·
512 788 604 841 καὶ
634 788 698 840 τὸ
741 785 968 856 φυσικὸν
998 785 1212 858 ἐκείνης
1244 783 1460 857 ἀξίωμα
1487 788 1557 857 τῇ
1578 801 1714 856 συμ-

155 881 348 951 παθείᾳ
385 879 479 949 τῆς
514 878 723 950 σαρκὸς
762 877 897 948 πρὸς
924 876 1024 948 τὴν
1056 876 1189 948 ὓλην
1221 875 1576 945 καταγαγὼν,
1623 875 1714 928 ού-

151 973 239 1026 δέν
263 970 490 1041 χρηστὸν
529 970 631 1041 τῆς
674 968 871 1023 ἑαυτοῦ
916 966 1064 1038 ζωῆς
1109 966 1532 1038 καταλιμπάνων
1581 966 1714 1020 ὑπό-

144 1078 345 1131 μνημα,
390 1060 531 1132 λήθῃ
576 1060 635 1114 δέ
676 1059 860 1129 ἀτίμῳ
891 1057 1326 1129 καλυπτόμενος,
1368 1057 1578 1113 καὶτὸν
1604 1057 1714 1110 τῶν

131 1152 500 1225 βοσκημάτων
533 1152 768 1205 θάνατον
791 1149 1073 1203 τελευτῶν.
1115 1150 1300 1219 Τάφος
1330 1149 1426 1219 μὲν
1452 1147 1561 1219 γάρ
1601 1146 1713 1220 ἔχει

127 1244 190 1297 τό
217 1243 382 1315 σῶμα
404 1260 420 1274 ·
451 1243 588 1315 ᾆδης
617 1242 677 1295 δὲ
729 1241 827 1312 τὴν
847 1240 1027 1312 ψυχήν
1045 1245 1061 1271 ”·
1097 1239 1192 1294 δύο
1221 1240 1472 1293 σκοτεινὰ
1500 1237 1714 1309 δεσμω-

123 1335 333 1406 τήρια,
371 1333 710 1406 μεριζόμενα
741 1332 836 1386 τοῦ
871 1330 1108 1403 πονηροῦ
1146 1332 1247 1401 τὴν
1282 1330 1572 1402 τιμωρίαν.
1604 1329 1716 1383 Καὶ

124 1424 217 1489 τίς
249 1428 356 1479 οὐκ
390 1426 457 1479 ἂν
494 1426 596 1496 τῆς
626 1424 881 1489 ἀᾶουλίας
912 1424 1004 1477 τὸν
1033 1422 1214 1479 ἄθλιον
1259 1419 1714 1493 καταμέμψαιτο;

130 1517 304 1586 ῆνικα
351 1516 452 1586 μὲν
483 1517 629 1588 ὑπὲρ
661 1519 762 1588 γῆς
796 1513 865 1587 ἦν
896 1515 1236 1589 γαυροῦντα,
1269 1512 1717 1586 μεγαλαυχούμε-

134 1622 251 1670 νον,
279 1603 503 1658 πάντων
531 1603 978 1674 ὑπερφρονοῦντα
1001 1602 1109 1657 τῶν
1136 1600 1418 1665 συζώντων
1459 1600 1552 1653 καὶ
1587 1601 1718 1669 ὁμο-

1813 517 1966 580 cepta
1999 510 2076 564 uti
2112 508 2410 579 Scripturae
2438 521 2602 574 voce,
2634 520 2739 577 qua
2766 519 2872 562 una
2906 506 3163 581 infamem
3193 504 3377 563 divitis

1813 601 2017 655 exitum
2053 599 2266 654 abunde
2315 599 2568 669 explicat.
2618 596 2854 653 Moriens
2895 597 3092 669 quippe
3124 605 3385 666 peccator.

1814 708 1942 748 vere
1992 691 2272 760 sepelitur,
2324 692 2580 762 quoniam
2627 703 2851 759 corpore
2904 699 2959 745 et
3003 691 3188 746 animo
3223 688 3379 758 iuxta

1814 786 2091 839 terrestris
2151 794 2278 851 est;
2342 799 2408 839 ae
2458 783 2762 839 naturalem
2811 768 2966 851 huius
3022 782 3381 852 dignitatem,

1814 874 2200 943 conjunctione
2239 888 2303 930 ao
2341 874 2647 945 sympathia
2694 874 2875 928 carnis
2908 873 2975 926 ad
3028 873 3219 927 sordes
3280 870 3381 926 sae-

1815 979 2013 1034 cesque
2056 973 2299 1021 terrenas
2352 968 2606 1021 deorsum
2647 965 2850 1030 trahit,
2886 964 3201 1034 nullumque
3248 963 3383 1019 utile

1816 1057 1939 1110 vitae
2000 1072 2111 1111 suoe
2181 1067 2591 1112 monumentum
2650 1056 2993 1125 relinquens,
3042 1070 3107 1111 ac
3160 1053 3383 1127 ignobili

1826 1155 2001 1202 tectus
2031 1147 2333 1212 oblivione,
2370 1148 2602 1203 similem
2639 1149 2937 1216 pecudibus
2974 1157 3201 1203 mortem
3241 1146 3378 1202 obit.

1818 1237 1951 1292 Nam
1978 1221 2045 1293 ‘et
2074 1236 2273 1309 'corpus
2295 1278 2312 1303 ,
2354 1239 2657 1310 sepulcrum
2688 1256 2705 1306 ;
2741 1247 2797 1295 et
2830 1240 3063 1294 animam
3087 1279 3103 1304 ,
3140 1237 3381 1293 infernus

1819 1327 1982 1383 babet
2014 1347 2029 1383 ι
2070 1343 2133 1384 ac
2173 1330 2330 1398 quasi
2372 1329 2643 1386 tenebrosi
2679 1330 2783 1385 duo
2832 1345 3115 1396 carceres,
3165 1343 3379 1399 poenam

1824 1417 2037 1473 scelesti
2067 1434 2131 1474 ac
2159 1420 2416 1475 ultionem
2447 1419 2774 1487 partiuntur.
2810 1419 2941 1487 Quis
2970 1428 3180 1487 autem,
3214 1433 3341 1489 rogo
3362 1459 3379 1485 ,

1822 1510 2077 1565 miserum
2127 1526 2191 1565 ac
2240 1510 2510 1566 infelicem
2562 1510 2811 1567 stultitiae
2846 1526 2951 1565 non
2990 1511 3240 1576 incuset,
3290 1510 3384 1580 qui

1821 1602 2074 1671 quidem,
2109 1602 2162 1657 in
2200 1602 2449 1659 immanis
2477 1619 2673 1674 agenS,
2708 1618 2900 1675 magna
2931 1604 3164 1672 spiraret
3198 1644 3213 1668 ,
3251 1617 3375 1657 sese

137 1693 350 1763 φύλων,
377 1692 477 1746 καὶ
512 1694 797 1763 μονονουχὶ
824 1692 1120 1765 μύρμηκας
1148 1694 1245 1746 καὶ
1269 1688 1559 1760 σκώληκας
1585 1688 1721 1740 ἁπο-
1822 1692 2039 1746 ellerret
2069 1731 2084 1756 ,
2140 1706 2331 1748 omnes
2385 1707 2507 1748 cum
2540 1694 2656 1763 ipso
2717 1702 2993 1749 versantes
3046 1707 3109 1747 ac
3159 1691 3383 1747 tribules

144 1780 424 1835 καλοῦντα
468 1782 613 1844 τοὺς.
641 1783 1087 1851 ἐντυγχάνοντας,
1131 1781 1270 1852 κενῷ
1310 1781 1367 1834 δὲ
1407 1778 1717 1850 φρονήματι
1751 1753 1796 1811 Β
1825 1796 1953 1837 suos
1990 1781 2292 1850 despicatui
2331 1782 2594 1849 liaberet;
2631 1798 2694 1838 ac
2725 1798 2968 1854 quosque
3000 1784 3381 1839 convenientes

152 1871 260 1939 τῆς
306 1870 683 1941 ὀλιγοχρονίου,
722 1871 876 1942 δόξης
921 1872 1372 1944 διαρρηγνύμενον
1392 1888 1407 1902 ·
1455 1869 1620 1941 ήνίκα
1661 1866 1720 1920 δὲ

157 1961 498 2031 ἀπεσπάσθη
524 1960 627 2014 τοῦ
656 1960 769 2031 βίου
787 2002 803 2028 ,
865 1962 959 2015 καὶ
993 1963 1069 2026 ώς
1094 1963 1371 2033 μαστιγίας
1406 1962 1589 2025 δοῦλος
1616 1960 1723 2028 ἀφ-

161 2051 343 2124 ῃρέθη
379 2051 492 2105 τῶν
528 2052 825 2124 ἀλλοτρίων
848 2092 864 2114 .
910 2047 986 2107 ὧν
1007 2053 1067 2117 ἐξ
1097 2053 1276 2117 ἀνοίας
1304 2034 1538 2124 ἐνόμιζεν
1581 2047 1721 2105 εἶναι

155 2142 456 2213 δεσπότης,
485 2144 567 2206 είς
596 2142 923 2214 ἀντίρροπον
950 2143 1046 2213 τῆς
1067 2143 1460 2214 ὑπερηφανείας
1483 2142 1722 2211 καταφέ-

157 2249 318 2303 ρεται
357 2234 726 2303 ταπεινότητα
750 2274 767 2300 ,
800 2232 892 2286 καὶ
924 2234 1094 2303 γραὸς
1133 2234 1428 2305 θρηνούσης
1463 2234 1720 2305 ὀδυρμοὺς

148 2327 617 2398 προόαλλόμενος,
662 2327 851 2398 μακρὰ
886 2330 980 2381 καὶ
1008 2326 1243 2399 ἀνόνητα
1271 2328 1360 2381 τὸν
1385 2328 1720 2398 πατριάρχην

139 2419 524 2483 ἀποκαλεῖται,
555 2419 731 2487 λέγων
749 2435 763 2449 ·
793 2418 1022 2490 [Πάτερ
1069 2418 1327 2489 Ἀὸραὰμ,
1345 2418 1605 2487 ἐλέησόν
1619 2435 1718 2487 με,

139 2509 240 2563 ml
267 2510 518 2578 πέμψον
537 2507 827 2577 Λάζὶιρον,
857 2509 963 2562 tra
986 2507 1162 2578 βάψῃ
1193 2509 1256 2564 τό
1281 2509 1467 2580 ἀκρον
1485 2510 1592 2565 τοῦ
1619 2510 1721 2563 δα-

142 2602 372 2654 κτύλου
400 2599 592 2654 αὑτοῦ
626 2598 872 2667 ὕδατος,
908 2599 1011 2661 καί
1034 2600 1349 2671 καταψύξῃ
1376 2602 1492 2669 τὴν
1523 2601 1721 2672 γλῶσ-

143 2690 269 2745 σάν
302 2707 456 2759 μου,
501 2689 589 2744 ὅτι
641 2690 943 2761 ὀδυνῶμαι
991 2692 1061 2745 ἐν
1114 2691 1187 2761 τῇ
1231 2694 1408 2764 φλογὶ
1442 2696 1661 2762 ταύτῃ·
1696 2693 1717 2765 ]

149 2781 332 2851 ζητῶν
359 2782 529 2843 ἔλεον,
563 2782 620 2834 ὃν
662 2783 760 2835 οὐκ
790 2781 1023 2847 ἔδωκεν,
1068 2784 1229 2855 ἡνίκα
1264 2785 1356 2838 τοῦ
1413 2787 1721 2857 εὐεργετεῖν

156 2874 448 2944 πρόχειρον
474 2869 617 2944 εἶχεν
642 2873 739 2943 τὴν
766 2873 1011 2940 ἐξουσίαν
1030 2891 1045 2907 ·
1079 2873 1243 2940 ἀξιῶν
1269 2876 1327 2931 δὲ
1353 2877 1720 2949 αὐτῷ’βοηθὸν

159 2964 302 3016 κατὰ
339 2963 434 3017 τοῦ
466 2964 635 3035 πυρὸς
658 2964 948 3033 ἀφικέσθαι
978 2966 1069 3020 τὸν
1109 2966 1357 3039 Λάζαρον
1376 2986 1390 2999 ·
1428 2970 1720 3041 εὐχόμενος

1819 1882 2026 1927 tantum
2068 1889 2173 1928 non
2214 1872 2467 1929 formicas
2507 1889 2571 1929 ae
2604 1889 2817 1931 vermes
2855 1876 3185 1947 appellaret,
3227 1874 3373 1929 inani

1819 1962 1997 2029 fastu,
2047 1962 2314 2034 fluxaeque
2371 1978 2436 2019 ac
2498 1964 2705 2036 fugacis
2759 1966 3012 2037 opinione
3058 1968 3242 2037 gloriae
3304 1965 3385 2019 di-

1821 2062 2199 2123 rumperetur:
2246 2056 2334 2108 ubi
2389 2064 2569 2110 autem
2626 2058 2697 2109 ab
2758 2057 2863 2112 boc
2912 2059 3107 2113 saeculo
3162 2056 3381 2111 avttlsus

1819 2146 1955 2213 suit,
2011 2160 2075 2200 ac
2135 2153 2389 2214 tanquam
2448 2161 2636 2202 servus
2692 2147 2917 2217 ssagrio,
2977 2150 3188 2215 aliena,
3245 2165 3381 2219 qno·

1821 2254 1936 2293 rum
1986 2252 2046 2292 se
2090 2251 2185 2307 per
2234 2238 2523 2292 humanam
2575 2239 2899 2293 dementiam
2945 2241 3221 2295 dominum
3266 2254 3386 2293 cre-

1821 2330 2081 2394 didisset,
2131 2328 2310 2383 ablata
2367 2327 2590 2393 amisit,
2648 2328 2714 2383 ad
2763 2343 2944 2399 parem
3004 2346 3114 2383 suae
3167 2330 3241 2383 illi
3292 2345 3384 2383 su-

1822 2422 2021 2491 perbiae
2076 2420 2346 2477 delabitur
2403 2419 2793 2485 bumilitatem,
2847 2434 3087 2489 antisque
3145 2420 3380 2488 lugentis

1817 2512 1991 2567 instar
2033 2513 2369 2577 lamentanS,
2419 2509 2579 2580 longo
2612 2526 2675 2566 ac
2728 2511 2897 2565 inutili
2945 2510 3226 2565 verborum
3263 2500 3382 2563 ain·

1817 2605 1931 2659 bitu
1982 2604 2344 2675 patriarcham
2402 2604 2650 2667 invocat,
2707 2603 2942 2657 dicens:
2995 2599 3155 2656 Pater
3211 2600 3390 2676 Abra-t

1817 2698 1975 2763 ham,
2044 2698 2288 2751 miserere
2336 2696 2484 2749 mei:
2539 2704 2585 2749 ee
2640 2696 2787 2749 mitte
2842 2693 3142 2760 Lazarum,
3198 2704 3253 2749 ιιι
3304 2696 3384 2749 in-

1820 2790 1988 2857 tinqat
2043 2796 2331 2841 extremum
2388 2786 2542 2856 digiti
2600 2787 2686 2840 zui
2738 2787 2792 2840 in
2844 2803 3069 2855 aquam,
3123 2795 3180 2840 ut
3234 2788 3390 2856 resri-

1820 2889 1959 2951 ρει-ει
2015 2879 2252 2948 linquam
2306 2896 2505 2942 meam,
2560 2879 2688 2947 quia
2737 2880 2945 2933 crucior
2989 2880 3045 2933 in
3088 2880 3188 2933 hac
3231 2882 3388 2950 slant-

1821 2986 1907 3023 ma
1940 3008 1954 3033 ,
2005 2967 2438 3021 misericordiam
2478 2981 2759 3037 quaerenS,
2810 2982 2970 3037 (ptam
3014 2968 3126 3037 ipse
3170 2968 3390 3022 minime

157 3053 507 3125 ἂπομυζῆσαι
539 3053 634 3108 τοῦ
667 3052 863 3128 λεπροῦ
893 3055 984 3109 τὸν
1022 3055 1315 3123 δάκτυλον,
1353 3057 1530 3126 ὀλίγον
1568 3077 1716 3113 νενο-
1749 3094 1792 3152 C
1825 3057 2248 3129 impertivisset,
2314 3074 2436 3111 cum
2493 3057 2541 3111 ei
2608 3057 2976 3113 benefaciendi
3044 3058 3270 3113 facultas
3336 3060 3387 3113 iu

156 3147 410 3216 τισμένον
434 3145 609 3199 ὕδατι.
631 3146 887 3200 Τοιαῦται
909 3146 1018 3201 τῶν
1042 3148 1432 3220 φιλοσωμάτων
1452 3151 1719 3206 ἀδουλίαν

156 3235 313 3291 τοῦτο
340 3236 450 3290 τῶν
480 3236 851 3313 φιλοπλούτων
882 3239 981 3292 καὶ
1005 3238 1300 3310 φιληδόνων
1324 3242 1387 3294 τὸ
1414 3241 1584 3306 τέλος.
1613 3244 1725 3297 Καὶ

154 3330 424 3402 προσήκει
458 3328 551 3381 τὸν
592 3327 814 3382 συνετὸν
857 3328 950 3383 καὶ
987 3331 1243 3404 προμηθῆ
1286 3332 1384 3386 τοῦ
1420 3333 1723 3404 μέλλοντος,

150 3416 262 3474 οἷον
294 3420 588 3492 φάρμακόν
614 3439 666 3475 τι
699 3420 1131 3493 προφυλακτικὸν
1163 3427 1466 3497 νοσήματος
1491 3427 1589 3497 τὴν
1619 3444 1724 3482 πα-

155 3512 391 3585 ραὸολὴν
419 3512 786 3585 ἡγησάμενον,
816 3512 1006 3580 φυγεῖν
1038 3513 1148 3566 τῶν
1179 3515 1378 3584 ὁμοίων
1405 3516 1589 3568 κακῶν
1628 3516 1727 3586 τὴν

155 3604 385 3675 αἴραν·
434 3601 498 3655 τδ
543 3601 828 3672 συμπαθὲς
865 3604 959 3657 καὶ
997 3603 1410 3674 φιλάνθρωπον,
1449 3605 1523 3670 ὡς
1551 3607 1731 3661 αἰτίαν

158 3692 263 3760 τῆς
292 3690 438 3758 ζωῆς
474 3692 579 3760 τῆς
625 3693 922 3763 μελλούσης
942 3734 956 3759 ,
990 3695 1324 3765 ἀσκήσαντα.
1370 3697 1731 3767 Δραματικῶς

168 3780 287 3848 γὰρ
307 3781 441 3846 ἡμῖν
477 3782 508 3832 ὁ
538 3780 684 3849 λόγος
711 3783 810 3854 τὴν
839 3782 1121 3838 νουθεσίαν
1149 3785 1241 3838 ἐπὶ
1269 3786 1574 3857 προσώπων
1598 3788 1731 3860 ὡρι-

185 3868 407 3937 σμὲνων.
423 3868 638 3937 ἐξέθετο,
663 3874 748 3928 ἵνα
771 3875 1030 3946 ἐμψύχως
1069 3876 1163 3929 καὶ
1198 3877 1483 3941 δεικτικῶς
1516 3879 1736 3933 παιδευ-

190 3954 365 4021 θέντες
395 3957 494 4028 τῆς
531 3961 736 4033 ἀγαθῆς
775 3964 1054 4028 πολιτείας
1094 3965 1185 4018 τὸν
1238 3966 1432 4037 νόμον,
1467 3967 1734 4039 μηδέποτε

177 4051 670 4121 καταφρονήσωμεν
706 4052 813 4107 τῶν
846 4053 945 4124 τῆς
977 4054 1198 4125 Γραφῆς
1237 4057 1732 4128 παραγγελμάτων,

167 4138 247 4201 ὡς
276 4138 402 4212 ἄχρι
429 4141 590 4211 λόγου
624 4145 785 4215 μόνον
811 4146 1135 4215 φοὸούντων,
1164 4148 1226 4200 οὐ
1257 4148 1362 4219 μὴν
1390 4149 1487 4221 τὴν
1510 4149 1737 4221 ἀπειλὴν

171 4230 521 4298 προαγόντων
551 4234 633 4296 είς
671 4235 963 4307 τιμωρίαν.
1013 4232 1142 4290 Οἶδα
1190 4237 1331 4308 γὰρ,
1368 4237 1443 4302 ώς
1474 4230 1524 4292 oi
1555 4240 1738 4306 πολλοὶ

163 4318 279 4373 τῶν
304 4319 609 4394 ἀνθρώπων
638 4329 757 4391 ταῖς
787 4328 1066 4392 τοιαύταις
1099 4329 1375 4393 ὑπονοίαις
1415 4331 1737 4401 δελεαζόμε-

1830 3160 2083 3220 promptu
2156 3159 2354 3213 esset,
2424 3160 2724 3219 petensque
2788 3166 2851 3205 ac
2909 3150 3154 3223 flagitans
3218 3149 3389 3206 Laza-

1825 3256 1947 3297 rum
1999 3241 2259 3297 advenire
2312 3239 2546 3294 laturum
2597 3242 2877 3311 suppetias
2932 3243 3194 3298 adversus
3252 3243 3393 3310 ignis

1827 3334 1938 3388 vim
2005 3348 2071 3388 ae
2128 3332 2512 3399 flammarum,
2604 3342 2765 3402 atque
2836 3335 3051 3389 modico
3114 3332 3393 3401 perfusum

1829 3422 2057 3479 humore
2100 3421 2302 3492 leprosi
2348 3421 2613 3490 digitum,
2646 3437 2908 3491 precanS,
2959 3421 3268 3477 allambere.
3304 3421 3397 3475 Sic

1831 3515 2087 3570 nimirum
2145 3514 2338 3578 babet,
2394 3514 2671 3567 hominum
2729 3513 2973 3582 corporis
3036 3512 3395 3566 amantiorum

1832 3604 2109 3670 stultitia;
2162 3604 2239 3657 sic
2299 3617 2489 3657 eorum
2538 3604 2746 3669 exitus,
2812 3602 2903 3673 qui
2956 3618 3117 3673 supra
3177 3602 3393 3656 modum

1833 3698 2147 3753 divitiarum
2209 3711 2272 3750 ac
2322 3697 2651 3765 voluptatum
2714 3695 2938 3751 studiosi
2995 3704 3139 3748 sunt.
3196 3693 3397 3761 Quam·

1832 3791 2019 3844 obrem
2072 3787 2286 3856 sapiens
2330 3788 2560 3859 quisque
2610 3800 2673 3840 ac
2728 3785 2893 3839 l'uturi
2952 3785 3245 3853 prot-idue,
3298 3801 3397 3840 ceu

1837 3881 2030 3935 morbo
2097 3880 2336 3935 cavendo
2394 3888 2765 3948 comparatum
2820 3877 3112 3931 remedium
3170 3877 3398 3947 parabo·

1840 3969 1946 4022 lam
1996 3978 2294 4038 reputans,
2338 3965 2728 4020 misericordiae
2777 3978 2840 4019 ac
2890 3963 3239 4019 humanitatis
3287 3964 3400 4019 cul·

1839 4068 1930 4122 tu,
1978 4060 2174 4128 quibus
2219 4058 2526 4113 obtineatur
2570 4054 2751 4111 sutura
2796 4055 2941 4120 vita,
2988 4055 3240 4111 similium
3290 4069 3403 4110 ma-

1840 4147 2012 4203 lorum
2055 4149 2351 4218 periculum
2396 4148 2569 4203 vitare
2608 4147 2877 4202 habuerit.
2921 4147 3220 4201 Dramatice
3259 4147 3400 4201 enim

1840 4256 1905 4296 ac
1950 4240 2124 4297 certis
2171 4241 2405 4296 inductis
2460 4242 2709 4309 personis
2756 4239 3032 4308 Scriptura
3084 4238 3403 4294 admonitio-

1843 4346 1965 4385 nem
2015 4332 2297 4401 exposuit,
2345 4346 2452 4401 quo
2497 4346 2594 4401 per
2639 4331 2790 4386 vivas
2839 4331 3101 4402 imagines
3150 4339 3404 4400 certaque

164 4427 275 4476 νοι,
305 4412 584 4468 ἀκώλυτον
608 4416 822 4482 ἑαυτοῖς
855 4418 951 4472 τοῦ
982 4420 1315 4490 ἁμαρτάνειν
1357 4419 1452 4491 τήν
1481 4421 1733 4488 ἐξουσίαν
1766 4431 1809 4484 D
1840 4422 2310 4477 demonstratione
2358 4423 2495 4478 bene
2551 4423 2766 4477 vivendi
2821 4423 2990 4494 legem
3037 4424 3257 4487 edocti,
3316 4437 3404 4478 sa-

164 4500 501 4570 χαρίζονται.
544 4505 662 4558 Πᾶν
690 4505 752 4559 δὲ
787 4508 1094 4561 τούναντίον
1124 4509 1274 4580 παρά
1310 4510 1411 4580 τῆς
1447 4511 1739 4582 προκειμέ-

164 4604 266 4659 νης
293 4590 521 4662 Γραφῆς
542 4571 925 4667 διδασκόμεόα,
948 4598 1023 4663 ὡς
1046 4600 1167 4653 οὐδὲ
1195 4601 1489 4674 συγγνώμη
1524 4619 1609 4666 τις
1636 4603 1739 4673 τῆς

167 4679 287 4733 ἐκεῖ
313 4682 552 4752 κρίσεως
579 4686 940 4760 ἐπελαφρύνει
973 4690 1068 4762 τὴν
1097 4691 1348 4757 κόλασιν,
1381 4693 1496 4762 οὐδὲ
1532 4694 1743 4761 ἐλαττοῖ

167 4771 266 4841 τὴν
291 4771 608 4846 ὡρισμένην
628 4779 895 4850 τιμωρίαν
922 4780 1325 4853 φιλανθρωπία·
1361 4785 1489 4854 εἴγε
1517 4786 1598 4839 δεῖ
1622 4788 1743 4852 ταῖς

171 4865 380 4930 φωναῖς
431 4864 533 4918 τοῦ
579 4869 917 4941 πατριάρχου
972 4873 1346 4944 τεκμηριῶσαι
1403 4876 1502 4942 τὸν,
1559 4878 1734 4947 λόγον.

172 4952 350 5007 Πολλά
376 4955 487 5027 γάρ
530 4959 826 5025 ἱκετευθείς
873 4963 1020 5032 παρὰ
1049 4963 1143 5018 τοῦ
1180 4965 1456 5032 πλουσίου,
1499 4967 1592 5022 καὶ
1629 4986 1732 5038 μυ-

174 5043 307 5113 ρίων
330 5045 584 5101 ἐλεεινῶν
611 5050 922 5116 ἐπακούσας
947 5055 1138 5123 φωνῶν
1160 5096 1175 5120 ,
1201 5054 1325 5109 οὔτε
1354 5059 1465 5121 τοῖς
1489 5058 1741 5130 ὀδυρμοῖς

173 5135 506 5211 ἐπεκλάσθη,
531 5138 654 5193 οὔτε
677 5142 774 5213 τῆς
796 5143 986 5215 ὀδύνης
1010 5145 1241 5210 ἐξείλετο
1291 5147 1385 5200 τὸν
1407 5148 1617 5220 πικρῶς
1640 5166 1743 5220 μα·

177 5222 516 5296 στιζόμενον·
557 5230 813 5303 αὐστηρῷ
861 5232 917 5286 δὲ
942 5234 1020 5304 τῷ
1054 5237 1358 5307 φρονήματι
1394 5237 1495 5308 τὴν
1528 5237 1743 5293 δικαίαν

174 5314 358 5386 κρίσιν
387 5318 683 5390 ἐκύρωσεν,
714 5322 902 5388 εἰπὼν,
940 5326 1022 5378 ὄτι
1054 5326 1188 5396 πρὸς
1217 5326 1372 5393 ἀξίαν
1397 5327 1609 5400 ἑκάστῳ
1638 5328 1745 5400 διε-ς

244 5517 327 5597 (8)
367 5518 617 5590 Sepultus
656 5532 732 5576 est
759 5564 772 5582 ,
815 5524 1024 5595 ἐτάφη.
1077 5525 1167 5581 Sic
1209 5526 1390 5582 Groeca
1450 5530 1742 5591 etiamnum

173 5599 432 5645 retinent.
490 5590 687 5657 rejecto
731 5595 799 5647 acl
846 5596 1120 5662 sequentia
1178 5596 1268 5651 illo
1330 5599 1386 5651 ὲν
1436 5599 1556 5670 ᾆδη,
1603 5601 1743 5668 quod

176 5653 372 5737 Latina
417 5656 652 5730 jungunt
695 5663 982 5734 participio
1037 5666 1307 5733 sepultus,
1367 5655 1551 5736 estqu‘e
1603 5671 1744 5724 idem

181 5722 500 5785 Latinorum
537 5744 748 5811 sensus,
790 5749 852 5787 ac
880 5749 1035 5804 quem
1065 5736 1117 5788 in
1148 5750 1250 5788 una
1289 5729 1371 5789 illa
1405 5750 1533 5793 soce
1557 5738 1745 5808 depre-

1841 4527 1931 4567 cra
1995 4511 2196 4565 monita
2243 4527 2307 4565 ac
2365 4523 2629 4580 praecepta
2692 4525 2967 4580 nunquam
3028 4525 3401 4579 aspernemur,

1846 4615 2099 4675 tanquam
2143 4605 2256 4660 solo
2299 4614 2538 4660 terreant
2585 4618 2870 4668 sermone,
2912 4617 2974 4656 ac
3023 4602 3213 4656 inanes
3259 4600 3400 4655 intra

1843 4694 2020 4750 minas
2084 4695 2411 4750 consistant.
2473 4693 2581 4751 Nec
2631 4697 2777 4750 enim
2836 4710 2925 4750 me
2978 4693 3141 4756 latet,
3201 4702 3406 4747 morta·

1845 4784 1972 4838 lium
2012 4784 2193 4855 plures
2227 4783 2554 4852 ejuscemodi
2581 4784 2996 4855 cogitationibus
3028 4783 3298 4846 delinitos,
3324 4780 3406 4837 es-

1850 4873 2061 4929 frenem
2124 4875 2227 4932 sibi
2289 4875 2562 4930 licentiam
2619 4875 2876 4944 peccandi
2935 4874 3234 4944 indulgere.
3296 4873 3405 4928 Ve-

1846 4980 1965 5022 rum
2009 4968 2114 5022 alia
2165 4983 2263 5023 nos
2309 4969 2488 5022 omnia
2535 4968 2683 5024 locus
2731 4967 2819 5022 liic
2864 4965 3159 5037 Scripturae
3200 4965 3405 5034 docet;

1844 5058 1986 5115 nulla
2034 5061 2241 5115 scilicet
2288 5058 2401 5128 ejus
2444 5059 2631 5130 judicii
2685 5074 2901 5128 poenam
2947 5059 3283 5128 indulgentia
3329 5059 3409 5115 le·

1851 5147 2007 5213 vari,
2068 5147 2214 5203 nulla
2272 5134 2549 5204 decretum
2616 5135 2938 5220 supplicium
3005 5149 3237 5221 mitigari
3300 5149 3411 5206 cle-

1846 5240 2087 5307 mentia;
2137 5240 2182 5295 si
2234 5242 2391 5296 modo
2445 5243 2765 5310 patriarcliae
2812 5241 3039 5297 vocibus
3087 5249 3295 5298 certam
3344 5242 3409 5298 fl-

1844 5331 1965 5387 dem
2025 5331 2195 5386 astrui
2248 5331 2514 5387 volumus.
2587 5330 2723 5388 Cum
2793 5334 2938 5390 enim
3010 5331 3196 5390 mttltis
3259 5334 3411 5391 dives

1851 5531 2041 5586 itendit
2073 5531 2340 5596 Asterius,
2385 5539 2442 5587 ut
2482 5539 2626 5587 totus
2665 5531 2779 5603 ipse
2804 5530 3054 5598 sepultus
3075 5529 3302 5597 dicatur,
3343 5545 3407 5588 ac

1847 5601 2089 5657 absolute
2136 5601 2397 5668 sepultus,
2438 5614 2663 5682 corpore
2704 5599 2910 5672 pariter
2951 5618 3011 5655 ac
3060 5599 3258 5665 animo,
3298 5614 3406 5671 quo

1849 5679 2076 5742 utroque
2104 5678 2348 5732 terrenus
2376 5676 2695 5739 exstitisset,
2731 5685 2796 5729 ae
2825 5671 3019 5743 dignus
3045 5672 3276 5741 interno.
