<?xml version="1.0" encoding="UTF-8"?>
<!DOCTYPE html PUBLIC "-//W3C//DTD XHTML 1.0 Transitional//EN"
    "http://www.w3.org/TR/xhtml1/DTD/xhtml1-transitional.dtd">
<html xmlns="http://www.w3.org/1999/xhtml" xml:lang="en" lang="en">
 <head>
  <title>
</title>
<meta http-equiv="Content-Type" content="text/html;charset=utf-8" />
  <meta name='ocr-system' content='tesseract 3.04.00' />
  <meta name='ocr-capabilities' content='ocr_page ocr_carea ocr_par ocr_line ocrx_word'/>
</head>
<body>
  <div class='ocr_page' id='page_1' title='image "./patrologicursus103migngoog/patrologicursus103migngoog_0664.png"; bbox 0 0 3725 6125; ppageno 0'>
   <div class='ocr_carea' id='block_1_1' title="bbox 191 373 3216 578">
    <p class='ocr_par' dir='ltr' id='par_1_1' title="bbox 191 373 3216 578">
     <span class='ocr_line' id='line_1_1' title="bbox 705 373 3216 464; baseline 0.013 -33"><span class='ocrx_word' id='word_1_1' title='bbox 705 373 767 431; x_wconf 80' lang='grc'>8.</span> <span class='ocrx_word' id='word_1_2' title='bbox 807 374 1092 436; x_wconf 80' lang='lat' dir='ltr'>ANTONll</span> <span class='ocrx_word' id='word_1_3' title='bbox 1129 379 1202 437; x_wconf 69' lang='lat' dir='ltr'>H.</span> <span class='ocrx_word' id='word_1_4' title='bbox 1241 381 1538 442; x_wconf 76' lang='lat' dir='ltr'>AenATls</span> <span class='ocrx_word' id='word_1_5' title='bbox 1567 386 1873 446; x_wconf 71' lang='lat' dir='ltr'><strong>REGULAE</strong></span> <span class='ocrx_word' id='word_1_6' title='bbox 1909 390 1999 449; x_wconf 72' lang='lat' dir='ltr'>ET</span> <span class='ocrx_word' id='word_1_7' title='bbox 2042 393 2448 456; x_wconf 74' lang='lat' dir='ltr'>PRAEOEPTA.</span> <span class='ocrx_word' id='word_1_8' title='bbox 3079 406 3216 464; x_wconf 67' lang='grc'>1074</span> 
     </span>
     <span class='ocr_line' id='line_1_2' title="bbox 191 481 3214 578; baseline 0.013 -40"><span class='ocrx_word' id='word_1_9' title='bbox 191 482 437 551; x_wconf 67' lang='lat' dir='ltr'>Arabico,</span> <span class='ocrx_word' id='word_1_10' title='bbox 463 482 744 552; x_wconf 75' lang='lat' dir='ltr'>interprete</span> <span class='ocrx_word' id='word_1_11' title='bbox 765 481 1064 543; x_wconf 66' lang='lat' dir='ltr'>Abraham</span> <span class='ocrx_word' id='word_1_12' title='bbox 1087 486 1434 550; x_wconf 75' lang='lat' dir='ltr'>Eccieellsnsi.</span> <span class='ocrx_word' id='word_1_13' title='bbox 1571 500 1625 558; x_wconf 75' lang='grc' dir='ltr'><strong>Α</strong></span> <span class='ocrx_word' id='word_1_14' title='bbox 1647 498 1730 554; x_wconf 74' lang='lat' dir='ltr'>Ex</span> <span class='ocrx_word' id='word_1_15' title='bbox 1761 502 1939 559; x_wconf 81' lang='lat' dir='ltr'>codice</span> <span class='ocrx_word' id='word_1_16' title='bbox 1958 502 2276 576; x_wconf 65' lang='lat' dir='ltr'>Regularum</span> <span class='ocrx_word' id='word_1_17' title='bbox 2308 508 2366 565; x_wconf 87' lang='lat' dir='ltr'>S.</span> <span class='ocrx_word' id='word_1_18' title='bbox 2397 509 2664 568; x_wconf 79' lang='lat' dir='ltr'>Benedicti</span> <span class='ocrx_word' id='word_1_19' title='bbox 2696 513 3025 575; x_wconf 63' lang='lat' dir='ltr'>Animtensis.</span> <span class='ocrx_word' id='word_1_20' title='bbox 3051 521 3214 578; x_wconf 79' lang='lat' dir='ltr'>abbo-</span> 
     </span>
    </p>
   </div>
   <div class='ocr_carea' id='block_1_2' title="bbox 191 581 3220 842">
    <p class='ocr_par' dir='ltr' id='par_1_2' title="bbox 191 581 3220 837">
     <span class='ocr_line' id='line_1_3' title="bbox 238 581 3217 738; baseline 0.014 -42"><span class='ocrx_word' id='word_1_21' title='bbox 238 640 385 713; x_wconf 87' lang='lat' dir='ltr'>quod</span> <span class='ocrx_word' id='word_1_22' title='bbox 422 640 628 697; x_wconf 88' lang='lat' dir='ltr'>audis:</span> <span class='ocrx_word' id='word_1_23' title='bbox 660 640 888 716; x_wconf 63' lang='lat' dir='ltr'>lanam</span> <span class='ocrx_word' id='word_1_24' title='bbox 913 650 1067 717; x_wconf 71' lang='lat' dir='ltr'>milti,</span> <span class='ocrx_word' id='word_1_25' title='bbox 1104 652 1230 723; x_wconf 84' lang='lat' dir='ltr'>quia</span> <span class='ocrx_word' id='word_1_26' title='bbox 1263 651 1543 713; x_wconf 69' lang='lat' dir='ltr'>humilitas</span> <span class='ocrx_word' id='word_1_27' title='bbox 1642 670 1935 734; x_wconf 68' lang='lat' dir='ltr'>praecepta,</span> <span class='ocrx_word' id='word_1_28' title='bbox 1966 681 2034 723; x_wconf 96' lang='lat' dir='ltr'>ne</span> <span class='ocrx_word' id='word_1_29' title='bbox 2062 668 2171 723; x_wconf 77' lang='lat' dir='ltr'>vita</span> <span class='ocrx_word' id='word_1_30' title='bbox 2207 581 2497 729; x_wconf 53' lang='grc' dir='ltr'>νοειιιιῆζὶι</span> <span class='ocrx_word' id='word_1_31' title='bbox 2525 674 2645 731; x_wconf 88' lang='lat' dir='ltr'>sine</span> <span class='ocrx_word' id='word_1_32' title='bbox 2690 674 2890 733; x_wconf 70' lang='lat' dir='ltr'>stuctu.</span> <span class='ocrx_word' id='word_1_33' title='bbox 2924 676 2992 733; x_wconf 76' lang='lat' dir='ltr'>Bt</span> <span class='ocrx_word' id='word_1_34' title='bbox 3017 679 3217 738; x_wconf 87' lang='lat' dir='ltr'>sollici·</span> 
     </span>
     <span class='ocr_line' id='line_1_4' title="bbox 191 732 3220 842; baseline 0.013 -53"><span class='ocrx_word' id='word_1_35' title='bbox 191 734 350 791; x_wconf 69' lang='lat' dir='ltr'>nostis</span> <span class='ocrx_word' id='word_1_36' title='bbox 378 732 812 795; x_wconf 68' lang='lat' dir='ltr'>machinationes</span> <span class='ocrx_word' id='word_1_37' title='bbox 835 740 1095 800; x_wconf 86' lang='lat' dir='ltr'>destruit.</span> <span class='ocrx_word' id='word_1_38' title='bbox 1646 758 1734 805; x_wconf 88' lang='lat' dir='ltr'>tus</span> <span class='ocrx_word' id='word_1_39' title='bbox 1775 761 1895 808; x_wconf 86' lang='lat' dir='ltr'>esto</span> <span class='ocrx_word' id='word_1_40' title='bbox 1937 770 2153 827; x_wconf 87' lang='lat' dir='ltr'>semper</span> <span class='ocrx_word' id='word_1_41' title='bbox 2191 760 2259 815; x_wconf 86' lang='lat' dir='ltr'>ad</span> <span class='ocrx_word' id='word_1_42' title='bbox 2297 762 2507 835; x_wconf 77' lang='lat' dir='ltr'>singula</span> <span class='ocrx_word' id='word_1_43' title='bbox 2551 765 2715 821; x_wconf 80' lang='lat' dir='ltr'>verba</span> <span class='ocrx_word' id='word_1_44' title='bbox 2763 780 2884 837; x_wconf 72' lang='lat' dir='ltr'>quae</span> <span class='ocrx_word' id='word_1_45' title='bbox 2928 770 3109 842; x_wconf 81' lang='lat' dir='ltr'>audis,</span> <span class='ocrx_word' id='word_1_46' title='bbox 3160 783 3220 827; x_wconf 88' lang='lat' dir='ltr'>ut</span> 
     </span>
    </p>
   </div>
   <div class='ocr_carea' id='block_1_3' title="bbox 191 824 3215 931">
    <p class='ocr_par' dir='ltr' id='par_1_3' title="bbox 191 824 3215 931">
     <span class='ocr_line' id='line_1_5' title="bbox 191 824 3215 931; baseline 0.012 -50"><span class='ocrx_word' id='word_1_47' title='bbox 191 824 270 883; x_wconf 84' lang='grc' dir='ltr'><strong>ΙΙΙ.</strong></span> <span class='ocrx_word' id='word_1_48' title='bbox 304 825 379 882; x_wconf 78' lang='lat' dir='ltr'>Ex</span> <span class='ocrx_word' id='word_1_49' title='bbox 428 825 690 896; x_wconf 87' lang='lat' dir='ltr'>operibus</span> <span class='ocrx_word' id='word_1_50' title='bbox 733 828 862 897; x_wconf 86' lang='lat' dir='ltr'>tuis,</span> <span class='ocrx_word' id='word_1_51' title='bbox 912 847 1249 909; x_wconf 82' lang='lat' dir='ltr'>quaecunque</span> <span class='ocrx_word' id='word_1_52' title='bbox 1297 839 1426 909; x_wconf 88' lang='lat' dir='ltr'>sint,</span> <span class='ocrx_word' id='word_1_53' title='bbox 1488 848 1544 897; x_wconf 87' lang='lat' dir='ltr'>te</span> <span class='ocrx_word' id='word_1_54' title='bbox 1645 839 1842 898; x_wconf 85' lang='lat' dir='ltr'>dicas:</span> <span class='ocrx_word' id='word_1_55' title='bbox 1885 840 2107 914; x_wconf 72' lang='lat' dir='ltr'>Iynosce</span> <span class='ocrx_word' id='word_1_56' title='bbox 2140 850 2308 918; x_wconf 73' lang='lat' dir='ltr'>milii,</span> <span class='ocrx_word' id='word_1_57' title='bbox 2357 854 2482 922; x_wconf 87' lang='lat' dir='ltr'>quia</span> <span class='ocrx_word' id='word_1_58' title='bbox 2530 855 2805 911; x_wconf 72' lang='lat' dir='ltr'><strong>humilitas</strong></span> <span class='ocrx_word' id='word_1_59' title='bbox 2852 857 3003 931; x_wconf 72' lang='lat' dir='ltr'>rugat</span> <span class='ocrx_word' id='word_1_60' title='bbox 3034 862 3215 916; x_wconf 76' lang='lat' dir='ltr'>omui-i</span> 
     </span>
    </p>
   </div>
   <div class='ocr_carea' id='block_1_4' title="bbox 191 916 3251 1469">
    <p class='ocr_par' dir='ltr' id='par_1_4' title="bbox 191 916 3215 1097">
     <span class='ocr_line' id='line_1_6' title="bbox 191 916 3215 1024; baseline 0.012 -52"><span class='ocrx_word' id='word_1_61' title='bbox 191 931 246 973; x_wconf 72' lang='lat' dir='ltr'>ae</span> <span class='ocrx_word' id='word_1_62' title='bbox 272 916 481 974; x_wconf 76' lang='lat' dir='ltr'>efferas.</span> <span class='ocrx_word' id='word_1_63' title='bbox 1647 935 1864 1004; x_wconf 72' lang='lat' dir='ltr'>negotia</span> <span class='ocrx_word' id='word_1_64' title='bbox 1922 937 2163 996; x_wconf 87' lang='lat' dir='ltr'>inimici</span> <span class='ocrx_word' id='word_1_65' title='bbox 2196 941 2275 999; x_wconf 83' lang='lat' dir='ltr'>Ne</span> <span class='ocrx_word' id='word_1_66' title='bbox 2325 952 2541 1015; x_wconf 87' lang='lat' dir='ltr'>reputes</span> <span class='ocrx_word' id='word_1_67' title='bbox 2592 947 2866 1020; x_wconf 80' lang='lat' dir='ltr'>teipsum</span> <span class='ocrx_word' id='word_1_68' title='bbox 2924 952 3215 1024; x_wconf 77' lang='lat' dir='ltr'>quidquam</span> 
     </span>
     <span class='ocr_line' id='line_1_7' title="bbox 1643 1035 2200 1097; baseline 0.017 -20"><span class='ocrx_word' id='word_1_69' title='bbox 1643 1035 1872 1094; x_wconf 89' lang='lat' dir='ltr'>propter</span> <span class='ocrx_word' id='word_1_70' title='bbox 1894 1042 2061 1097; x_wconf 87' lang='lat' dir='ltr'>opera</span> <span class='ocrx_word' id='word_1_71' title='bbox 2090 1040 2200 1087; x_wconf 82' lang='lat' dir='ltr'>tus.</span> 
     </span>
    </p>

    <p class='ocr_par' dir='ltr' id='par_1_5' title="bbox 191 1098 3215 1193">
     <span class='ocr_line' id='line_1_8' title="bbox 191 1098 3215 1193; baseline 0.01 -39"><span class='ocrx_word' id='word_1_72' title='bbox 191 1098 264 1154; x_wconf 65' lang='grc' dir='ltr'>Ὗ.</span> <span class='ocrx_word' id='word_1_73' title='bbox 301 1099 499 1159; x_wconf 74' lang='lat' dir='ltr'>Vultus</span> <span class='ocrx_word' id='word_1_74' title='bbox 541 1111 675 1159; x_wconf 83' lang='lat' dir='ltr'>tuus</span> <span class='ocrx_word' id='word_1_75' title='bbox 720 1113 980 1175; x_wconf 88' lang='lat' dir='ltr'>perpetuo</span> <span class='ocrx_word' id='word_1_76' title='bbox 1029 1117 1252 1164; x_wconf 86' lang='lat' dir='ltr'>moestus</span> <span class='ocrx_word' id='word_1_77' title='bbox 1299 1108 1390 1175; x_wconf 89' lang='lat' dir='ltr'>sit,</span> <span class='ocrx_word' id='word_1_78' title='bbox 1438 1110 1541 1167; x_wconf 88' lang='lat' dir='ltr'>nisi</span> <span class='ocrx_word' id='word_1_79' title='bbox 1719 1111 1929 1173; x_wconf 79' lang='lat' dir='ltr'>XLvn.</span> <span class='ocrx_word' id='word_1_80' title='bbox 1959 1115 2042 1173; x_wconf 91' lang='lat' dir='ltr'>Sit</span> <span class='ocrx_word' id='word_1_81' title='bbox 2069 1119 2239 1177; x_wconf 87' lang='lat' dir='ltr'>tristis</span> <span class='ocrx_word' id='word_1_82' title='bbox 2267 1121 2449 1179; x_wconf 65' lang='lat' dir='ltr'>vultus</span> <span class='ocrx_word' id='word_1_83' title='bbox 2480 1132 2624 1193; x_wconf 87' lang='lat' dir='ltr'>tuus,</span> <span class='ocrx_word' id='word_1_84' title='bbox 2644 1126 2745 1182; x_wconf 91' lang='lat' dir='ltr'>nisi</span> <span class='ocrx_word' id='word_1_85' title='bbox 2775 1128 3091 1185; x_wconf 74' lang='lat' dir='ltr'>advenerint</span> <span class='ocrx_word' id='word_1_86' title='bbox 3119 1128 3215 1184; x_wconf 87' lang='lat' dir='ltr'>tibi</span> 
     </span>
    </p>

    <p class='ocr_par' dir='ltr' id='par_1_6' title="bbox 191 1192 3215 1285">
     <span class='ocr_line' id='line_1_9' title="bbox 191 1192 3215 1285; baseline 0.009 -38"><span class='ocrx_word' id='word_1_87' title='bbox 191 1200 310 1247; x_wconf 63' lang='lat' dir='ltr'>sunt</span> <span class='ocrx_word' id='word_1_88' title='bbox 341 1201 395 1248; x_wconf 90' lang='lat' dir='ltr'>te</span> <span class='ocrx_word' id='word_1_89' title='bbox 427 1192 629 1249; x_wconf 74' lang='lat' dir='ltr'>fratres</span> <span class='ocrx_word' id='word_1_90' title='bbox 658 1196 940 1260; x_wconf 73' lang='lat' dir='ltr'>extranei:</span> <span class='ocrx_word' id='word_1_91' title='bbox 979 1206 1106 1252; x_wconf 88' lang='lat' dir='ltr'>tunc</span> <span class='ocrx_word' id='word_1_92' title='bbox 1138 1198 1282 1253; x_wconf 89' lang='lat' dir='ltr'>enim</span> <span class='ocrx_word' id='word_1_93' title='bbox 1311 1198 1541 1256; x_wconf 78' lang='lat' dir='ltr'>hilarem</span> <span class='ocrx_word' id='word_1_94' title='bbox 1644 1204 1817 1260; x_wconf 84' lang='lat' dir='ltr'>exteri</span> <span class='ocrx_word' id='word_1_95' title='bbox 1843 1204 2082 1277; x_wconf 77' lang='lat' dir='ltr'>tratres;</span> <span class='ocrx_word' id='word_1_96' title='bbox 2115 1219 2243 1267; x_wconf 91' lang='lat' dir='ltr'>tunc</span> <span class='ocrx_word' id='word_1_97' title='bbox 2274 1213 2446 1281; x_wconf 80' lang='lat' dir='ltr'>gaude</span> <span class='ocrx_word' id='word_1_98' title='bbox 2474 1229 2597 1270; x_wconf 91' lang='lat' dir='ltr'>cum</span> <span class='ocrx_word' id='word_1_99' title='bbox 2626 1216 2752 1285; x_wconf 87' lang='lat' dir='ltr'>illis,</span> <span class='ocrx_word' id='word_1_100' title='bbox 2775 1227 2836 1272; x_wconf 92' lang='lat' dir='ltr'>ut</span> <span class='ocrx_word' id='word_1_101' title='bbox 2866 1218 3133 1276; x_wconf 70' lang='lat' dir='ltr'>inhabitet</span> <span class='ocrx_word' id='word_1_102' title='bbox 3159 1219 3215 1273; x_wconf 89' lang='lat' dir='ltr'>in</span> 
     </span>
    </p>

    <p class='ocr_par' dir='ltr' id='par_1_7' title="bbox 191 1281 3251 1376">
     <span class='ocr_line' id='line_1_10' title="bbox 191 1281 3251 1376; baseline 0.011 -41"><span class='ocrx_word' id='word_1_103' title='bbox 191 1282 390 1349; x_wconf 87' lang='lat' dir='ltr'>ultum,</span> <span class='ocrx_word' id='word_1_104' title='bbox 416 1290 475 1337; x_wconf 92' lang='lat' dir='ltr'>ut</span> <span class='ocrx_word' id='word_1_105' title='bbox 501 1281 772 1339; x_wconf 86' lang='lat' dir='ltr'>inhabitet</span> <span class='ocrx_word' id='word_1_106' title='bbox 812 1288 943 1340; x_wconf 85' lang='lat' dir='ltr'>inte</span> <span class='ocrx_word' id='word_1_107' title='bbox 978 1286 1141 1342; x_wconf 87' lang='lat' dir='ltr'>timor</span> <span class='ocrx_word' id='word_1_108' title='bbox 1174 1287 1291 1343; x_wconf 89' lang='lat' dir='ltr'>Dei.</span> <span class='ocrx_word' id='word_1_109' title='bbox 1646 1302 1701 1349; x_wconf 92' lang='lat' dir='ltr'>te</span> <span class='ocrx_word' id='word_1_110' title='bbox 1735 1296 1901 1353; x_wconf 87' lang='lat' dir='ltr'>timor</span> <span class='ocrx_word' id='word_1_111' title='bbox 1928 1298 2163 1358; x_wconf 86' lang='lat' dir='ltr'>Domini.</span> <span class='ocrx_word' id='word_1_112' title='bbox 2193 1300 2249 1357; x_wconf 89' lang='lat' dir='ltr'>Si</span> <span class='ocrx_word' id='word_1_113' title='bbox 2286 1303 2393 1359; x_wconf 91' lang='lat' dir='ltr'>iter</span> <span class='ocrx_word' id='word_1_114' title='bbox 2426 1306 2621 1363; x_wconf 80' lang='lat' dir='ltr'>feceris</span> <span class='ocrx_word' id='word_1_115' title='bbox 2645 1323 2768 1365; x_wconf 87' lang='lat' dir='ltr'>eum</span> <span class='ocrx_word' id='word_1_116' title='bbox 2802 1308 3085 1376; x_wconf 75' lang='lat' dir='ltr'>iratribus,</span> <span class='ocrx_word' id='word_1_117' title='bbox 3125 1325 3215 1367; x_wconf 85' lang='lat' dir='ltr'>se·-</span> <span class='ocrx_word' id='word_1_118' title='bbox 3244 1306 3251 1313; x_wconf 80' lang='grc'><strong>’</strong></span> 
     </span>
    </p>

    <p class='ocr_par' dir='ltr' id='par_1_8' title="bbox 191 1371 3217 1469">
     <span class='ocr_line' id='line_1_11' title="bbox 191 1371 3217 1469; baseline 0.009 -41"><span class='ocrx_word' id='word_1_119' title='bbox 191 1372 244 1428; x_wconf 72' lang='lat' dir='ltr'>V.</span> <span class='ocrx_word' id='word_1_120' title='bbox 273 1371 335 1428; x_wconf 87' lang='lat' dir='ltr'>Si</span> <span class='ocrx_word' id='word_1_121' title='bbox 365 1373 470 1428; x_wconf 84' lang='lat' dir='ltr'>iter</span> <span class='ocrx_word' id='word_1_122' title='bbox 492 1373 793 1431; x_wconf 72' lang='lat' dir='ltr'>confeceris</span> <span class='ocrx_word' id='word_1_123' title='bbox 809 1390 930 1431; x_wconf 89' lang='lat' dir='ltr'>cum</span> <span class='ocrx_word' id='word_1_124' title='bbox 954 1374 1233 1445; x_wconf 72' lang='lat' dir='ltr'>iratribus,</span> <span class='ocrx_word' id='word_1_125' title='bbox 1253 1394 1546 1452; x_wconf 81' lang='lat' dir='ltr'>parumper</span> <span class='ocrx_word' id='word_1_126' title='bbox 1647 1387 1779 1444; x_wconf 86' lang='lat' dir='ltr'>cede</span> <span class='ocrx_word' id='word_1_127' title='bbox 1803 1389 1873 1445; x_wconf 89' lang='lat' dir='ltr'>ab</span> <span class='ocrx_word' id='word_1_128' title='bbox 1913 1390 2019 1447; x_wconf 88' lang='lat' dir='ltr'>illis</span> <span class='ocrx_word' id='word_1_129' title='bbox 2054 1407 2381 1464; x_wconf 81' lang='lat' dir='ltr'>parumper,</span> <span class='ocrx_word' id='word_1_130' title='bbox 2420 1404 2482 1453; x_wconf 88' lang='lat' dir='ltr'>ut</span> <span class='ocrx_word' id='word_1_131' title='bbox 2509 1400 2584 1455; x_wconf 87' lang='lat' dir='ltr'>sis</span> <span class='ocrx_word' id='word_1_132' title='bbox 2625 1398 2679 1453; x_wconf 91' lang='lat' dir='ltr'>in</span> <span class='ocrx_word' id='word_1_133' title='bbox 2714 1397 2972 1469; x_wconf 81' lang='lat' dir='ltr'>silenti03</span> <span class='ocrx_word' id='word_1_134' title='bbox 3006 1408 3062 1457; x_wconf 89' lang='lat' dir='ltr'>et</span> <span class='ocrx_word' id='word_1_135' title='bbox 3091 1400 3217 1456; x_wconf 91' lang='lat' dir='ltr'>dum</span> 
     </span>
    </p>
   </div>
   <div class='ocr_carea' id='block_1_5' title="bbox 191 1463 3224 1748">
    <p class='ocr_par' dir='ltr' id='par_1_9' title="bbox 191 1463 3224 1748">
     <span class='ocr_line' id='line_1_12' title="bbox 191 1463 3224 1553; baseline 0.009 -33"><span class='ocrx_word' id='word_1_136' title='bbox 191 1478 231 1520; x_wconf 74' lang='lat' dir='ltr'>e</span> <span class='ocrx_word' id='word_1_137' title='bbox 259 1463 480 1531; x_wconf 87' lang='lat' dir='ltr'>abillis,</span> <span class='ocrx_word' id='word_1_138' title='bbox 515 1474 574 1520; x_wconf 91' lang='lat' dir='ltr'>ut</span> <span class='ocrx_word' id='word_1_139' title='bbox 599 1465 873 1522; x_wconf 90' lang='lat' dir='ltr'>silentium</span> <span class='ocrx_word' id='word_1_140' title='bbox 907 1481 1116 1530; x_wconf 73' lang='lat' dir='ltr'>serves.</span> <span class='ocrx_word' id='word_1_141' title='bbox 1648 1478 1856 1538; x_wconf 83' lang='lat' dir='ltr'>incedis</span> <span class='ocrx_word' id='word_1_142' title='bbox 1895 1496 1994 1553; x_wconf 88' lang='lat' dir='ltr'>per</span> <span class='ocrx_word' id='word_1_143' title='bbox 2036 1485 2202 1552; x_wconf 84' lang='lat' dir='ltr'>viam,</span> <span class='ocrx_word' id='word_1_144' title='bbox 2234 1501 2305 1541; x_wconf 91' lang='lat' dir='ltr'>ne</span> <span class='ocrx_word' id='word_1_145' title='bbox 2345 1495 2402 1543; x_wconf 90' lang='lat' dir='ltr'>te</span> <span class='ocrx_word' id='word_1_146' title='bbox 2435 1501 2721 1547; x_wconf 83' lang='lat' dir='ltr'>convertas</span> <span class='ocrx_word' id='word_1_147' title='bbox 2753 1491 3125 1547; x_wconf 72' lang='lat' dir='ltr'>sinistrorsum</span> <span class='ocrx_word' id='word_1_148' title='bbox 3165 1499 3224 1548; x_wconf 89' lang='lat' dir='ltr'>et</span> 
     </span>
     <span class='ocr_line' id='line_1_13' title="bbox 191 1552 3223 1652; baseline 0.01 -42"><span class='ocrx_word' id='word_1_149' title='bbox 191 1552 270 1611; x_wconf 77' lang='lat' dir='ltr'>vt.</span> <span class='ocrx_word' id='word_1_150' title='bbox 299 1554 600 1613; x_wconf 80' lang='lat' dir='ltr'>Ambulans</span> <span class='ocrx_word' id='word_1_151' title='bbox 627 1572 698 1613; x_wconf 90' lang='lat' dir='ltr'>ne</span> <span class='ocrx_word' id='word_1_152' title='bbox 712 1558 1058 1616; x_wconf 81' lang='lat' dir='ltr'>dextrorsum</span> <span class='ocrx_word' id='word_1_153' title='bbox 1083 1567 1138 1617; x_wconf 89' lang='lat' dir='ltr'>et</span> <span class='ocrx_word' id='word_1_154' title='bbox 1165 1558 1544 1618; x_wconf 86' lang='lat' dir='ltr'>sinistrorsum</span> <span class='ocrx_word' id='word_1_155' title='bbox 1648 1570 1989 1630; x_wconf 76' lang='lat' dir='ltr'>dextrorsum</span> <span class='ocrx_word' id='word_1_156' title='bbox 2016 1592 2031 1642; x_wconf 91' lang='lat'>;</span> <span class='ocrx_word' id='word_1_157' title='bbox 2060 1578 2155 1633; x_wconf 85' lang='lat' dir='ltr'>sed</span> <span class='ocrx_word' id='word_1_158' title='bbox 2178 1580 2444 1636; x_wconf 88' lang='lat' dir='ltr'>meditare</span> <span class='ocrx_word' id='word_1_159' title='bbox 2478 1581 2711 1651; x_wconf 86' lang='lat' dir='ltr'>psalmos</span> <span class='ocrx_word' id='word_1_160' title='bbox 2754 1591 2873 1639; x_wconf 90' lang='lat' dir='ltr'>tuos</span> <span class='ocrx_word' id='word_1_161' title='bbox 2893 1624 2910 1652; x_wconf 99' lang='lat'>,</span> <span class='ocrx_word' id='word_1_162' title='bbox 2948 1594 3003 1640; x_wconf 89' lang='lat' dir='ltr'>et</span> <span class='ocrx_word' id='word_1_163' title='bbox 3037 1599 3134 1640; x_wconf 88' lang='lat' dir='ltr'>ora</span> <span class='ocrx_word' id='word_1_164' title='bbox 3166 1585 3223 1640; x_wconf 73' lang='lat' dir='ltr'>in</span> 
     </span>
     <span class='ocr_line' id='line_1_14' title="bbox 191 1648 3214 1748; baseline 0.011 -45"><span class='ocrx_word' id='word_1_165' title='bbox 191 1658 357 1717; x_wconf 87' lang='lat' dir='ltr'>ertas,</span> <span class='ocrx_word' id='word_1_166' title='bbox 380 1649 477 1706; x_wconf 90' lang='lat' dir='ltr'>sed</span> <span class='ocrx_word' id='word_1_167' title='bbox 505 1648 744 1720; x_wconf 85' lang='lat' dir='ltr'>psalmos</span> <span class='ocrx_word' id='word_1_168' title='bbox 767 1659 891 1710; x_wconf 89' lang='lat' dir='ltr'>tuos</span> <span class='ocrx_word' id='word_1_169' title='bbox 922 1651 1206 1720; x_wconf 86' lang='lat' dir='ltr'>meditare,</span> <span class='ocrx_word' id='word_1_170' title='bbox 1259 1663 1316 1710; x_wconf 90' lang='lat' dir='ltr'>et</span> <span class='ocrx_word' id='word_1_171' title='bbox 1365 1664 1548 1713; x_wconf 90' lang='lat' dir='ltr'>mente</span> <span class='ocrx_word' id='word_1_172' title='bbox 1648 1671 1832 1719; x_wconf 88' lang='lat' dir='ltr'>mente</span> <span class='ocrx_word' id='word_1_173' title='bbox 1858 1672 1948 1721; x_wconf 87' lang='lat' dir='ltr'>tua</span> <span class='ocrx_word' id='word_1_174' title='bbox 1986 1668 2053 1722; x_wconf 84' lang='lat' dir='ltr'>ad</span> <span class='ocrx_word' id='word_1_175' title='bbox 2078 1669 2243 1726; x_wconf 89' lang='lat' dir='ltr'>Deum</span> <span class='ocrx_word' id='word_1_176' title='bbox 2280 1687 2603 1743; x_wconf 85' lang='lat' dir='ltr'>quocunque</span> <span class='ocrx_word' id='word_1_177' title='bbox 2633 1674 2684 1728; x_wconf 90' lang='lat' dir='ltr'>in</span> <span class='ocrx_word' id='word_1_178' title='bbox 2718 1673 2847 1731; x_wconf 87' lang='lat' dir='ltr'>loeo·</span> <span class='ocrx_word' id='word_1_179' title='bbox 2866 1676 3214 1748; x_wconf 78' lang='lat' dir='ltr'>ingrederis-,</span> 
     </span>
    </p>
   </div>
   <div class='ocr_carea' id='block_1_6' title="bbox 190 1741 2835 1907">
    <p class='ocr_par' dir='ltr' id='par_1_10' title="bbox 190 1741 2835 1907">
     <span class='ocr_line' id='line_1_15' title="bbox 191 1741 2835 1833; baseline 0.01 -36"><span class='ocrx_word' id='word_1_180' title='bbox 191 1756 261 1797; x_wconf 89' lang='lat' dir='ltr'>nu</span> <span class='ocrx_word' id='word_1_181' title='bbox 288 1741 340 1797; x_wconf 90' lang='lat' dir='ltr'>iu</span> <span class='ocrx_word' id='word_1_182' title='bbox 363 1757 689 1815; x_wconf 83' lang='lat' dir='ltr'>quocunque</span> <span class='ocrx_word' id='word_1_183' title='bbox 719 1756 969 1815; x_wconf 87' lang='lat' dir='ltr'>repertus</span> <span class='ocrx_word' id='word_1_184' title='bbox 998 1745 1170 1804; x_wconf 78' lang='lat' dir='ltr'>fueris</span> <span class='ocrx_word' id='word_1_185' title='bbox 1198 1746 1357 1815; x_wconf 82' lang='lat' dir='ltr'>loco;</span> <span class='ocrx_word' id='word_1_186' title='bbox 1383 1754 1441 1804; x_wconf 84' lang='lat' dir='ltr'>et</span> <span class='ocrx_word' id='word_1_187' title='bbox 1477 1763 1548 1805; x_wconf 93' lang='lat' dir='ltr'>ne</span> <span class='ocrx_word' id='word_1_188' title='bbox 1650 1767 1751 1809; x_wconf 89' lang='lat' dir='ltr'>nec</span> <span class='ocrx_word' id='word_1_189' title='bbox 1772 1756 2115 1833; x_wconf 80' lang='lat' dir='ltr'>praelldenter</span> <span class='ocrx_word' id='word_1_190' title='bbox 2142 1775 2273 1833; x_wconf 80' lang='lat' dir='ltr'>agas</span> <span class='ocrx_word' id='word_1_191' title='bbox 2297 1777 2419 1819; x_wconf 89' lang='lat' dir='ltr'>cum</span> <span class='ocrx_word' id='word_1_192' title='bbox 2443 1763 2635 1821; x_wconf 88' lang='lat' dir='ltr'>ineolis</span> <span class='ocrx_word' id='word_1_193' title='bbox 2667 1765 2835 1823; x_wconf 87' lang='lat' dir='ltr'>illius.</span> 
     </span>
     <span class='ocr_line' id='line_1_16' title="bbox 190 1830 2728 1907; baseline 0.007 -23"><span class='ocrx_word' id='word_1_194' title='bbox 190 1830 289 1887; x_wconf 88' lang='lat' dir='ltr'>iter</span> <span class='ocrx_word' id='word_1_195' title='bbox 314 1846 437 1889; x_wconf 88' lang='lat' dir='ltr'>cum</span> <span class='ocrx_word' id='word_1_196' title='bbox 468 1831 586 1903; x_wconf 87' lang='lat' dir='ltr'>ejus</span> <span class='ocrx_word' id='word_1_197' title='bbox 617 1833 811 1890; x_wconf 88' lang='lat' dir='ltr'>incolis</span> <span class='ocrx_word' id='word_1_198' title='bbox 840 1851 990 1907; x_wconf 80' lang='lat' dir='ltr'>agas.</span> <span class='ocrx_word' id='word_1_199' title='bbox 1574 1839 1621 1895; x_wconf 83' lang='grc' dir='ltr'><strong><em>Β</em></strong></span> <span class='ocrx_word' id='word_1_200' title='bbox 2721 1840 2728 1847; x_wconf 83' lang='grc'><em>“</em></span> 
     </span>
    </p>
   </div>
   <div class='ocr_carea' id='block_1_7' title="bbox 191 1918 3225 2188">
    <p class='ocr_par' dir='ltr' id='par_1_11' title="bbox 191 1918 3225 2188">
     <span class='ocr_line' id='line_1_17' title="bbox 194 1918 3221 2002; baseline 0.005 -27"><span class='ocrx_word' id='word_1_201' title='bbox 194 1918 303 1977; x_wconf 85' lang='lat' dir='ltr'>vn.</span> <span class='ocrx_word' id='word_1_202' title='bbox 336 1920 394 1977; x_wconf 89' lang='lat' dir='ltr'>ln</span> <span class='ocrx_word' id='word_1_203' title='bbox 422 1924 678 1979; x_wconf 88' lang='lat' dir='ltr'>omnibus</span> <span class='ocrx_word' id='word_1_204' title='bbox 713 1924 883 1992; x_wconf 67' lang='lat' dir='ltr'>gestis</span> <span class='ocrx_word' id='word_1_205' title='bbox 923 1927 1031 1981; x_wconf 92' lang='lat' dir='ltr'>tuis</span> <span class='ocrx_word' id='word_1_206' title='bbox 1063 1927 1332 1985; x_wconf 89' lang='lat' dir='ltr'>modestia</span> <span class='ocrx_word' id='word_1_207' title='bbox 1367 1935 1543 1985; x_wconf 88' lang='lat' dir='ltr'>utere.</span> <span class='ocrx_word' id='word_1_208' title='bbox 1722 1925 1952 1983; x_wconf 73' lang='lat' dir='ltr'>xm&#39;tu.</span> <span class='ocrx_word' id='word_1_209' title='bbox 1989 1930 2046 1986; x_wconf 89' lang='lat' dir='ltr'>ln</span> <span class='ocrx_word' id='word_1_210' title='bbox 2085 1931 2338 1989; x_wconf 85' lang='lat' dir='ltr'>omnibus</span> <span class='ocrx_word' id='word_1_211' title='bbox 2392 1937 2557 1992; x_wconf 85' lang='lat' dir='ltr'>rebus</span> <span class='ocrx_word' id='word_1_212' title='bbox 2596 1936 2703 1992; x_wconf 80' lang='lat' dir='ltr'>tuis</span> <span class='ocrx_word' id='word_1_213' title='bbox 2742 1946 2862 1993; x_wconf 84' lang='lat' dir='ltr'>esto</span> <span class='ocrx_word' id='word_1_214' title='bbox 2901 1936 3221 2002; x_wconf 78' lang='lat' dir='ltr'>modestus3</span> 
     </span>
     <span class='ocr_line' id='line_1_18' title="bbox 191 2011 3223 2094; baseline 0.003 -26"><span class='ocrx_word' id='word_1_215' title='bbox 191 2011 320 2069; x_wconf 82' lang='lat' dir='ltr'>vm.</span> <span class='ocrx_word' id='word_1_216' title='bbox 352 2015 434 2071; x_wconf 81' lang='lat' dir='ltr'>Ad</span> <span class='ocrx_word' id='word_1_217' title='bbox 463 2030 529 2072; x_wconf 88' lang='lat' dir='ltr'>ea</span> <span class='ocrx_word' id='word_1_218' title='bbox 563 2031 686 2087; x_wconf 77' lang='lat' dir='ltr'>quae</span> <span class='ocrx_word' id='word_1_219' title='bbox 729 2018 824 2073; x_wconf 89' lang='lat' dir='ltr'>tibi</span> <span class='ocrx_word' id='word_1_220' title='bbox 855 2028 1220 2090; x_wconf 85' lang='lat' dir='ltr'>apponuntur,</span> <span class='ocrx_word' id='word_1_221' title='bbox 1256 2035 1325 2077; x_wconf 87' lang='lat' dir='ltr'>ne</span> <span class='ocrx_word' id='word_1_222' title='bbox 1357 2021 1543 2077; x_wconf 87' lang='lat' dir='ltr'>statim</span> <span class='ocrx_word' id='word_1_223' title='bbox 1646 2028 1704 2076; x_wconf 89' lang='lat' dir='ltr'>et</span> <span class='ocrx_word' id='word_1_224' title='bbox 1751 2020 1820 2075; x_wconf 91' lang='lat' dir='ltr'>ad</span> <span class='ocrx_word' id='word_1_225' title='bbox 1870 2034 1934 2076; x_wconf 91' lang='lat' dir='ltr'>ea</span> <span class='ocrx_word' id='word_1_226' title='bbox 1971 2036 2093 2092; x_wconf 77' lang='lat' dir='ltr'>quae</span> <span class='ocrx_word' id='word_1_227' title='bbox 2141 2032 2481 2094; x_wconf 88' lang='lat' dir='ltr'>apponentur</span> <span class='ocrx_word' id='word_1_228' title='bbox 2531 2026 2666 2092; x_wconf 88' lang='lat' dir='ltr'>tibi,</span> <span class='ocrx_word' id='word_1_229' title='bbox 2724 2028 2958 2083; x_wconf 83' lang='lat' dir='ltr'>extende</span> <span class='ocrx_word' id='word_1_230' title='bbox 3005 2040 3223 2082; x_wconf 86' lang='lat' dir='ltr'>manum</span> 
     </span>
     <span class='ocr_line' id='line_1_19' title="bbox 201 2103 3225 2188; baseline 0.004 -28"><span class='ocrx_word' id='word_1_231' title='bbox 201 2103 479 2162; x_wconf 80' lang='lat' dir='ltr'>extendas.</span> <span class='ocrx_word' id='word_1_232' title='bbox 1649 2118 1794 2165; x_wconf 84' lang='lat' dir='ltr'>tuam</span> <span class='ocrx_word' id='word_1_233' title='bbox 1834 2111 2011 2180; x_wconf 86' lang='lat' dir='ltr'>lente;</span> <span class='ocrx_word' id='word_1_234' title='bbox 2074 2114 2122 2168; x_wconf 89' lang='lat' dir='ltr'>si</span> <span class='ocrx_word' id='word_1_235' title='bbox 2166 2130 2297 2171; x_wconf 81' lang='lat' dir='ltr'>vero</span> <span class='ocrx_word' id='word_1_236' title='bbox 2343 2115 2508 2173; x_wconf 75' lang='lat' dir='ltr'>fueris</span> <span class='ocrx_word' id='word_1_237' title='bbox 2555 2117 2798 2188; x_wconf 77' lang='lat' dir='ltr'>juvenis,</span> <span class='ocrx_word' id='word_1_238' title='bbox 2851 2133 2919 2188; x_wconf 83' lang='lat' dir='ltr'>ne</span> <span class='ocrx_word' id='word_1_239' title='bbox 2962 2116 3225 2174; x_wconf 76' lang='lat' dir='ltr'>extendas</span> 
     </span>
    </p>
   </div>
   <div class='ocr_carea' id='block_1_8' title="bbox 190 2195 3225 3000">
    <p class='ocr_par' dir='ltr' id='par_1_12' title="bbox 191 2195 3219 2279">
     <span class='ocr_line' id='line_1_20' title="bbox 191 2195 3219 2279; baseline 0.004 -29"><span class='ocrx_word' id='word_1_240' title='bbox 191 2195 276 2252; x_wconf 77' lang='lat' dir='ltr'>lx.</span> <span class='ocrx_word' id='word_1_241' title='bbox 314 2196 373 2253; x_wconf 86' lang='lat' dir='ltr'>Si</span> <span class='ocrx_word' id='word_1_242' title='bbox 391 2196 604 2268; x_wconf 75' lang='lat' dir='ltr'>juvenis</span> <span class='ocrx_word' id='word_1_243' title='bbox 660 2213 745 2268; x_wconf 85' lang='lat' dir='ltr'>es,</span> <span class='ocrx_word' id='word_1_244' title='bbox 776 2215 845 2257; x_wconf 93' lang='lat' dir='ltr'>ne</span> <span class='ocrx_word' id='word_1_245' title='bbox 873 2215 1093 2256; x_wconf 89' lang='lat' dir='ltr'>manum</span> <span class='ocrx_word' id='word_1_246' title='bbox 1117 2201 1326 2271; x_wconf 88' lang='lat' dir='ltr'>primus</span> <span class='ocrx_word' id='word_1_247' title='bbox 1353 2210 1546 2259; x_wconf 86' lang='lat' dir='ltr'>exten·</span> <span class='ocrx_word' id='word_1_248' title='bbox 1649 2217 1843 2258; x_wconf 87' lang='lat' dir='ltr'>manus</span> <span class='ocrx_word' id='word_1_249' title='bbox 1862 2211 1984 2259; x_wconf 86' lang='lat' dir='ltr'>tuas</span> <span class='ocrx_word' id='word_1_250' title='bbox 2003 2205 2214 2273; x_wconf 88' lang='lat' dir='ltr'>primus</span> <span class='ocrx_word' id='word_1_251' title='bbox 2237 2207 2305 2260; x_wconf 86' lang='lat' dir='ltr'>ad</span> <span class='ocrx_word' id='word_1_252' title='bbox 2332 2206 2487 2262; x_wconf 87' lang='lat' dir='ltr'>cibos</span> <span class='ocrx_word' id='word_1_253' title='bbox 2515 2246 2531 2269; x_wconf 88' lang='lat'>,</span> <span class='ocrx_word' id='word_1_254' title='bbox 2559 2222 2659 2263; x_wconf 90' lang='lat' dir='ltr'>nec</span> <span class='ocrx_word' id='word_1_255' title='bbox 2682 2208 2897 2277; x_wconf 75' lang='lat' dir='ltr'>ingeras</span> <span class='ocrx_word' id='word_1_256' title='bbox 2925 2206 3219 2279; x_wconf 82' lang='lat' dir='ltr'>quidquam</span> 
     </span>
    </p>

    <p class='ocr_par' dir='ltr' id='par_1_13' title="bbox 191 2288 3225 2459">
     <span class='ocr_line' id='line_1_21' title="bbox 191 2288 3225 2366; baseline 0.003 -25"><span class='ocrx_word' id='word_1_257' title='bbox 191 2296 223 2343; x_wconf 89' lang='grc' dir='ltr'>ιι</span> <span class='ocrx_word' id='word_1_258' title='bbox 252 2288 590 2360; x_wconf 84' lang='lat' dir='ltr'>immodeste,</span> <span class='ocrx_word' id='word_1_259' title='bbox 610 2306 710 2350; x_wconf 87' lang='lat' dir='ltr'>nee</span> <span class='ocrx_word' id='word_1_260' title='bbox 735 2291 1038 2349; x_wconf 71' lang='lat' dir='ltr'>bucceliam</span> <span class='ocrx_word' id='word_1_261' title='bbox 1073 2292 1301 2349; x_wconf 88' lang='lat' dir='ltr'>alterins</span> <span class='ocrx_word' id='word_1_262' title='bbox 1329 2293 1546 2363; x_wconf 72' lang='lat' dir='ltr'>ingeras</span> <span class='ocrx_word' id='word_1_263' title='bbox 1583 2327 1596 2340; x_wconf 88' lang='lat'><strong>·</strong></span> <span class='ocrx_word' id='word_1_264' title='bbox 1654 2290 1898 2346; x_wconf 88' lang='lat' dir='ltr'>ciborum</span> <span class='ocrx_word' id='word_1_265' title='bbox 1959 2293 2015 2347; x_wconf 90' lang='lat' dir='ltr'>in</span> <span class='ocrx_word' id='word_1_266' title='bbox 2051 2309 2115 2350; x_wconf 88' lang='lat' dir='ltr'>os</span> <span class='ocrx_word' id='word_1_267' title='bbox 2162 2294 2401 2352; x_wconf 74' lang='lat' dir='ltr'>alterius.</span> <span class='ocrx_word' id='word_1_268' title='bbox 2435 2296 2501 2351; x_wconf 86' lang='lat' dir='ltr'>Et</span> <span class='ocrx_word' id='word_1_269' title='bbox 2543 2297 2588 2352; x_wconf 88' lang='lat' dir='ltr'>si</span> <span class='ocrx_word' id='word_1_270' title='bbox 2637 2297 2921 2353; x_wconf 79' lang='lat' dir='ltr'>cubaveris</span> <span class='ocrx_word' id='word_1_271' title='bbox 2951 2298 3003 2352; x_wconf 88' lang='lat' dir='ltr'>in</span> <span class='ocrx_word' id='word_1_272' title='bbox 3042 2297 3225 2366; x_wconf 83' lang='lat' dir='ltr'>aliquo</span> 
     </span>
     <span class='ocr_line' id='line_1_22' title="bbox 1653 2379 3221 2459; baseline 0.003 -24"><span class='ocrx_word' id='word_1_273' title='bbox 1653 2379 1793 2447; x_wconf 88' lang='lat' dir='ltr'>loeo,</span> <span class='ocrx_word' id='word_1_274' title='bbox 1822 2397 1893 2439; x_wconf 85' lang='lat' dir='ltr'>ne</span> <span class='ocrx_word' id='word_1_275' title='bbox 1928 2392 2079 2456; x_wconf 75' lang='lat' dir='ltr'>tegas</span> <span class='ocrx_word' id='word_1_276' title='bbox 2108 2395 2161 2442; x_wconf 92' lang='lat' dir='ltr'>te</span> <span class='ocrx_word' id='word_1_277' title='bbox 2183 2400 2293 2442; x_wconf 89' lang='lat' dir='ltr'>uno</span> <span class='ocrx_word' id='word_1_278' title='bbox 2318 2386 2618 2459; x_wconf 87' lang='lat' dir='ltr'>eodemque</span> <span class='ocrx_word' id='word_1_279' title='bbox 2641 2388 2883 2459; x_wconf 75' lang='lat' dir='ltr'>stragulo</span> <span class='ocrx_word' id='word_1_280' title='bbox 2905 2387 3069 2444; x_wconf 80' lang='lat' dir='ltr'>simul</span> <span class='ocrx_word' id='word_1_281' title='bbox 3095 2401 3221 2443; x_wconf 88' lang='lat' dir='ltr'>cum</span> 
     </span>
    </p>

    <p class='ocr_par' dir='ltr' id='par_1_14' title="bbox 191 2471 3224 2547">
     <span class='ocr_line' id='line_1_23' title="bbox 191 2471 3224 2547; baseline 0 -18"><span class='ocrx_word' id='word_1_282' title='bbox 191 2472 256 2529; x_wconf 80' lang='lat' dir='ltr'>X.</span> <span class='ocrx_word' id='word_1_283' title='bbox 289 2473 349 2531; x_wconf 82' lang='lat' dir='ltr'>si</span> <span class='ocrx_word' id='word_1_284' title='bbox 375 2471 572 2531; x_wconf 85' lang='lat' dir='ltr'>alicubi</span> <span class='ocrx_word' id='word_1_285' title='bbox 600 2474 904 2541; x_wconf 87' lang='lat' dir='ltr'>dormieris,</span> <span class='ocrx_word' id='word_1_286' title='bbox 923 2491 992 2532; x_wconf 92' lang='lat' dir='ltr'>ne</span> <span class='ocrx_word' id='word_1_287' title='bbox 1019 2475 1209 2532; x_wconf 84' lang='lat' dir='ltr'>eodem</span> <span class='ocrx_word' id='word_1_288' title='bbox 1239 2475 1398 2547; x_wconf 82' lang='lat' dir='ltr'>pallio</span> <span class='ocrx_word' id='word_1_289' title='bbox 1421 2491 1543 2532; x_wconf 90' lang='lat' dir='ltr'>cum</span> <span class='ocrx_word' id='word_1_290' title='bbox 1653 2471 1758 2529; x_wconf 79' lang='lat' dir='ltr'>alio</span> <span class='ocrx_word' id='word_1_291' title='bbox 1785 2513 1804 2540; x_wconf 90' lang='lat'>,</span> <span class='ocrx_word' id='word_1_292' title='bbox 1835 2482 1894 2529; x_wconf 91' lang='lat' dir='ltr'>et</span> <span class='ocrx_word' id='word_1_293' title='bbox 1914 2488 2017 2540; x_wconf 90' lang='lat' dir='ltr'>ora</span> <span class='ocrx_word' id='word_1_294' title='bbox 2054 2474 2282 2531; x_wconf 89' lang='lat' dir='ltr'>multum</span> <span class='ocrx_word' id='word_1_295' title='bbox 2310 2485 2598 2547; x_wconf 88' lang='lat' dir='ltr'>antequam</span> <span class='ocrx_word' id='word_1_296' title='bbox 2648 2476 2834 2533; x_wconf 87' lang='lat' dir='ltr'>cubes.</span> <span class='ocrx_word' id='word_1_297' title='bbox 2866 2476 2932 2533; x_wconf 79' lang='lat' dir='ltr'>Et</span> <span class='ocrx_word' id='word_1_298' title='bbox 2964 2475 3224 2533; x_wconf 83' lang='lat' dir='ltr'>Dominus</span> 
     </span>
    </p>

    <p class='ocr_par' dir='ltr' id='par_1_15' title="bbox 210 2561 3218 2638">
     <span class='ocr_line' id='line_1_24' title="bbox 210 2561 3218 2638; baseline -0.001 -17"><span class='ocrx_word' id='word_1_299' title='bbox 210 2564 524 2637; x_wconf 74' lang='lat' dir='ltr'>cooperias,</span> <span class='ocrx_word' id='word_1_300' title='bbox 563 2579 729 2633; x_wconf 83' lang='lat' dir='ltr'>cave;</span> <span class='ocrx_word' id='word_1_301' title='bbox 786 2574 841 2622; x_wconf 87' lang='lat' dir='ltr'>et</span> <span class='ocrx_word' id='word_1_302' title='bbox 879 2575 1006 2622; x_wconf 86' lang='lat' dir='ltr'>ante</span> <span class='ocrx_word' id='word_1_303' title='bbox 1066 2565 1308 2621; x_wconf 86' lang='lat' dir='ltr'>cubitum</span> <span class='ocrx_word' id='word_1_304' title='bbox 1351 2563 1552 2623; x_wconf 85' lang='lat' dir='ltr'>multas</span> <span class='ocrx_word' id='word_1_305' title='bbox 1653 2573 1840 2619; x_wconf 87' lang='lat' dir='ltr'>noster</span> <span class='ocrx_word' id='word_1_306' title='bbox 1863 2561 2023 2620; x_wconf 80' lang='lat' dir='ltr'>Jesus</span> <span class='ocrx_word' id='word_1_307' title='bbox 2045 2565 2297 2622; x_wconf 83' lang='lat' dir='ltr'>Christus</span> <span class='ocrx_word' id='word_1_308' title='bbox 2339 2579 2499 2638; x_wconf 85' lang='lat' dir='ltr'>opem</span> <span class='ocrx_word' id='word_1_309' title='bbox 2548 2566 2703 2623; x_wconf 86' lang='lat' dir='ltr'>nobis</span> <span class='ocrx_word' id='word_1_310' title='bbox 2737 2573 2955 2638; x_wconf 81' lang='lat' dir='ltr'>praestet</span> <span class='ocrx_word' id='word_1_311' title='bbox 2987 2565 3055 2620; x_wconf 88' lang='lat' dir='ltr'>ad</span> <span class='ocrx_word' id='word_1_312' title='bbox 3086 2578 3218 2635; x_wconf 79' lang='lat' dir='ltr'>ope-</span> 
     </span>
    </p>

    <p class='ocr_par' dir='ltr' id='par_1_16' title="bbox 201 2654 3081 2734">
     <span class='ocr_line' id='line_1_25' title="bbox 201 2654 3081 2734; baseline 0.001 -23"><span class='ocrx_word' id='word_1_313' title='bbox 201 2668 414 2725; x_wconf 89' lang='lat' dir='ltr'>preces.</span> <span class='ocrx_word' id='word_1_314' title='bbox 453 2655 522 2711; x_wconf 80' lang='lat' dir='ltr'>Et</span> <span class='ocrx_word' id='word_1_315' title='bbox 561 2655 823 2713; x_wconf 78' lang='lat' dir='ltr'>Dominus</span> <span class='ocrx_word' id='word_1_316' title='bbox 867 2664 1054 2713; x_wconf 86' lang='lat' dir='ltr'>noster</span> <span class='ocrx_word' id='word_1_317' title='bbox 1090 2654 1252 2711; x_wconf 67' lang='lat' dir='ltr'>«iesus</span> <span class='ocrx_word' id='word_1_318' title='bbox 1299 2654 1546 2712; x_wconf 81' lang='lat' dir='ltr'>Christus</span> <span class='ocrx_word' id='word_1_319' title='bbox 1649 2656 1879 2734; x_wconf 84' lang='lat' dir='ltr'>randum</span> <span class='ocrx_word' id='word_1_320' title='bbox 1911 2659 2210 2714; x_wconf 86' lang='lat' dir='ltr'>secundum</span> <span class='ocrx_word' id='word_1_321' title='bbox 2247 2658 2416 2730; x_wconf 87' lang='lat' dir='ltr'>ipsius</span> <span class='ocrx_word' id='word_1_322' title='bbox 2442 2658 2861 2729; x_wconf 86' lang='lat' dir='ltr'>beneplacitum.</span> <span class='ocrx_word' id='word_1_323' title='bbox 2884 2659 3081 2713; x_wconf 80' lang='lat' dir='ltr'>Amen.</span> 
     </span>
    </p>

    <p class='ocr_par' dir='ltr' id='par_1_17' title="bbox 191 2743 1549 2856">
     <span class='ocr_line' id='line_1_26' title="bbox 191 2743 1549 2856; baseline 0.002 -56"><span class='ocrx_word' id='word_1_324' title='bbox 191 2760 319 2814; x_wconf 81' lang='lat' dir='ltr'>pem</span> <span class='ocrx_word' id='word_1_325' title='bbox 347 2745 490 2802; x_wconf 80' lang='lat' dir='ltr'>ierat</span> <span class='ocrx_word' id='word_1_326' title='bbox 520 2745 597 2801; x_wconf 88' lang='lat' dir='ltr'>ad</span> <span class='ocrx_word' id='word_1_327' title='bbox 616 2746 953 2817; x_wconf 87' lang='lat' dir='ltr'>operandum</span> <span class='ocrx_word' id='word_1_328' title='bbox 989 2746 1295 2856; x_wconf 85' lang='lat' dir='ltr'>secundum</span> <span class='ocrx_word' id='word_1_329' title='bbox 1314 2743 1431 2815; x_wconf 81' lang='lat' dir='ltr'>ejus</span> <span class='ocrx_word' id='word_1_330' title='bbox 1454 2747 1549 2803; x_wconf 87' lang='lat' dir='ltr'>be-</span> 
     </span>
    </p>

    <p class='ocr_par' dir='ltr' id='par_1_18' title="bbox 190 2837 544 2892">
     <span class='ocr_line' id='line_1_27' title="bbox 190 2837 544 2892; baseline 0.003 -2"><span class='ocrx_word' id='word_1_331' title='bbox 190 2846 324 2892; x_wconf 86' lang='grc' dir='ltr'>ιιιιιι.</span> <span class='ocrx_word' id='word_1_332' title='bbox 347 2837 544 2891; x_wconf 75' lang='lat' dir='ltr'>Amen.</span> 
     </span>
    </p>

    <p class='ocr_par' dir='ltr' id='par_1_19' title="bbox 191 2922 2980 3000">
     <span class='ocr_line' id='line_1_28' title="bbox 191 2922 2980 3000; baseline 0.002 -21.036"><span class='ocrx_word' id='word_1_333' title='bbox 191 2922 313 2981; x_wconf 76' lang='lat' dir='ltr'>&#39;&#39;inis</span> <span class='ocrx_word' id='word_1_334' title='bbox 340 2926 665 3000; x_wconf 58' lang='lat' dir='ltr'>Regularum</span> <span class='ocrx_word' id='word_1_335' title='bbox 701 2929 872 2986; x_wconf 72' lang='lat' dir='ltr'>sancti</span> <span class='ocrx_word' id='word_1_336' title='bbox 902 2929 1119 2985; x_wconf 76' lang='lat' dir='ltr'>Antonii</span> <span class='ocrx_word' id='word_1_337' title='bbox 1146 2928 1370 2985; x_wconf 79' lang='lat' dir='ltr'>abbatis.</span> <span class='ocrx_word' id='word_1_338' title='bbox 1903 2926 2131 2995; x_wconf 61' lang='lat' dir='ltr'>Explicit</span> <span class='ocrx_word' id='word_1_339' title='bbox 2165 2926 2365 2998; x_wconf 72' lang='lat' dir='ltr'>Requin</span> <span class='ocrx_word' id='word_1_340' title='bbox 2396 2926 2455 2982; x_wconf 90' lang='lat' dir='ltr'>S.</span> <span class='ocrx_word' id='word_1_341' title='bbox 2491 2926 2710 2982; x_wconf 75' lang='lat' dir='ltr'>Antonii</span> <span class='ocrx_word' id='word_1_342' title='bbox 2751 2926 2980 2984; x_wconf 68' lang='lat' dir='ltr'>abbatis.</span> 
     </span>
    </p>
   </div>
   <div class='ocr_carea' id='block_1_9' title="bbox 2871 3077 3200 3108">
    <p class='ocr_par' dir='ltr' id='par_1_20' title="bbox 2871 3077 3200 3108">
     <span class='ocr_line' id='line_1_29' title="bbox 2871 3077 3200 3108; baseline 0.003 -6"><span class='ocrx_word' id='word_1_343' title='bbox 2871 3077 3200 3108; x_wconf 45' lang='grc' dir='ltr'>-ῇ</span> 
     </span>
    </p>
   </div>
   <div class='ocr_carea' id='block_1_10' title="bbox 191 3226 3043 3606">
    <p class='ocr_par' dir='ltr' id='par_1_21' title="bbox 191 3226 3043 3606">
     <span class='ocr_line' id='line_1_30' title="bbox 575 3226 2679 3411; baseline -0.001 -49"><span class='ocrx_word' id='word_1_344' title='bbox 575 3245 704 3362; x_wconf 90' lang='lat' dir='ltr'>S.</span> <span class='ocrx_word' id='word_1_345' title='bbox 783 3247 1437 3411; x_wconf 79' lang='grc' dir='ltr'><strong>ΑΝΤΟΝΙΙ</strong></span> <span class='ocrx_word' id='word_1_346' title='bbox 1460 3226 1986 3367; x_wconf 77' lang='lat' dir='ltr'>MAGNI</span> <span class='ocrx_word' id='word_1_347' title='bbox 1991 3244 2679 3363; x_wconf 68' lang='lat' dir='ltr'>&#39;ABBATIS</span> 
     </span>
     <span class='ocr_line' id='line_1_31' title="bbox 191 3418 3043 3606; baseline -0.001 -37"><span class='ocrx_word' id='word_1_348' title='bbox 191 3418 915 3570; x_wconf 60' lang='lat' dir='ltr'>mm&#39;ruAisslA</span> <span class='ocrx_word' id='word_1_349' title='bbox 977 3436 1726 3576; x_wconf 78' lang='lat' dir='ltr'>oochEN&#39;rA</span> <span class='ocrx_word' id='word_1_350' title='bbox 1798 3482 2310 3574; x_wconf 69' lang='lat' dir='ltr'>neonus</span> <span class='ocrx_word' id='word_1_351' title='bbox 2376 3477 3043 3606; x_wconf 70' lang='lat' dir='ltr'>ADJUNGTA,</span> 
     </span>
    </p>
   </div>
   <div class='ocr_carea' id='block_1_11' title="bbox 1099 3669 2110 3731">
    <p class='ocr_par' dir='ltr' id='par_1_22' title="bbox 1099 3669 2110 3731">
     <span class='ocr_line' id='line_1_32' title="bbox 1099 3669 2110 3731; baseline 0.003 -6"><span class='ocrx_word' id='word_1_352' title='bbox 1099 3671 1187 3726; x_wconf 78' lang='lat' dir='ltr'>An</span> <span class='ocrx_word' id='word_1_353' title='bbox 1229 3670 1455 3728; x_wconf 77' lang='lat' dir='ltr'>Fluos</span> <span class='ocrx_word' id='word_1_354' title='bbox 1495 3670 1673 3731; x_wconf 84' lang='lat' dir='ltr'>SUOS</span> <span class='ocrx_word' id='word_1_355' title='bbox 1710 3669 2110 3731; x_wconf 60' lang='lat' dir='ltr'>momentis».</span> 
     </span>
    </p>
   </div>
   <div class='ocr_carea' id='block_1_12' title="bbox 887 3823 2319 3898">
    <p class='ocr_par' dir='ltr' id='par_1_23' title="bbox 887 3823 2319 3898">
     <span class='ocr_line' id='line_1_33' title="bbox 887 3823 2319 3898; baseline -0.001 -16"><span class='ocrx_word' id='word_1_356' title='bbox 887 3826 973 3882; x_wconf 79' lang='lat' dir='ltr'>Ex</span> <span class='ocrx_word' id='word_1_357' title='bbox 1011 3828 1268 3888; x_wconf 74' lang='lat' dir='ltr'>Arabico.</span> <span class='ocrx_word' id='word_1_358' title='bbox 1313 3829 1591 3898; x_wconf 74' lang='lat' dir='ltr'>interprete</span> <span class='ocrx_word' id='word_1_359' title='bbox 1627 3827 1929 3884; x_wconf 68' lang='lat' dir='ltr'>Abraham</span> <span class='ocrx_word' id='word_1_360' title='bbox 1968 3823 2319 3882; x_wconf 78' lang='lat' dir='ltr'>Eccltellensi.</span> 
     </span>
    </p>
   </div>
   <div class='ocr_carea' id='block_1_13' title="bbox 191 4113 3248 5639">
    <p class='ocr_par' dir='ltr' id='par_1_24' title="bbox 191 4113 3242 4291">
     <span class='ocr_line' id='line_1_34' title="bbox 191 4113 3239 4192; baseline -0.001 -19"><span class='ocrx_word' id='word_1_361' title='bbox 191 4124 273 4173; x_wconf 74' lang='lat' dir='ltr'>nte</span> <span class='ocrx_word' id='word_1_362' title='bbox 308 4116 511 4185; x_wconf 87' lang='lat' dir='ltr'>omnia,</span> <span class='ocrx_word' id='word_1_363' title='bbox 545 4115 621 4174; x_wconf 75' lang='lat' dir='ltr'>nti</span> <span class='ocrx_word' id='word_1_364' title='bbox 660 4119 755 4188; x_wconf 86' lang='lat' dir='ltr'>mi,</span> <span class='ocrx_word' id='word_1_365' title='bbox 787 4132 856 4175; x_wconf 90' lang='lat' dir='ltr'>ne</span> <span class='ocrx_word' id='word_1_366' title='bbox 887 4119 1182 4190; x_wconf 86' lang='lat' dir='ltr'>quidquam</span> <span class='ocrx_word' id='word_1_367' title='bbox 1226 4128 1438 4192; x_wconf 85' lang='lat' dir='ltr'>reputes</span> <span class='ocrx_word' id='word_1_368' title='bbox 1468 4130 1551 4176; x_wconf 84' lang='lat' dir='ltr'>te-</span> <span class='ocrx_word' id='word_1_369' title='bbox 1578 4125 1627 4184; x_wconf 80' lang='lat' dir='ltr'>c</span> <span class='ocrx_word' id='word_1_370' title='bbox 1657 4132 1875 4189; x_wconf 75' lang='lat' dir='ltr'>gressus</span> <span class='ocrx_word' id='word_1_371' title='bbox 1902 4129 1983 4181; x_wconf 86' lang='lat' dir='ltr'>es,</span> <span class='ocrx_word' id='word_1_372' title='bbox 2012 4128 2081 4170; x_wconf 87' lang='lat' dir='ltr'>ne</span> <span class='ocrx_word' id='word_1_373' title='bbox 2116 4113 2405 4170; x_wconf 73' lang='lat' dir='ltr'>revertaris</span> <span class='ocrx_word' id='word_1_374' title='bbox 2456 4122 2619 4171; x_wconf 90' lang='lat' dir='ltr'>retro.</span> <span class='ocrx_word' id='word_1_375' title='bbox 2650 4113 2822 4167; x_wconf 79' lang='lat' dir='ltr'>Divini</span> <span class='ocrx_word' id='word_1_376' title='bbox 2856 4115 3057 4192; x_wconf 78' lang='lat' dir='ltr'>amoris</span> <span class='ocrx_word' id='word_1_377' title='bbox 3093 4129 3239 4170; x_wconf 74' lang='lat' dir='ltr'>cave</span> 
     </span>
     <span class='ocr_line' id='line_1_35' title="bbox 191 4203 3242 4291; baseline -0.001 -28"><span class='ocrx_word' id='word_1_378' title='bbox 191 4222 316 4274; x_wconf 76' lang='lat' dir='ltr'>um3</span> <span class='ocrx_word' id='word_1_379' title='bbox 378 4214 435 4291; x_wconf 64' lang='lat' dir='ltr'>et</span> <span class='ocrx_word' id='word_1_380' title='bbox 472 4206 576 4263; x_wconf 80' lang='lat' dir='ltr'>hoc</span> <span class='ocrx_word' id='word_1_381' title='bbox 618 4207 714 4264; x_wconf 86' lang='lat' dir='ltr'>tibi</span> <span class='ocrx_word' id='word_1_382' title='bbox 758 4217 983 4279; x_wconf 71' lang='lat' dir='ltr'>generat</span> <span class='ocrx_word' id='word_1_383' title='bbox 1015 4208 1369 4266; x_wconf 85' lang='lat' dir='ltr'>bumilitatem</span> <span class='ocrx_word' id='word_1_384' title='bbox 1410 4209 1554 4264; x_wconf 82' lang='lat' dir='ltr'>:hu—</span> <span class='ocrx_word' id='word_1_385' title='bbox 1656 4217 1709 4264; x_wconf 90' lang='lat' dir='ltr'>te</span> <span class='ocrx_word' id='word_1_386' title='bbox 1736 4206 1947 4262; x_wconf 68' lang='lat' dir='ltr'>vedeat-</span> <span class='ocrx_word' id='word_1_387' title='bbox 1982 4203 2255 4278; x_wconf 84' lang='lat' dir='ltr'>Quidquid</span> <span class='ocrx_word' id='word_1_388' title='bbox 2291 4203 2505 4276; x_wconf 87' lang='lat' dir='ltr'>operari</span> <span class='ocrx_word' id='word_1_389' title='bbox 2549 4203 2654 4269; x_wconf 83' lang='lat' dir='ltr'>vis,</span> <span class='ocrx_word' id='word_1_390' title='bbox 2683 4203 2950 4273; x_wconf 83' lang='lat' dir='ltr'>patienter</span> <span class='ocrx_word' id='word_1_391' title='bbox 3000 4216 3242 4274; x_wconf 70' lang='lat' dir='ltr'>peraget.</span> 
     </span>
    </p>

    <p class='ocr_par' dir='ltr' id='par_1_25' title="bbox 191 4293 3248 5639">
     <span class='ocr_line' id='line_1_36' title="bbox 240 4293 3232 4370; baseline -0.001 -16"><span class='ocrx_word' id='word_1_392' title='bbox 240 4313 372 4356; x_wconf 77' lang='lat' dir='ltr'>vero</span> <span class='ocrx_word' id='word_1_393' title='bbox 424 4307 643 4370; x_wconf 68' lang='lat' dir='ltr'>generat</span> <span class='ocrx_word' id='word_1_394' title='bbox 686 4300 1021 4368; x_wconf 80' lang='lat' dir='ltr'>doctrinam3</span> <span class='ocrx_word' id='word_1_395' title='bbox 1078 4302 1321 4357; x_wconf 89' lang='lat' dir='ltr'>doctrina</span> <span class='ocrx_word' id='word_1_396' title='bbox 1375 4308 1554 4355; x_wconf 89' lang='lat' dir='ltr'>autem</span> <span class='ocrx_word' id='word_1_397' title='bbox 1655 4312 1783 4354; x_wconf 84' lang='lat' dir='ltr'>nam</span> <span class='ocrx_word' id='word_1_398' title='bbox 1816 4297 1861 4354; x_wconf 93' lang='lat' dir='ltr'>si</span> <span class='ocrx_word' id='word_1_399' title='bbox 1900 4298 2168 4366; x_wconf 81' lang='lat' dir='ltr'>patienter</span> <span class='ocrx_word' id='word_1_400' title='bbox 2198 4295 2544 4362; x_wconf 86' lang='lat' dir='ltr'>sustinueris,</span> <span class='ocrx_word' id='word_1_401' title='bbox 2583 4293 2935 4364; x_wconf 83' lang='lat' dir='ltr'>opitulabitur</span> <span class='ocrx_word' id='word_1_402' title='bbox 2957 4294 3054 4349; x_wconf 87' lang='lat' dir='ltr'>tibi</span> <span class='ocrx_word' id='word_1_403' title='bbox 3092 4293 3232 4350; x_wconf 76' lang='lat' dir='ltr'>Deus</span> 
     </span>
     <span class='ocr_line' id='line_1_37' title="bbox 192 4385 3232 4465; baseline -0.001 -21"><span class='ocrx_word' id='word_1_404' title='bbox 192 4397 213 4444; x_wconf 91' lang='lat' dir='ltr'>t</span> <span class='ocrx_word' id='word_1_405' title='bbox 262 4391 450 4457; x_wconf 69' lang='lat' dir='ltr'>fldem</span> <span class='ocrx_word' id='word_1_406' title='bbox 490 4390 623 4447; x_wconf 81' lang='lat' dir='ltr'>tides</span> <span class='ocrx_word' id='word_1_407' title='bbox 656 4403 786 4447; x_wconf 74' lang='lat' dir='ltr'>vero</span> <span class='ocrx_word' id='word_1_408' title='bbox 812 4401 1034 4462; x_wconf 74' lang='lat' dir='ltr'>generat</span> <span class='ocrx_word' id='word_1_409' title='bbox 1076 4407 1261 4463; x_wconf 90' lang='lat' dir='ltr'>spem;</span> <span class='ocrx_word' id='word_1_410' title='bbox 1300 4408 1426 4465; x_wconf 87' lang='lat' dir='ltr'>spes</span> <span class='ocrx_word' id='word_1_411' title='bbox 1456 4407 1556 4448; x_wconf 78' lang='lat' dir='ltr'>au·</span> <span class='ocrx_word' id='word_1_412' title='bbox 1657 4390 1712 4445; x_wconf 91' lang='lat' dir='ltr'>in</span> <span class='ocrx_word' id='word_1_413' title='bbox 1745 4385 2001 4445; x_wconf 88' lang='lat' dir='ltr'>omnibus</span> <span class='ocrx_word' id='word_1_414' title='bbox 2021 4387 2089 4444; x_wconf 91' lang='lat' dir='ltr'>iis</span> <span class='ocrx_word' id='word_1_415' title='bbox 2121 4402 2240 4458; x_wconf 74' lang='lat' dir='ltr'>quae</span> <span class='ocrx_word' id='word_1_416' title='bbox 2269 4389 2455 4454; x_wconf 79' lang='lat' dir='ltr'>facies,</span> <span class='ocrx_word' id='word_1_417' title='bbox 2481 4399 2705 4458; x_wconf 81' lang='lat' dir='ltr'>quaeque</span> <span class='ocrx_word' id='word_1_418' title='bbox 2729 4385 2822 4441; x_wconf 78' lang='lat' dir='ltr'>tibi</span> <span class='ocrx_word' id='word_1_419' title='bbox 2851 4394 2979 4442; x_wconf 80' lang='lat' dir='ltr'>sunt</span> <span class='ocrx_word' id='word_1_420' title='bbox 3007 4394 3232 4442; x_wconf 85' lang='lat' dir='ltr'>eventu·</span> 
     </span>
     <span class='ocr_line' id='line_1_38' title="bbox 191 4474 3236 4557; baseline -0.002 -20"><span class='ocrx_word' id='word_1_421' title='bbox 191 4489 371 4537; x_wconf 82' lang='lat' dir='ltr'>encrat</span> <span class='ocrx_word' id='word_1_422' title='bbox 419 4481 776 4550; x_wconf 65' lang='lat' dir='ltr'>charitatem</span> <span class='ocrx_word' id='word_1_423' title='bbox 827 4482 1065 4538; x_wconf 83' lang='lat' dir='ltr'>ebaritas</span> <span class='ocrx_word' id='word_1_424' title='bbox 1114 4493 1292 4539; x_wconf 87' lang='lat' dir='ltr'>autem</span> <span class='ocrx_word' id='word_1_425' title='bbox 1336 4494 1562 4554; x_wconf 76' lang='lat' dir='ltr'>generat</span> <span class='ocrx_word' id='word_1_426' title='bbox 1659 4492 1741 4532; x_wconf 91' lang='lat' dir='ltr'>ra.</span> <span class='ocrx_word' id='word_1_427' title='bbox 1769 4475 1852 4557; x_wconf 59' lang='lat' dir='ltr'>Ne</span> <span class='ocrx_word' id='word_1_428' title='bbox 1882 4480 2192 4534; x_wconf 87' lang='lat' dir='ltr'>retrocedas</span> <span class='ocrx_word' id='word_1_429' title='bbox 2222 4493 2250 4532; x_wconf 89' lang='lat' dir='ltr'>a</span> <span class='ocrx_word' id='word_1_430' title='bbox 2281 4478 2366 4533; x_wconf 84' lang='lat' dir='ltr'>via</span> <span class='ocrx_word' id='word_1_431' title='bbox 2399 4488 2504 4534; x_wconf 69' lang='lat' dir='ltr'>tute</span> <span class='ocrx_word' id='word_1_432' title='bbox 2536 4475 2862 4533; x_wconf 80' lang='lat' dir='ltr'>solitudinis.</span> <span class='ocrx_word' id='word_1_433' title='bbox 2890 4474 2951 4532; x_wconf 86' lang='lat' dir='ltr'>ln</span> <span class='ocrx_word' id='word_1_434' title='bbox 2986 4475 3236 4533; x_wconf 78' lang='lat' dir='ltr'>ornnibus</span> 
     </span>
     <span class='ocr_line' id='line_1_39' title="bbox 191 4567 3234 4645; baseline -0.001 -19"><span class='ocrx_word' id='word_1_435' title='bbox 191 4571 375 4642; x_wconf 74' lang='lat' dir='ltr'>itiam3</span> <span class='ocrx_word' id='word_1_436' title='bbox 420 4573 726 4630; x_wconf 85' lang='lat' dir='ltr'>obedientia</span> <span class='ocrx_word' id='word_1_437' title='bbox 758 4588 891 4631; x_wconf 79' lang='lat' dir='ltr'>vero</span> <span class='ocrx_word' id='word_1_438' title='bbox 941 4584 1161 4645; x_wconf 81' lang='lat' dir='ltr'>generat</span> <span class='ocrx_word' id='word_1_439' title='bbox 1203 4577 1559 4629; x_wconf 85' lang='lat' dir='ltr'>constantiam</span> <span class='ocrx_word' id='word_1_440' title='bbox 1659 4583 1780 4638; x_wconf 79' lang='lat' dir='ltr'>quoe</span> <span class='ocrx_word' id='word_1_441' title='bbox 1806 4577 1937 4625; x_wconf 87' lang='lat' dir='ltr'>sunt</span> <span class='ocrx_word' id='word_1_442' title='bbox 1963 4567 2122 4638; x_wconf 76' lang='lat' dir='ltr'>liujus</span> <span class='ocrx_word' id='word_1_443' title='bbox 2154 4569 2366 4634; x_wconf 59' lang='lat' dir='ltr'>mundi,</span> <span class='ocrx_word' id='word_1_444' title='bbox 2391 4569 2630 4626; x_wconf 77' lang='lat' dir='ltr'>otiosum</span> <span class='ocrx_word' id='word_1_445' title='bbox 2656 4581 2968 4624; x_wconf 87' lang='lat' dir='ltr'>sermonem</span> <span class='ocrx_word' id='word_1_446' title='bbox 2990 4569 3115 4625; x_wconf 90' lang='lat' dir='ltr'>odio</span> <span class='ocrx_word' id='word_1_447' title='bbox 3137 4568 3234 4623; x_wconf 82' lang='lat' dir='ltr'>ba·</span> 
     </span>
     <span class='ocr_line' id='line_1_40' title="bbox 191 4659 3234 4731; baseline -0.002 -12"><span class='ocrx_word' id='word_1_448' title='bbox 191 4665 518 4720; x_wconf 69' lang='lat' dir='ltr'>immotione.</span> <span class='ocrx_word' id='word_1_449' title='bbox 572 4664 674 4720; x_wconf 72' lang='lat' dir='ltr'>Fili</span> <span class='ocrx_word' id='word_1_450' title='bbox 721 4666 815 4731; x_wconf 89' lang='lat' dir='ltr'>mi,</span> <span class='ocrx_word' id='word_1_451' title='bbox 858 4681 997 4723; x_wconf 75' lang='lat' dir='ltr'>exue</span> <span class='ocrx_word' id='word_1_452' title='bbox 1036 4665 1256 4730; x_wconf 87' lang='lat' dir='ltr'>malum,</span> <span class='ocrx_word' id='word_1_453' title='bbox 1303 4673 1360 4719; x_wconf 88' lang='lat' dir='ltr'>et</span> <span class='ocrx_word' id='word_1_454' title='bbox 1403 4665 1562 4719; x_wconf 83' lang='lat' dir='ltr'>indae</span> <span class='ocrx_word' id='word_1_455' title='bbox 1661 4661 1809 4716; x_wconf 84' lang='lat' dir='ltr'>beto.</span> <span class='ocrx_word' id='word_1_456' title='bbox 1848 4661 1923 4716; x_wconf 88' lang='lat' dir='ltr'>De</span> <span class='ocrx_word' id='word_1_457' title='bbox 1943 4660 2232 4716; x_wconf 84' lang='lat' dir='ltr'>virtutibus</span> <span class='ocrx_word' id='word_1_458' title='bbox 2268 4661 2363 4715; x_wconf 86' lang='lat' dir='ltr'>tibi</span> <span class='ocrx_word' id='word_1_459' title='bbox 2390 4661 2769 4730; x_wconf 86' lang='lat' dir='ltr'>comparandis</span> <span class='ocrx_word' id='word_1_460' title='bbox 2800 4667 2919 4717; x_wconf 86' lang='lat' dir='ltr'>esto</span> <span class='ocrx_word' id='word_1_461' title='bbox 2951 4659 3234 4725; x_wconf 86' lang='lat' dir='ltr'>sollicitus,</span> 
     </span>
     <span class='ocr_line' id='line_1_41' title="bbox 191 4749 3234 4834; baseline -0.002 -23"><span class='ocrx_word' id='word_1_462' title='bbox 191 4754 477 4821; x_wconf 79' lang='lat' dir='ltr'>nudinem;</span> <span class='ocrx_word' id='word_1_463' title='bbox 533 4753 710 4834; x_wconf 73' lang='lat' dir='ltr'>abjice</span> <span class='ocrx_word' id='word_1_464' title='bbox 763 4755 977 4810; x_wconf 89' lang='lat' dir='ltr'>oculum</span> <span class='ocrx_word' id='word_1_465' title='bbox 1028 4770 1278 4825; x_wconf 89' lang='lat' dir='ltr'>nequam,</span> <span class='ocrx_word' id='word_1_466' title='bbox 1320 4763 1375 4809; x_wconf 90' lang='lat' dir='ltr'>et</span> <span class='ocrx_word' id='word_1_467' title='bbox 1432 4754 1563 4809; x_wconf 89' lang='lat' dir='ltr'>sim·</span> <span class='ocrx_word' id='word_1_468' title='bbox 1660 4766 1732 4806; x_wconf 82' lang='lat' dir='ltr'>ne</span> <span class='ocrx_word' id='word_1_469' title='bbox 1759 4750 2140 4823; x_wconf 68' lang='lat' dir='ltr'>negligentiam</span> <span class='ocrx_word' id='word_1_470' title='bbox 2158 4749 2471 4806; x_wconf 82' lang='lat' dir='ltr'>contrahas.</span> <span class='ocrx_word' id='word_1_471' title='bbox 2490 4749 2568 4804; x_wconf 80' lang='lat' dir='ltr'>Tu</span> <span class='ocrx_word' id='word_1_472' title='bbox 2588 4763 2787 4815; x_wconf 86' lang='lat' dir='ltr'>autem,</span> <span class='ocrx_word' id='word_1_473' title='bbox 2830 4750 2904 4806; x_wconf 81' lang='lat' dir='ltr'>nli</span> <span class='ocrx_word' id='word_1_474' title='bbox 2926 4749 3020 4818; x_wconf 86' lang='lat' dir='ltr'>mi,</span> <span class='ocrx_word' id='word_1_475' title='bbox 3044 4750 3089 4805; x_wconf 90' lang='lat' dir='ltr'>si</span> <span class='ocrx_word' id='word_1_476' title='bbox 3116 4750 3234 4806; x_wconf 77' lang='lat' dir='ltr'>inec</span> 
     </span>
     <span class='ocr_line' id='line_1_42' title="bbox 235 4840 3239 4912; baseline -0.001 -13"><span class='ocrx_word' id='word_1_477' title='bbox 235 4843 335 4899; x_wconf 85' lang='lat' dir='ltr'>tibi</span> <span class='ocrx_word' id='word_1_478' title='bbox 388 4845 609 4900; x_wconf 89' lang='lat' dir='ltr'>sumito.</span> <span class='ocrx_word' id='word_1_479' title='bbox 666 4840 1022 4900; x_wconf 75' lang='lat' dir='ltr'>infirmiorem</span> <span class='ocrx_word' id='word_1_480' title='bbox 1079 4853 1131 4898; x_wconf 92' lang='lat' dir='ltr'>te</span> <span class='ocrx_word' id='word_1_481' title='bbox 1188 4856 1255 4898; x_wconf 85' lang='lat' dir='ltr'>ne</span> <span class='ocrx_word' id='word_1_482' title='bbox 1311 4842 1561 4910; x_wconf 88' lang='lat' dir='ltr'>imiteris,</span> <span class='ocrx_word' id='word_1_483' title='bbox 1661 4841 1880 4909; x_wconf 77' lang='lat' dir='ltr'>seceris,</span> <span class='ocrx_word' id='word_1_484' title='bbox 1909 4843 2258 4911; x_wconf 85' lang='lat' dir='ltr'>consequeris</span> <span class='ocrx_word' id='word_1_485' title='bbox 2291 4843 2677 4908; x_wconf 70' lang='lat' dir='ltr'>haereditatem,</span> <span class='ocrx_word' id='word_1_486' title='bbox 2720 4856 2882 4912; x_wconf 85' lang='lat' dir='ltr'>quam</span> <span class='ocrx_word' id='word_1_487' title='bbox 2917 4843 3098 4895; x_wconf 74' lang='lat' dir='ltr'>oculus</span> <span class='ocrx_word' id='word_1_488' title='bbox 3133 4857 3239 4896; x_wconf 76' lang='lat' dir='ltr'>non</span> 
     </span>
     <span class='ocr_line' id='line_1_43' title="bbox 208 4930 3234 5003; baseline -0 -15"><span class='ocrx_word' id='word_1_489' title='bbox 208 4931 552 4988; x_wconf 81' lang='lat' dir='ltr'>electiorem.</span> <span class='ocrx_word' id='word_1_490' title='bbox 588 4930 880 4988; x_wconf 80' lang='lat' dir='ltr'>Hominum</span> <span class='ocrx_word' id='word_1_491' title='bbox 921 4947 988 4987; x_wconf 90' lang='lat' dir='ltr'>ne</span> <span class='ocrx_word' id='word_1_492' title='bbox 1035 4932 1223 4986; x_wconf 88' lang='lat' dir='ltr'>timeas</span> <span class='ocrx_word' id='word_1_493' title='bbox 1249 4931 1559 5003; x_wconf 84' lang='lat' dir='ltr'>opprobria.</span> <span class='ocrx_word' id='word_1_494' title='bbox 1662 4932 1814 4999; x_wconf 75' lang='lat' dir='ltr'>vidit,</span> <span class='ocrx_word' id='word_1_495' title='bbox 1836 4949 1929 4987; x_wconf 75' lang='lat' dir='ltr'>nec</span> <span class='ocrx_word' id='word_1_496' title='bbox 1956 4932 2103 4988; x_wconf 74' lang='lat' dir='ltr'>nuris</span> <span class='ocrx_word' id='word_1_497' title='bbox 2133 4934 2352 4997; x_wconf 74' lang='lat' dir='ltr'>audivit,</span> <span class='ocrx_word' id='word_1_498' title='bbox 2387 4949 2479 4987; x_wconf 79' lang='lat' dir='ltr'>nee</span> <span class='ocrx_word' id='word_1_499' title='bbox 2520 4948 2613 4987; x_wconf 82' lang='lat' dir='ltr'>cor</span> <span class='ocrx_word' id='word_1_500' title='bbox 2633 4933 2857 4988; x_wconf 72' lang='lat' dir='ltr'>hominis</span> <span class='ocrx_word' id='word_1_501' title='bbox 2890 4932 3137 5002; x_wconf 72' lang='lat' dir='ltr'>ooqitarft</span> <span class='ocrx_word' id='word_1_502' title='bbox 3166 4933 3234 4987; x_wconf 71' lang='lat'>&#39;⁰.</span> 
     </span>
     <span class='ocr_line' id='line_1_44' title="bbox 191 5020 3237 5104; baseline 0.001 -29"><span class='ocrx_word' id='word_1_503' title='bbox 191 5036 329 5092; x_wconf 69' lang='lat' dir='ltr'>{uam</span> <span class='ocrx_word' id='word_1_504' title='bbox 356 5036 582 5091; x_wconf 88' lang='lat' dir='ltr'>operum</span> <span class='ocrx_word' id='word_1_505' title='bbox 611 5030 827 5077; x_wconf 89' lang='lat' dir='ltr'>tuorum</span> <span class='ocrx_word' id='word_1_506' title='bbox 855 5037 987 5079; x_wconf 87' lang='lat' dir='ltr'>cave</span> <span class='ocrx_word' id='word_1_507' title='bbox 1018 5022 1342 5078; x_wconf 85' lang='lat' dir='ltr'>innotescas.</span> <span class='ocrx_word' id='word_1_508' title='bbox 1370 5020 1567 5077; x_wconf 79' lang='lat' dir='ltr'>Omnia</span> <span class='ocrx_word' id='word_1_509' title='bbox 1662 5023 1978 5104; x_wconf 67' lang='lat' dir='ltr'>lnior-iorem</span> <span class='ocrx_word' id='word_1_510' title='bbox 2024 5033 2077 5081; x_wconf 82' lang='lat' dir='ltr'>te</span> <span class='ocrx_word' id='word_1_511' title='bbox 2135 5025 2188 5080; x_wconf 90' lang='lat' dir='ltr'>in</span> <span class='ocrx_word' id='word_1_512' title='bbox 2245 5025 2533 5080; x_wconf 77' lang='lat' dir='ltr'>virtutibus</span> <span class='ocrx_word' id='word_1_513' title='bbox 2582 5024 2814 5080; x_wconf 86' lang='lat' dir='ltr'>electum</span> <span class='ocrx_word' id='word_1_514' title='bbox 2868 5037 2988 5078; x_wconf 85' lang='lat' dir='ltr'>esse</span> <span class='ocrx_word' id='word_1_515' title='bbox 3022 5031 3237 5091; x_wconf 86' lang='lat' dir='ltr'>reputa,</span> 
     </span>
     <span class='ocr_line' id='line_1_45' title="bbox 192 5111 3241 5188; baseline 0.001 -22"><span class='ocrx_word' id='word_1_516' title='bbox 192 5126 260 5166; x_wconf 86' lang='lat' dir='ltr'>us</span> <span class='ocrx_word' id='word_1_517' title='bbox 297 5112 494 5168; x_wconf 62' lang='lat' dir='ltr'>animae</span> <span class='ocrx_word' id='word_1_518' title='bbox 525 5121 630 5167; x_wconf 82' lang='lat' dir='ltr'>tuae</span> <span class='ocrx_word' id='word_1_519' title='bbox 668 5112 815 5169; x_wconf 88' lang='lat' dir='ltr'>inest</span> <span class='ocrx_word' id='word_1_520' title='bbox 847 5113 1251 5178; x_wconf 86' lang='lat' dir='ltr'>detrimentum,</span> <span class='ocrx_word' id='word_1_521' title='bbox 1288 5111 1414 5167; x_wconf 91' lang='lat' dir='ltr'>odio</span> <span class='ocrx_word' id='word_1_522' title='bbox 1463 5111 1560 5166; x_wconf 82' lang='lat' dir='ltr'>ba-</span> <span class='ocrx_word' id='word_1_523' title='bbox 1665 5133 1728 5172; x_wconf 88' lang='lat' dir='ltr'>ac</span> <span class='ocrx_word' id='word_1_524' title='bbox 1758 5117 1851 5173; x_wconf 73' lang='lat' dir='ltr'>tilii</span> <span class='ocrx_word' id='word_1_525' title='bbox 1889 5115 2149 5188; x_wconf 74' lang='lat' dir='ltr'>aeqnaiem</span> <span class='ocrx_word' id='word_1_526' title='bbox 2200 5116 2254 5171; x_wconf 87' lang='lat' dir='ltr'>in</span> <span class='ocrx_word' id='word_1_527' title='bbox 2303 5115 2437 5186; x_wconf 81' lang='lat' dir='ltr'>ipsis</span> <span class='ocrx_word' id='word_1_528' title='bbox 2467 5114 2791 5180; x_wconf 77' lang='lat' dir='ltr'>virtutibns;</span> <span class='ocrx_word' id='word_1_529' title='bbox 2822 5113 3084 5184; x_wconf 69' lang='lat' dir='ltr'>aqualem</span> <span class='ocrx_word' id='word_1_530' title='bbox 3111 5126 3241 5168; x_wconf 85' lang='lat' dir='ltr'>vero</span> 
     </span>
     <span class='ocr_line' id='line_1_46' title="bbox 191 5201 3235 5275; baseline 0 -18"><span class='ocrx_word' id='word_1_531' title='bbox 191 5201 507 5258; x_wconf 67' lang='lat' dir='ltr'>Voluntatem</span> <span class='ocrx_word' id='word_1_532' title='bbox 549 5202 641 5258; x_wconf 91' lang='lat' dir='ltr'>Dei</span> <span class='ocrx_word' id='word_1_533' title='bbox 674 5219 742 5258; x_wconf 86' lang='lat' dir='ltr'>ne</span> <span class='ocrx_word' id='word_1_534' title='bbox 772 5203 1033 5271; x_wconf 88' lang='lat' dir='ltr'>dimittas,</span> <span class='ocrx_word' id='word_1_535' title='bbox 1061 5211 1121 5258; x_wconf 87' lang='lat' dir='ltr'>ut</span> <span class='ocrx_word' id='word_1_536' title='bbox 1163 5204 1331 5260; x_wconf 70' lang='lat' dir='ltr'>sacius</span> <span class='ocrx_word' id='word_1_537' title='bbox 1372 5201 1564 5258; x_wconf 83' lang='lat' dir='ltr'>volun·</span> <span class='ocrx_word' id='word_1_538' title='bbox 1668 5208 1762 5263; x_wconf 84' lang='lat' dir='ltr'>tibi</span> <span class='ocrx_word' id='word_1_539' title='bbox 1796 5207 1851 5262; x_wconf 94' lang='lat' dir='ltr'>in</span> <span class='ocrx_word' id='word_1_540' title='bbox 1882 5206 2173 5263; x_wconf 78' lang='lat' dir='ltr'>virtutibus</span> <span class='ocrx_word' id='word_1_541' title='bbox 2198 5206 2429 5262; x_wconf 86' lang='lat' dir='ltr'>electum</span> <span class='ocrx_word' id='word_1_542' title='bbox 2460 5218 2602 5272; x_wconf 89' lang='lat' dir='ltr'>esse,</span> <span class='ocrx_word' id='word_1_543' title='bbox 2624 5213 2679 5260; x_wconf 87' lang='lat' dir='ltr'>et</span> <span class='ocrx_word' id='word_1_544' title='bbox 2698 5204 3125 5275; x_wconf 67' lang='lat' dir='ltr'>prestantiorem</span> <span class='ocrx_word' id='word_1_545' title='bbox 3179 5202 3235 5258; x_wconf 91' lang='lat' dir='ltr'>in</span> 
     </span>
     <span class='ocr_line' id='line_1_47' title="bbox 194 5291 3241 5365; baseline -0.001 -15"><span class='ocrx_word' id='word_1_546' title='bbox 194 5294 502 5350; x_wconf 85' lang='lat' dir='ltr'>hominum.</span> <span class='ocrx_word' id='word_1_547' title='bbox 567 5293 685 5348; x_wconf 80' lang='lat' dir='ltr'>Non</span> <span class='ocrx_word' id='word_1_548' title='bbox 749 5309 1077 5359; x_wconf 85' lang='lat' dir='ltr'>murmures.</span> <span class='ocrx_word' id='word_1_549' title='bbox 1129 5308 1303 5365; x_wconf 90' lang='lat' dir='ltr'>neque</span> <span class='ocrx_word' id='word_1_550' title='bbox 1353 5291 1566 5361; x_wconf 81' lang='lat' dir='ltr'>injuriis</span> <span class='ocrx_word' id='word_1_551' title='bbox 1669 5297 2022 5352; x_wconf 87' lang='lat' dir='ltr'>incremento.</span> <span class='ocrx_word' id='word_1_552' title='bbox 2078 5295 2180 5350; x_wconf 82' lang='lat' dir='ltr'>Fili</span> <span class='ocrx_word' id='word_1_553' title='bbox 2231 5295 2326 5361; x_wconf 87' lang='lat' dir='ltr'>mi,</span> <span class='ocrx_word' id='word_1_554' title='bbox 2371 5294 2757 5364; x_wconf 72' lang='lat' dir='ltr'>cogitationum</span> <span class='ocrx_word' id='word_1_555' title='bbox 2804 5308 2924 5364; x_wconf 77' lang='lat' dir='ltr'>quae</span> <span class='ocrx_word' id='word_1_556' title='bbox 2969 5302 3021 5347; x_wconf 90' lang='lat' dir='ltr'>te</span> <span class='ocrx_word' id='word_1_557' title='bbox 3047 5305 3241 5363; x_wconf 69' lang='lat' dir='ltr'>aggre-</span> 
     </span>
     <span class='ocr_line' id='line_1_48' title="bbox 191 5381 3239 5453; baseline -0.001 -14"><span class='ocrx_word' id='word_1_558' title='bbox 191 5387 292 5441; x_wconf 74' lang='lat' dir='ltr'>iam</span> <span class='ocrx_word' id='word_1_559' title='bbox 328 5383 553 5439; x_wconf 81' lang='lat' dir='ltr'>allicias.</span> <span class='ocrx_word' id='word_1_560' title='bbox 580 5383 697 5440; x_wconf 85' lang='lat' dir='ltr'>Nou</span> <span class='ocrx_word' id='word_1_561' title='bbox 733 5383 976 5442; x_wconf 82' lang='lat' dir='ltr'>invideas</span> <span class='ocrx_word' id='word_1_562' title='bbox 1008 5383 1085 5440; x_wconf 82' lang='lat' dir='ltr'>iili</span> <span class='ocrx_word' id='word_1_563' title='bbox 1109 5385 1198 5453; x_wconf 90' lang='lat' dir='ltr'>qui</span> <span class='ocrx_word' id='word_1_564' title='bbox 1230 5381 1425 5451; x_wconf 85' lang='lat' dir='ltr'>injuste</span> <span class='ocrx_word' id='word_1_565' title='bbox 1444 5396 1568 5453; x_wconf 90' lang='lat' dir='ltr'>pro-</span> <span class='ocrx_word' id='word_1_566' title='bbox 1667 5386 1889 5441; x_wconf 88' lang='lat' dir='ltr'>dinntur</span> <span class='ocrx_word' id='word_1_567' title='bbox 1921 5386 1975 5441; x_wconf 92' lang='lat' dir='ltr'>in</span> <span class='ocrx_word' id='word_1_568' title='bbox 2010 5385 2156 5441; x_wconf 87' lang='lat' dir='ltr'>cella.</span> <span class='ocrx_word' id='word_1_569' title='bbox 2179 5392 2293 5452; x_wconf 86' lang='lat' dir='ltr'>tua,</span> <span class='ocrx_word' id='word_1_570' title='bbox 2318 5398 2387 5439; x_wconf 90' lang='lat' dir='ltr'>ne</span> <span class='ocrx_word' id='word_1_571' title='bbox 2420 5385 2625 5440; x_wconf 74' lang='lat' dir='ltr'>taedeat·</span> <span class='ocrx_word' id='word_1_572' title='bbox 2649 5394 2731 5451; x_wconf 89' lang='lat' dir='ltr'>te;</span> <span class='ocrx_word' id='word_1_573' title='bbox 2765 5385 3015 5452; x_wconf 66' lang='lat' dir='ltr'>sciasmie</span> <span class='ocrx_word' id='word_1_574' title='bbox 3055 5381 3239 5438; x_wconf 75' lang='lat' dir='ltr'>Douni-</span> 
     </span>
     <span class='ocr_line' id='line_1_49' title="bbox 191 5473 3240 5544; baseline -0.003 -12"><span class='ocrx_word' id='word_1_575' title='bbox 191 5477 239 5532; x_wconf 70' lang='lat' dir='ltr'>sd</span> <span class='ocrx_word' id='word_1_576' title='bbox 300 5475 386 5531; x_wconf 80' lang='lat' dir='ltr'>iac</span> <span class='ocrx_word' id='word_1_577' title='bbox 425 5487 485 5531; x_wconf 93' lang='lat' dir='ltr'>ut</span> <span class='ocrx_word' id='word_1_578' title='bbox 512 5489 702 5532; x_wconf 84' lang='lat' dir='ltr'>omnes</span> <span class='ocrx_word' id='word_1_579' title='bbox 726 5475 973 5532; x_wconf 82' lang='lat' dir='ltr'>homines</span> <span class='ocrx_word' id='word_1_580' title='bbox 1012 5486 1065 5532; x_wconf 89' lang='lat' dir='ltr'>te</span> <span class='ocrx_word' id='word_1_581' title='bbox 1099 5476 1208 5532; x_wconf 85' lang='lat' dir='ltr'>sint</span> <span class='ocrx_word' id='word_1_582' title='bbox 1239 5474 1566 5544; x_wconf 79' lang='lat' dir='ltr'>superiores,</span> <span class='ocrx_word' id='word_1_583' title='bbox 1599 5480 1646 5538; x_wconf 74' lang='grc' dir='ltr'><strong><em>Β</em></strong></span> <span class='ocrx_word' id='word_1_584' title='bbox 1672 5489 1801 5530; x_wconf 85' lang='grc' dir='ltr'>ιιιιιιι</span> <span class='ocrx_word' id='word_1_585' title='bbox 1841 5474 1978 5531; x_wconf 88' lang='lat' dir='ltr'>nibil</span> <span class='ocrx_word' id='word_1_586' title='bbox 2023 5483 2236 5531; x_wconf 90' lang='lat' dir='ltr'>tuorum</span> <span class='ocrx_word' id='word_1_587' title='bbox 2274 5474 2518 5531; x_wconf 83' lang='lat' dir='ltr'>laborum</span> <span class='ocrx_word' id='word_1_588' title='bbox 2555 5473 2809 5530; x_wconf 75' lang='lat' dir='ltr'>oblivioni</span> <span class='ocrx_word' id='word_1_589' title='bbox 2859 5473 3136 5540; x_wconf 85' lang='lat' dir='ltr'>daturum,</span> <span class='ocrx_word' id='word_1_590' title='bbox 3172 5484 3240 5525; x_wconf 83' lang='lat' dir='ltr'>es</span> 
     </span>
     <span class='ocr_line' id='line_1_50' title="bbox 192 5562 3248 5639; baseline -0.003 -14"><span class='ocrx_word' id='word_1_591' title='bbox 192 5583 248 5625; x_wconf 89' lang='lat' dir='ltr'>m</span> <span class='ocrx_word' id='word_1_592' title='bbox 286 5568 358 5623; x_wconf 87' lang='lat' dir='ltr'>sit</span> <span class='ocrx_word' id='word_1_593' title='bbox 400 5570 517 5638; x_wconf 90' lang='lat' dir='ltr'>ipse</span> <span class='ocrx_word' id='word_1_594' title='bbox 556 5567 718 5624; x_wconf 87' lang='lat' dir='ltr'>Deus.</span> <span class='ocrx_word' id='word_1_595' title='bbox 757 5568 801 5623; x_wconf 86' lang='lat' dir='ltr'>A</span> <span class='ocrx_word' id='word_1_596' title='bbox 840 5567 996 5624; x_wconf 86' lang='lat' dir='ltr'>bonis</span> <span class='ocrx_word' id='word_1_597' title='bbox 1029 5567 1278 5639; x_wconf 86' lang='lat' dir='ltr'>operibus</span> <span class='ocrx_word' id='word_1_598' title='bbox 1315 5580 1432 5635; x_wconf 75' lang='lat' dir='ltr'>quae</span> <span class='ocrx_word' id='word_1_599' title='bbox 1467 5581 1561 5635; x_wconf 74' lang='lat' dir='ltr'>ag·</span> <span class='ocrx_word' id='word_1_600' title='bbox 1666 5565 1862 5635; x_wconf 88' lang='lat' dir='ltr'>quibus</span> <span class='ocrx_word' id='word_1_601' title='bbox 1892 5564 1987 5622; x_wconf 88' lang='lat' dir='ltr'>tibi</span> <span class='ocrx_word' id='word_1_602' title='bbox 2018 5565 2409 5622; x_wconf 88' lang='lat' dir='ltr'>incrementum</span> <span class='ocrx_word' id='word_1_603' title='bbox 2436 5565 2678 5632; x_wconf 81' lang='lat' dir='ltr'>accedet,</span> <span class='ocrx_word' id='word_1_604' title='bbox 2709 5573 2764 5621; x_wconf 86' lang='lat' dir='ltr'>et</span> <span class='ocrx_word' id='word_1_605' title='bbox 2800 5564 2899 5622; x_wconf 82' lang='lat' dir='ltr'>Dei</span> <span class='ocrx_word' id='word_1_606' title='bbox 2928 5562 3037 5621; x_wconf 32' lang='lat' dir='ltr'>tibi.</span> <span class='ocrx_word' id='word_1_607' title='bbox 3062 5562 3248 5632; x_wconf 76' lang='lat' dir='ltr'>opitu·</span> 
     </span>
    </p>
   </div>
   <div class='ocr_carea' id='block_1_14' title="bbox 191 5765 478 5836">
    <p class='ocr_par' dir='ltr' id='par_1_26' title="bbox 191 5765 478 5836">
     <span class='ocr_line' id='line_1_51' title="bbox 191 5765 478 5836; baseline -0.021 -10"><span class='ocrx_word' id='word_1_608' title='bbox 191 5769 306 5826; x_wconf 60' lang='lat' dir='ltr'>Dor.</span> <span class='ocrx_word' id='word_1_609' title='bbox 340 5782 397 5836; x_wconf 67' lang='grc' dir='ltr'>ιι,</span> <span class='ocrx_word' id='word_1_610' title='bbox 428 5765 478 5821; x_wconf 78' lang='grc'>9.</span> 
     </span>
    </p>
   </div>
  </div>
 </body>
</html>
