<?xml version="1.0" encoding="UTF-8"?>
<!DOCTYPE html PUBLIC "-//W3C//DTD XHTML 1.0 Transitional//EN"
    "http://www.w3.org/TR/xhtml1/DTD/xhtml1-transitional.dtd">
<html xmlns="http://www.w3.org/1999/xhtml" xml:lang="en" lang="en">
 <head>
  <title>
</title>
<meta http-equiv="Content-Type" content="text/html;charset=utf-8" />
  <meta name='ocr-system' content='tesseract 3.04.00' />
  <meta name='ocr-capabilities' content='ocr_page ocr_carea ocr_par ocr_line ocrx_word'/>
</head>
<body>
  <div class='ocr_page' id='page_1' title='image "./patrologicursus103migngoog/patrologicursus103migngoog_0643.png"; bbox 0 0 3725 6125; ppageno 0'>
   <div class='ocr_carea' id='block_1_1' title="bbox 223 268 3486 343">
    <p class='ocr_par' dir='ltr' id='par_1_1' title="bbox 223 268 3486 343">
     <span class='ocr_line' id='line_1_1' title="bbox 223 268 3486 343; baseline -0.009 -1"><span class='ocrx_word' id='word_1_1' title='bbox 223 282 363 343; x_wconf 75' lang='lat'>{05¹</span> <span class='ocrx_word' id='word_1_2' title='bbox 1337 271 1611 329; x_wconf 66' lang='lat' dir='ltr'>enites</span> <span class='ocrx_word' id='word_1_3' title='bbox 1650 268 1949 327; x_wconf 65' lang='lat' dir='ltr'>AEGYPTtt</span> <span class='ocrx_word' id='word_1_4' title='bbox 1990 268 2265 327; x_wconf 75' lang='lat' dir='ltr'>sAEctLt</span> <span class='ocrx_word' id='word_1_5' title='bbox 2307 270 2394 327; x_wconf 75' lang='grc' dir='ltr'>Ν.</span> <span class='ocrx_word' id='word_1_6' title='bbox 3405 285 3486 340; x_wconf 61' lang='lat'>¹03</span> 
     </span>
    </p>
   </div>
   <div class='ocr_carea' id='block_1_2' title="bbox 227 387 3487 557">
    <p class='ocr_par' dir='ltr' id='par_1_2' title="bbox 227 387 3487 557">
     <span class='ocr_line' id='line_1_2' title="bbox 227 387 3487 473; baseline -0.003 -15"><span class='ocrx_word' id='word_1_7' title='bbox 227 398 477 458; x_wconf 59' lang='lat' dir='ltr'>heredes</span> <span class='ocrx_word' id='word_1_8' title='bbox 507 405 671 468; x_wconf 84' lang='lat' dir='ltr'>atque</span> <span class='ocrx_word' id='word_1_9' title='bbox 701 395 1010 466; x_wconf 69' lang='lat' dir='ltr'>participes.</span> <span class='ocrx_word' id='word_1_10' title='bbox 1042 392 1408 459; x_wconf 74' lang='lat' dir='ltr'>Quamobrem</span> <span class='ocrx_word' id='word_1_11' title='bbox 1457 392 1809 448; x_wconf 81' lang='lat' dir='ltr'>vehementer</span> <span class='ocrx_word' id='word_1_12' title='bbox 1835 396 1887 451; x_wconf 75' lang='grc' dir='ltr'><strong>Α</strong></span> <span class='ocrx_word' id='word_1_13' title='bbox 1913 387 2115 444; x_wconf 75' lang='lat' dir='ltr'>Christi</span> <span class='ocrx_word' id='word_1_14' title='bbox 2146 388 2415 447; x_wconf 79' lang='lat' dir='ltr'>inhabitet</span> <span class='ocrx_word' id='word_1_15' title='bbox 2451 389 2502 446; x_wconf 89' lang='lat' dir='ltr'>in</span> <span class='ocrx_word' id='word_1_16' title='bbox 2532 392 2806 449; x_wconf 86' lang='lat' dir='ltr'>omnibus</span> <span class='ocrx_word' id='word_1_17' title='bbox 2832 390 3031 449; x_wconf 70' lang='lat' dir='ltr'>vobis.</span> <span class='ocrx_word' id='word_1_18' title='bbox 3068 392 3173 449; x_wconf 84' lang='lat' dir='ltr'>Cui</span> <span class='ocrx_word' id='word_1_19' title='bbox 3205 394 3323 454; x_wconf 78' lang='lat' dir='ltr'>laus</span> <span class='ocrx_word' id='word_1_20' title='bbox 3344 415 3487 473; x_wconf 49' lang='lat' dir='ltr'>semp*</span> 
     </span>
     <span class='ocr_line' id='line_1_3' title="bbox 227 480 2306 557; baseline -0.005 -9"><span class='ocrx_word' id='word_1_21' title='bbox 227 507 326 548; x_wconf 88' lang='lat' dir='ltr'>cor</span> <span class='ocrx_word' id='word_1_22' title='bbox 356 505 538 546; x_wconf 85' lang='lat' dir='ltr'>meum</span> <span class='ocrx_word' id='word_1_23' title='bbox 565 489 808 545; x_wconf 82' lang='lat' dir='ltr'>laetatum</span> <span class='ocrx_word' id='word_1_24' title='bbox 835 497 950 543; x_wconf 86' lang='lat' dir='ltr'>est:</span> <span class='ocrx_word' id='word_1_25' title='bbox 981 486 1094 541; x_wconf 84' lang='lat' dir='ltr'>scio</span> <span class='ocrx_word' id='word_1_26' title='bbox 1128 485 1327 557; x_wconf 92' lang='lat' dir='ltr'>quippe</span> <span class='ocrx_word' id='word_1_27' title='bbox 1350 485 1518 540; x_wconf 85' lang='lat' dir='ltr'>Deum</span> <span class='ocrx_word' id='word_1_28' title='bbox 1557 484 1727 540; x_wconf 68' lang='lat' dir='ltr'>lactari</span> <span class='ocrx_word' id='word_1_29' title='bbox 1763 484 1819 540; x_wconf 92' lang='lat' dir='ltr'>in</span> <span class='ocrx_word' id='word_1_30' title='bbox 1925 480 1980 535; x_wconf 91' lang='lat' dir='ltr'>in</span> <span class='ocrx_word' id='word_1_31' title='bbox 2015 491 2306 537; x_wconf 69' lang='lat' dir='ltr'>aeternum.</span> 
     </span>
    </p>
   </div>
   <div class='ocr_carea' id='block_1_3' title="bbox 232 572 3024 653">
    <p class='ocr_par' dir='ltr' id='par_1_3' title="bbox 232 572 3024 653">
     <span class='ocr_line' id='line_1_4' title="bbox 232 572 3024 653; baseline -0.002 -15"><span class='ocrx_word' id='word_1_32' title='bbox 232 583 303 639; x_wconf 89' lang='lat' dir='ltr'>iis</span> <span class='ocrx_word' id='word_1_33' title='bbox 336 596 566 653; x_wconf 88' lang='lat' dir='ltr'>quorum</span> <span class='ocrx_word' id='word_1_34' title='bbox 603 580 814 636; x_wconf 76' lang='lat' dir='ltr'>fructus</span> <span class='ocrx_word' id='word_1_35' title='bbox 859 586 988 633; x_wconf 89' lang='lat' dir='ltr'>sunt</span> <span class='ocrx_word' id='word_1_36' title='bbox 1038 579 1110 634; x_wconf 87' lang='lat' dir='ltr'>ita</span> <span class='ocrx_word' id='word_1_37' title='bbox 1142 578 1251 633; x_wconf 80' lang='lat' dir='ltr'>vivi</span> <span class='ocrx_word' id='word_1_38' title='bbox 1285 577 1661 639; x_wconf 71' lang='lat' dir='ltr'>rationabiles,</span> <span class='ocrx_word' id='word_1_39' title='bbox 1692 591 1817 632; x_wconf 72' lang='lat' dir='ltr'>eos-</span> <span class='ocrx_word' id='word_1_40' title='bbox 2459 572 2811 633; x_wconf 71' lang='lat' dir='ltr'>EvtsTOLA</span> <span class='ocrx_word' id='word_1_41' title='bbox 2836 575 3024 634; x_wconf 70' lang='grc' dir='ltr'><strong>-ΧῗΙ,</strong></span> 
     </span>
    </p>
   </div>
   <div class='ocr_carea' id='block_1_4' title="bbox 1925 668 3488 1110">
    <p class='ocr_par' dir='ltr' id='par_1_4' title="bbox 1925 668 3488 1110">
     <span class='ocr_line' id='line_1_5' title="bbox 2639 668 2861 725; baseline 0.009 -2"><span class='ocrx_word' id='word_1_42' title='bbox 2639 668 2802 725; x_wconf 70' lang='lat' dir='ltr'>Dixit</span> <span class='ocrx_word' id='word_1_43' title='bbox 2836 685 2861 725; x_wconf 93' lang='lat'>.·</span> 
     </span>
     <span class='ocr_line' id='line_1_6' title="bbox 2002 754 3487 838; baseline 0.006 -28"><span class='ocrx_word' id='word_1_44' title='bbox 2002 754 2337 812; x_wconf 70' lang='lat' dir='ltr'>ite-censeam</span> <span class='ocrx_word' id='word_1_45' title='bbox 2394 758 2572 826; x_wconf 77' lang='lat' dir='ltr'>robis,</span> <span class='ocrx_word' id='word_1_46' title='bbox 2608 761 2766 817; x_wconf 87' lang='lat' dir='ltr'>lilioli</span> <span class='ocrx_word' id='word_1_47' title='bbox 2803 761 2928 819; x_wconf 89' lang='lat' dir='ltr'>mei</span> <span class='ocrx_word' id='word_1_48' title='bbox 2964 759 3346 831; x_wconf 78' lang='lat' dir='ltr'>dilectissimi,</span> <span class='ocrx_word' id='word_1_49' title='bbox 3372 783 3487 838; x_wconf 73' lang='lat' dir='ltr'>pan.</span> 
     </span>
     <span class='ocr_line' id='line_1_7' title="bbox 1926 848 3488 926; baseline 0.01 -24"><span class='ocrx_word' id='word_1_50' title='bbox 1926 861 1992 902; x_wconf 84' lang='lat' dir='ltr'>es</span> <span class='ocrx_word' id='word_1_51' title='bbox 2034 848 2207 918; x_wconf 84' lang='lat' dir='ltr'>gestis</span> <span class='ocrx_word' id='word_1_52' title='bbox 2241 858 2453 920; x_wconf 86' lang='lat' dir='ltr'>patrum</span> <span class='ocrx_word' id='word_1_53' title='bbox 2479 862 2801 910; x_wconf 86' lang='lat' dir='ltr'>sanctorum</span> <span class='ocrx_word' id='word_1_54' title='bbox 2829 868 3131 924; x_wconf 86' lang='lat' dir='ltr'>purorum</span> <span class='ocrx_word' id='word_1_55' title='bbox 3156 893 3178 922; x_wconf 88' lang='lat'>,</span> <span class='ocrx_word' id='word_1_56' title='bbox 3205 870 3338 926; x_wconf 82' lang='lat' dir='ltr'>quos</span> <span class='ocrx_word' id='word_1_57' title='bbox 3354 863 3488 916; x_wconf 78' lang='lat' dir='ltr'>exalta·</span> 
     </span>
     <span class='ocr_line' id='line_1_8' title="bbox 1925 939 3488 1015; baseline 0.009 -21"><span class='ocrx_word' id='word_1_58' title='bbox 1925 939 2003 995; x_wconf 75' lang='lat' dir='ltr'>vit</span> <span class='ocrx_word' id='word_1_59' title='bbox 2034 939 2180 995; x_wconf 86' lang='lat' dir='ltr'>Deus</span> <span class='ocrx_word' id='word_1_60' title='bbox 2225 952 2448 1013; x_wconf 88' lang='lat' dir='ltr'>propter</span> <span class='ocrx_word' id='word_1_61' title='bbox 2500 943 3014 1011; x_wconf 81' lang='lat' dir='ltr'>humiliationem,</span> <span class='ocrx_word' id='word_1_62' title='bbox 3076 953 3143 1001; x_wconf 73' lang='lat' dir='ltr'>et</span> <span class='ocrx_word' id='word_1_63' title='bbox 3200 946 3488 1015; x_wconf 73' lang='lat' dir='ltr'>pristinam¹</span> 
     </span>
     <span class='ocr_line' id='line_1_9' title="bbox 1928 1031 3480 1110; baseline 0.01 -25"><span class='ocrx_word' id='word_1_64' title='bbox 1928 1032 2270 1102; x_wconf 71' lang='lat' dir='ltr'>paupertatis</span> <span class='ocrx_word' id='word_1_65' title='bbox 2292 1031 2477 1104; x_wconf 80' lang='lat' dir='ltr'>iugem</span> <span class='ocrx_word' id='word_1_66' title='bbox 2508 1036 2980 1092; x_wconf 74' lang='lat' dir='ltr'>recordationem</span> <span class='ocrx_word' id='word_1_67' title='bbox 3012 1053 3030 1104; x_wconf 89' lang='lat'><strong>;</strong></span> <span class='ocrx_word' id='word_1_68' title='bbox 3070 1035 3334 1110; x_wconf 72' lang='lat' dir='ltr'>deditque</span> <span class='ocrx_word' id='word_1_69' title='bbox 3348 1041 3480 1099; x_wconf 62' lang='lat' dir='ltr'>istie</span> 
     </span>
    </p>
   </div>
   <div class='ocr_carea' id='block_1_5' title="bbox 225 668 3486 1848">
    <p class='ocr_par' dir='ltr' id='par_1_5' title="bbox 225 668 3486 1848">
     <span class='ocr_line' id='line_1_10' title="bbox 228 668 1822 746; baseline -0.003 -17"><span class='ocrx_word' id='word_1_70' title='bbox 228 674 467 746; x_wconf 86' lang='lat' dir='ltr'>quesibi</span> <span class='ocrx_word' id='word_1_71' title='bbox 497 672 742 729; x_wconf 80' lang='lat' dir='ltr'>haeredes</span> <span class='ocrx_word' id='word_1_72' title='bbox 791 686 858 726; x_wconf 87' lang='lat' dir='ltr'>ac</span> <span class='ocrx_word' id='word_1_73' title='bbox 898 670 1192 742; x_wconf 82' lang='lat' dir='ltr'>participes</span> <span class='ocrx_word' id='word_1_74' title='bbox 1240 668 1474 725; x_wconf 84' lang='lat' dir='ltr'>elllcere.</span> <span class='ocrx_word' id='word_1_75' title='bbox 1506 670 1577 723; x_wconf 80' lang='lat' dir='ltr'>At</span> <span class='ocrx_word' id='word_1_76' title='bbox 1631 682 1822 724; x_wconf 87' lang='lat' dir='ltr'>omnes</span> 
     </span>
     <span class='ocr_line' id='line_1_11' title="bbox 227 762 1822 838; baseline -0.001 -18"><span class='ocrx_word' id='word_1_77' title='bbox 227 781 462 838; x_wconf 84' lang='lat' dir='ltr'>quorum</span> <span class='ocrx_word' id='word_1_78' title='bbox 517 764 731 820; x_wconf 76' lang='lat' dir='ltr'>fructus</span> <span class='ocrx_word' id='word_1_79' title='bbox 787 764 990 818; x_wconf 89' lang='lat' dir='ltr'>mortui</span> <span class='ocrx_word' id='word_1_80' title='bbox 1029 771 1177 828; x_wconf 85' lang='lat' dir='ltr'>sunt,</span> <span class='ocrx_word' id='word_1_81' title='bbox 1232 762 1658 832; x_wconf 79' lang='lat' dir='ltr'>haudquaquam</span> <span class='ocrx_word' id='word_1_82' title='bbox 1710 762 1822 818; x_wconf 69' lang='lat' dir='ltr'>Deo</span> 
     </span>
     <span class='ocr_line' id='line_1_12' title="bbox 230 852 1821 929; baseline -0.002 -16"><span class='ocrx_word' id='word_1_83' title='bbox 230 858 531 929; x_wconf 78' lang='lat' dir='ltr'>participes</span> <span class='ocrx_word' id='word_1_84' title='bbox 555 863 918 927; x_wconf 77' lang='lat' dir='ltr'>reputantur3</span> <span class='ocrx_word' id='word_1_85' title='bbox 971 869 1158 910; x_wconf 82' lang='lat' dir='ltr'>verum</span> <span class='ocrx_word' id='word_1_86' title='bbox 1194 854 1311 924; x_wconf 73' lang='lat' dir='ltr'>ipse</span> <span class='ocrx_word' id='word_1_87' title='bbox 1349 854 1524 924; x_wconf 89' lang='lat' dir='ltr'>magis</span> <span class='ocrx_word' id='word_1_88' title='bbox 1581 852 1702 908; x_wconf 86' lang='lat' dir='ltr'>illos</span> <span class='ocrx_word' id='word_1_89' title='bbox 1736 867 1821 910; x_wconf 82' lang='lat' dir='ltr'>re·</span> 
     </span>
     <span class='ocr_line' id='line_1_13' title="bbox 232 944 1821 1020; baseline -0.004 -14"><span class='ocrx_word' id='word_1_90' title='bbox 232 949 557 1020; x_wconf 83' lang='lat' dir='ltr'>prehendet,</span> <span class='ocrx_word' id='word_1_91' title='bbox 616 949 759 1004; x_wconf 83' lang='lat' dir='ltr'>sicut</span> <span class='ocrx_word' id='word_1_92' title='bbox 813 947 963 1003; x_wconf 82' lang='lat' dir='ltr'>dixit</span> <span class='ocrx_word' id='word_1_93' title='bbox 996 948 1281 1015; x_wconf 85' lang='lat' dir='ltr'>propheta,</span> <span class='ocrx_word' id='word_1_94' title='bbox 1306 947 1356 999; x_wconf 87' lang='lat' dir='ltr'>id</span> <span class='ocrx_word' id='word_1_95' title='bbox 1389 947 1496 1001; x_wconf 87' lang='lat' dir='ltr'>illis</span> <span class='ocrx_word' id='word_1_96' title='bbox 1519 957 1709 1001; x_wconf 88' lang='lat' dir='ltr'>notum</span> <span class='ocrx_word' id='word_1_97' title='bbox 1736 944 1821 1000; x_wconf 83' lang='lat' dir='ltr'>l&#39;a·</span> 
     </span>
     <span class='ocr_line' id='line_1_14' title="bbox 228 1036 1824 1108; baseline -0.005 -8"><span class='ocrx_word' id='word_1_98' title='bbox 228 1043 381 1100; x_wconf 86' lang='lat' dir='ltr'>ciens</span> <span class='ocrx_word' id='word_1_99' title='bbox 407 1042 624 1097; x_wconf 72' lang='lat' dir='ltr'>dicente</span> <span class='ocrx_word' id='word_1_100' title='bbox 650 1039 701 1094; x_wconf 90' lang='lat' dir='ltr'>ei</span> <span class='ocrx_word' id='word_1_101' title='bbox 755 1039 866 1095; x_wconf 86' lang='lat' dir='ltr'>Deo</span> <span class='ocrx_word' id='word_1_102' title='bbox 915 1055 930 1093; x_wconf 72' lang='grc' dir='ltr'><strong><em>ε</em></strong></span> <span class='ocrx_word' id='word_1_103' title='bbox 968 1036 1157 1094; x_wconf 78' lang='lat' dir='ltr'>Ctama</span> <span class='ocrx_word' id='word_1_104' title='bbox 1183 1053 1301 1092; x_wconf 79' lang='lat' dir='ltr'>eunt</span> <span class='ocrx_word' id='word_1_105' title='bbox 1349 1036 1680 1108; x_wconf 77' lang='lat' dir='ltr'>fortitudine.</span> <span class='ocrx_word' id='word_1_106' title='bbox 1730 1052 1824 1092; x_wconf 83' lang='lat' dir='ltr'>nee</span> 
     </span>
     <span class='ocr_line' id='line_1_15' title="bbox 225 1129 1823 1205; baseline -0.003 -18"><span class='ocrx_word' id='word_1_107' title='bbox 225 1149 436 1205; x_wconf 74' lang='lat' dir='ltr'>pareas,</span> <span class='ocrx_word' id='word_1_108' title='bbox 462 1142 512 1187; x_wconf 86' lang='lat' dir='ltr'>et</span> <span class='ocrx_word' id='word_1_109' title='bbox 557 1132 738 1186; x_wconf 74' lang='lat' dir='ltr'>exalta</span> <span class='ocrx_word' id='word_1_110' title='bbox 768 1145 944 1184; x_wconf 75' lang='lat' dir='ltr'>vocem</span> <span class='ocrx_word' id='word_1_111' title='bbox 986 1141 1132 1184; x_wconf 83' lang='lat' dir='ltr'>tuam</span> <span class='ocrx_word' id='word_1_112' title='bbox 1168 1130 1322 1200; x_wconf 84' lang='lat' dir='ltr'>quasi</span> <span class='ocrx_word' id='word_1_113' title='bbox 1365 1130 1513 1192; x_wconf 80' lang='lat' dir='ltr'>tuba.</span> <span class='ocrx_word' id='word_1_114' title='bbox 1571 1140 1619 1184; x_wconf 90' lang='lat' dir='ltr'>et</span> <span class='ocrx_word' id='word_1_115' title='bbox 1645 1129 1823 1183; x_wconf 86' lang='lat' dir='ltr'>indica</span> 
     </span>
     <span class='ocr_line' id='line_1_16' title="bbox 229 1218 1824 1296; baseline -0.003 -16"><span class='ocrx_word' id='word_1_116' title='bbox 229 1226 424 1296; x_wconf 73' lang='lat' dir='ltr'>papula</span> <span class='ocrx_word' id='word_1_117' title='bbox 451 1240 566 1279; x_wconf 83' lang='lat' dir='ltr'>meo</span> <span class='ocrx_word' id='word_1_118' title='bbox 609 1233 823 1294; x_wconf 84' lang='lat' dir='ltr'>peccata</span> <span class='ocrx_word' id='word_1_119' title='bbox 877 1238 1083 1288; x_wconf 79' lang='lat' dir='ltr'>eorum,</span> <span class='ocrx_word' id='word_1_120' title='bbox 1130 1230 1184 1277; x_wconf 88' lang='lat' dir='ltr'>et</span> <span class='ocrx_word' id='word_1_121' title='bbox 1225 1221 1406 1275; x_wconf 81' lang='lat' dir='ltr'>domui</span> <span class='ocrx_word' id='word_1_122' title='bbox 1427 1218 1596 1275; x_wconf 75' lang='lat' dir='ltr'>Jacob</span> <span class='ocrx_word' id='word_1_123' title='bbox 1623 1220 1824 1276; x_wconf 73' lang='lat' dir='ltr'>scelera</span> 
     </span>
     <span class='ocr_line' id='line_1_17' title="bbox 232 1314 1824 1389; baseline -0.006 -13"><span class='ocrx_word' id='word_1_124' title='bbox 232 1333 457 1376; x_wconf 76' lang='lat' dir='ltr'>eorum:</span> <span class='ocrx_word' id='word_1_125' title='bbox 495 1320 687 1389; x_wconf 82' lang='lat' dir='ltr'>quippe</span> <span class='ocrx_word' id='word_1_126' title='bbox 717 1315 870 1385; x_wconf 67' lang='lat' dir='ltr'>lonas</span> <span class='ocrx_word' id='word_1_127' title='bbox 937 1331 1042 1369; x_wconf 89' lang='lat' dir='ltr'>non</span> <span class='ocrx_word' id='word_1_128' title='bbox 1096 1323 1236 1380; x_wconf 85' lang='lat' dir='ltr'>sunt,</span> <span class='ocrx_word' id='word_1_129' title='bbox 1286 1323 1335 1368; x_wconf 86' lang='lat' dir='ltr'>et</span> <span class='ocrx_word' id='word_1_130' title='bbox 1384 1322 1618 1385; x_wconf 77' lang='lat' dir='ltr'>qua’rent</span> <span class='ocrx_word' id='word_1_131' title='bbox 1658 1314 1824 1368; x_wconf 86' lang='lat' dir='ltr'>mein</span> 
     </span>
     <span class='ocr_line' id='line_1_18' title="bbox 232 1407 1826 1477; baseline -0.004 -10"><span class='ocrx_word' id='word_1_132' title='bbox 232 1412 531 1467; x_wconf 77' lang='lat' dir='ltr'>novissimis</span> <span class='ocrx_word' id='word_1_133' title='bbox 555 1410 761 1465; x_wconf 80' lang='lat' dir='ltr'>diebus.</span> <span class='ocrx_word' id='word_1_134' title='bbox 821 1407 937 1477; x_wconf 81' lang='lat' dir='ltr'>Ipsi</span> <span class='ocrx_word' id='word_1_135' title='bbox 993 1423 1111 1463; x_wconf 77' lang='lat' dir='ltr'>vero</span> <span class='ocrx_word' id='word_1_136' title='bbox 1136 1423 1235 1462; x_wconf 80' lang='lat' dir='ltr'>sua</span> <span class='ocrx_word' id='word_1_137' title='bbox 1289 1407 1547 1461; x_wconf 71' lang='lat' dir='ltr'>irascibili</span> <span class='ocrx_word' id='word_1_138' title='bbox 1577 1408 1826 1475; x_wconf 87' lang='lat' dir='ltr'>concupi-</span> 
     </span>
     <span class='ocr_line' id='line_1_19' title="bbox 233 1498 1824 1570; baseline -0.003 -11"><span class='ocrx_word' id='word_1_139' title='bbox 233 1505 434 1559; x_wconf 85' lang='lat' dir='ltr'>scentia</span> <span class='ocrx_word' id='word_1_140' title='bbox 470 1504 718 1558; x_wconf 80' lang='lat' dir='ltr'>dixerunt</span> <span class='ocrx_word' id='word_1_141' title='bbox 750 1514 770 1553; x_wconf 93' lang='lat'>.·</span> <span class='ocrx_word' id='word_1_142' title='bbox 802 1499 984 1566; x_wconf 79' lang='lat' dir='ltr'>Quare</span> <span class='ocrx_word' id='word_1_143' title='bbox 999 1498 1385 1570; x_wconf 76' lang='lat' dir='ltr'>jejunavimus.</span> <span class='ocrx_word' id='word_1_144' title='bbox 1414 1508 1462 1554; x_wconf 84' lang='lat' dir='ltr'>rt</span> <span class='ocrx_word' id='word_1_145' title='bbox 1495 1500 1709 1554; x_wconf 84' lang='lat' dir='ltr'>nescisti</span> <span class='ocrx_word' id='word_1_146' title='bbox 1734 1515 1754 1564; x_wconf 87' lang='lat'>,·</span> <span class='ocrx_word' id='word_1_147' title='bbox 1775 1510 1824 1555; x_wconf 87' lang='lat' dir='ltr'>et</span> 
     </span>
     <span class='ocr_line' id='line_1_20' title="bbox 232 1590 3480 1669; baseline 0 -17"><span class='ocrx_word' id='word_1_148' title='bbox 232 1596 633 1655; x_wconf 69' lang='lat' dir='ltr'>humiliavimus</span> <span class='ocrx_word' id='word_1_149' title='bbox 686 1597 898 1651; x_wconf 81' lang='lat' dir='ltr'>animas</span> <span class='ocrx_word' id='word_1_150' title='bbox 951 1604 1182 1656; x_wconf 84' lang='lat' dir='ltr'>nostras.</span> <span class='ocrx_word' id='word_1_151' title='bbox 1213 1604 1262 1647; x_wconf 87' lang='lat' dir='ltr'>et</span> <span class='ocrx_word' id='word_1_152' title='bbox 1303 1609 1407 1647; x_wconf 90' lang='lat' dir='ltr'>non</span> <span class='ocrx_word' id='word_1_153' title='bbox 1433 1593 1728 1663; x_wconf 75' lang='lat' dir='ltr'>aspexisti!</span> <span class='ocrx_word' id='word_1_154' title='bbox 1758 1593 1825 1649; x_wconf 84' lang='lat' dir='ltr'>Et</span> <span class='ocrx_word' id='word_1_155' title='bbox 1928 1591 2207 1661; x_wconf 79' lang='lat' dir='ltr'>pnraltier.</span> <span class='ocrx_word' id='word_1_156' title='bbox 2243 1590 2353 1650; x_wconf 85' lang='lat' dir='ltr'>Nec</span> <span class='ocrx_word' id='word_1_157' title='bbox 2374 1593 2497 1651; x_wconf 83' lang='lat' dir='ltr'>ideo</span> <span class='ocrx_word' id='word_1_158' title='bbox 2525 1594 2776 1665; x_wconf 80' lang='lat' dir='ltr'>pristinae</span> <span class='ocrx_word' id='word_1_159' title='bbox 2837 1611 2969 1652; x_wconf 78' lang='lat' dir='ltr'>sttae</span> <span class='ocrx_word' id='word_1_160' title='bbox 2998 1601 3480 1669; x_wconf 54' lang='lat' dir='ltr'>paupertatis&amp;</span> 
     </span>
     <span class='ocr_line' id='line_1_21' title="bbox 237 1683 3486 1760; baseline 0.003 -18"><span class='ocrx_word' id='word_1_161' title='bbox 237 1689 523 1760; x_wconf 76' lang='lat' dir='ltr'>respondit</span> <span class='ocrx_word' id='word_1_162' title='bbox 569 1688 923 1744; x_wconf 86' lang='lat' dir='ltr'>dicentibus:</span> <span class='ocrx_word' id='word_1_163' title='bbox 993 1685 1259 1752; x_wconf 81' lang='lat' dir='ltr'>Quoniam</span> <span class='ocrx_word' id='word_1_164' title='bbox 1318 1684 1375 1739; x_wconf 89' lang='lat' dir='ltr'>in</span> <span class='ocrx_word' id='word_1_165' title='bbox 1423 1683 1603 1740; x_wconf 79' lang='lat' dir='ltr'>diebus</span> <span class='ocrx_word' id='word_1_166' title='bbox 1626 1684 1824 1755; x_wconf 76' lang='lat' dir='ltr'>jejunii</span> <span class='ocrx_word' id='word_1_167' title='bbox 1929 1685 2334 1754; x_wconf 75' lang='lat' dir='ltr'>estAbraham‚</span> <span class='ocrx_word' id='word_1_168' title='bbox 2364 1702 2553 1743; x_wconf 81' lang='lat' dir='ltr'>verum</span> <span class='ocrx_word' id='word_1_169' title='bbox 2584 1688 2938 1747; x_wconf 84' lang='lat' dir='ltr'>umbracula</span> <span class='ocrx_word' id='word_1_170' title='bbox 3003 1692 3486 1753; x_wconf 58' lang='lat' dir='ltr'>incolebattsini</span> 
     </span>
     <span class='ocr_line' id='line_1_22' title="bbox 235 1755 2632 1848; baseline 0.001 -14"><span class='ocrx_word' id='word_1_171' title='bbox 235 1780 392 1836; x_wconf 68' lang='lat' dir='ltr'>vestri</span> <span class='ocrx_word' id='word_1_172' title='bbox 422 1780 732 1835; x_wconf 75' lang='lat' dir='ltr'>invenimini</span> <span class='ocrx_word' id='word_1_173' title='bbox 762 1778 1014 1848; x_wconf 70' lang='lat' dir='ltr'>facientes</span> <span class='ocrx_word' id='word_1_174' title='bbox 1049 1775 1370 1832; x_wconf 70' lang='lat' dir='ltr'>voluntatem</span> <span class='ocrx_word' id='word_1_175' title='bbox 1397 1788 1688 1833; x_wconf 75' lang='lat' dir='ltr'>vestrorum</span> <span class='ocrx_word' id='word_1_176' title='bbox 1714 1795 1828 1833; x_wconf 89' lang='lat' dir='ltr'>ma-</span> <span class='ocrx_word' id='word_1_177' title='bbox 1859 1755 1904 1811; x_wconf 73' lang='grc' dir='ltr'><strong>Β</strong></span> <span class='ocrx_word' id='word_1_178' title='bbox 1935 1783 2125 1845; x_wconf 87' lang='lat' dir='ltr'>terque</span> <span class='ocrx_word' id='word_1_179' title='bbox 2155 1773 2325 1844; x_wconf 82' lang='lat' dir='ltr'>isaac,</span> <span class='ocrx_word' id='word_1_180' title='bbox 2358 1788 2414 1833; x_wconf 91' lang='lat' dir='ltr'>et</span> <span class='ocrx_word' id='word_1_181' title='bbox 2442 1776 2632 1836; x_wconf 77' lang='lat' dir='ltr'>Jacob.</span> 
     </span>
    </p>
   </div>
   <div class='ocr_carea' id='block_1_6' title="bbox 1924 1124 3487 1573">
    <p class='ocr_par' dir='ltr' id='par_1_6' title="bbox 1924 1124 3487 1573">
     <span class='ocr_line' id='line_1_23' title="bbox 1928 1124 3462 1198; baseline 0.01 -23"><span class='ocrx_word' id='word_1_182' title='bbox 1928 1124 2158 1195; x_wconf 82' lang='lat' dir='ltr'>gloriam</span> <span class='ocrx_word' id='word_1_183' title='bbox 2187 1135 2242 1181; x_wconf 86' lang='lat' dir='ltr'>et</span> <span class='ocrx_word' id='word_1_184' title='bbox 2268 1124 2510 1194; x_wconf 85' lang='lat' dir='ltr'>divitias,</span> <span class='ocrx_word' id='word_1_185' title='bbox 2534 1141 2602 1184; x_wconf 92' lang='lat' dir='ltr'>eo</span> <span class='ocrx_word' id='word_1_186' title='bbox 2634 1128 2788 1198; x_wconf 91' lang='lat' dir='ltr'>quod</span> <span class='ocrx_word' id='word_1_187' title='bbox 2831 1128 3156 1186; x_wconf 87' lang='lat' dir='ltr'>humiliati</span> <span class='ocrx_word' id='word_1_188' title='bbox 3215 1145 3462 1192; x_wconf 66' lang='lat' dir='ltr'>sustentus</span> 
     </span>
     <span class='ocr_line' id='line_1_24' title="bbox 1924 1216 3454 1293; baseline 0.008 -22"><span class='ocrx_word' id='word_1_189' title='bbox 1924 1216 2095 1273; x_wconf 85' lang='lat' dir='ltr'>corde</span> <span class='ocrx_word' id='word_1_190' title='bbox 2128 1230 2250 1284; x_wconf 87' lang='lat' dir='ltr'>suo,</span> <span class='ocrx_word' id='word_1_191' title='bbox 2270 1229 2563 1290; x_wconf 84' lang='lat' dir='ltr'>antequam</span> <span class='ocrx_word' id='word_1_192' title='bbox 2601 1220 3021 1293; x_wconf 75' lang='lat' dir='ltr'>magnificaret</span> <span class='ocrx_word' id='word_1_193' title='bbox 3053 1236 3169 1279; x_wconf 84' lang='lat' dir='ltr'>eos</span> <span class='ocrx_word' id='word_1_194' title='bbox 3217 1224 3454 1284; x_wconf 61' lang='lat' dir='ltr'>neutu-</span> 
     </span>
     <span class='ocr_line' id='line_1_25' title="bbox 1927 1309 3467 1389; baseline 0.008 -26"><span class='ocrx_word' id='word_1_195' title='bbox 1927 1323 2112 1365; x_wconf 87' lang='lat' dir='ltr'>remus</span> <span class='ocrx_word' id='word_1_196' title='bbox 2135 1309 2322 1382; x_wconf 88' lang='lat' dir='ltr'>itaque</span> <span class='ocrx_word' id='word_1_197' title='bbox 2345 1311 2503 1368; x_wconf 77' lang='lat' dir='ltr'>vobis</span> <span class='ocrx_word' id='word_1_198' title='bbox 2554 1312 2800 1384; x_wconf 83' lang='lat' dir='ltr'>primum</span> <span class='ocrx_word' id='word_1_199' title='bbox 2847 1315 2927 1371; x_wconf 89' lang='lat' dir='ltr'>de</span> <span class='ocrx_word' id='word_1_200' title='bbox 2961 1324 3143 1386; x_wconf 88' lang='lat' dir='ltr'>patre</span> <span class='ocrx_word' id='word_1_201' title='bbox 3171 1322 3467 1389; x_wconf 64' lang='lat' dir='ltr'>patra-tn-</span> 
     </span>
     <span class='ocr_line' id='line_1_26' title="bbox 1928 1400 3481 1478; baseline 0.009 -23"><span class='ocrx_word' id='word_1_202' title='bbox 1928 1400 2073 1468; x_wconf 86' lang='lat' dir='ltr'>bam,</span> <span class='ocrx_word' id='word_1_203' title='bbox 2107 1416 2269 1472; x_wconf 88' lang='lat' dir='ltr'>quem</span> <span class='ocrx_word' id='word_1_204' title='bbox 2297 1403 2441 1460; x_wconf 86' lang='lat' dir='ltr'>Deus</span> <span class='ocrx_word' id='word_1_205' title='bbox 2459 1403 2727 1460; x_wconf 81' lang='lat' dir='ltr'>exaltavit</span> <span class='ocrx_word' id='word_1_206' title='bbox 2760 1404 2842 1461; x_wconf 89' lang='lat' dir='ltr'>de</span> <span class='ocrx_word' id='word_1_207' title='bbox 2880 1419 3242 1478; x_wconf 86' lang='lat' dir='ltr'>paupertate</span> <span class='ocrx_word' id='word_1_208' title='bbox 3261 1411 3481 1474; x_wconf 75' lang='lat' dir='ltr'>additis&#39;as.</span> 
     </span>
     <span class='ocr_line' id='line_1_27' title="bbox 1926 1496 3487 1573; baseline 0.01 -22"><span class='ocrx_word' id='word_1_209' title='bbox 1926 1503 1984 1551; x_wconf 86' lang='lat' dir='ltr'>et</span> <span class='ocrx_word' id='word_1_210' title='bbox 2017 1496 2087 1552; x_wconf 86' lang='lat' dir='ltr'>de</span> <span class='ocrx_word' id='word_1_211' title='bbox 2113 1506 2428 1569; x_wconf 88' lang='lat' dir='ltr'>contemptu</span> <span class='ocrx_word' id='word_1_212' title='bbox 2462 1499 2529 1555; x_wconf 89' lang='lat' dir='ltr'>ad</span> <span class='ocrx_word' id='word_1_213' title='bbox 2560 1498 2802 1573; x_wconf 77' lang='lat' dir='ltr'>gloriam</span> <span class='ocrx_word' id='word_1_214' title='bbox 2838 1520 2858 1559; x_wconf 75' lang='lat' dir='ltr'><em>z</em></span> <span class='ocrx_word' id='word_1_215' title='bbox 2898 1518 3088 1561; x_wconf 74' lang='lat' dir='ltr'>omine</span> <span class='ocrx_word' id='word_1_216' title='bbox 3125 1515 3307 1563; x_wconf 84' lang='lat' dir='ltr'>autem</span> <span class='ocrx_word' id='word_1_217' title='bbox 3329 1509 3487 1566; x_wconf 65' lang='lat' dir='ltr'>heu·</span> 
     </span>
    </p>
   </div>
   <div class='ocr_carea' id='block_1_7' title="bbox 234 1872 1836 3047">
    <p class='ocr_par' dir='ltr' id='par_1_7' title="bbox 234 1872 1835 2583">
     <span class='ocr_line' id='line_1_28' title="bbox 238 1872 1828 1944; baseline 0.003 -18"><span class='ocrx_word' id='word_1_218' title='bbox 238 1872 371 1937; x_wconf 79' lang='lat' dir='ltr'>lain,</span> <span class='ocrx_word' id='word_1_219' title='bbox 409 1882 458 1928; x_wconf 84' lang='lat' dir='ltr'>et</span> <span class='ocrx_word' id='word_1_220' title='bbox 494 1874 549 1926; x_wconf 88' lang='lat' dir='ltr'>in</span> <span class='ocrx_word' id='word_1_221' title='bbox 583 1888 671 1927; x_wconf 88' lang='lat' dir='ltr'>eos</span> <span class='ocrx_word' id='word_1_222' title='bbox 700 1873 792 1944; x_wconf 86' lang='lat' dir='ltr'>qui</span> <span class='ocrx_word' id='word_1_223' title='bbox 852 1873 908 1925; x_wconf 92' lang='lat' dir='ltr'>in</span> <span class='ocrx_word' id='word_1_224' title='bbox 947 1878 1118 1926; x_wconf 68' lang='lat' dir='ltr'>restra</span> <span class='ocrx_word' id='word_1_225' title='bbox 1153 1878 1277 1926; x_wconf 83' lang='lat' dir='ltr'>sunt</span> <span class='ocrx_word' id='word_1_226' title='bbox 1312 1880 1569 1939; x_wconf 78' lang='lat' dir='ltr'>potestate</span> <span class='ocrx_word' id='word_1_227' title='bbox 1591 1872 1828 1930; x_wconf 72' lang='lat' dir='ltr'>crudeles</span> 
     </span>
     <span class='ocr_line' id='line_1_29' title="bbox 234 1967 1828 2038; baseline 0.003 -17"><span class='ocrx_word' id='word_1_228' title='bbox 234 1968 383 2031; x_wconf 84' lang='lat' dir='ltr'>estis,</span> <span class='ocrx_word' id='word_1_229' title='bbox 416 1968 595 2035; x_wconf 78' lang='lat' dir='ltr'>capita</span> <span class='ocrx_word' id='word_1_230' title='bbox 617 1981 796 2021; x_wconf 84' lang='lat' dir='ltr'>eorum</span> <span class='ocrx_word' id='word_1_231' title='bbox 821 1968 1061 2021; x_wconf 79' lang='lat' dir='ltr'>radentes</span> <span class='ocrx_word' id='word_1_232' title='bbox 1083 1982 1104 2021; x_wconf 88' lang='lat'>.·</span> <span class='ocrx_word' id='word_1_233' title='bbox 1127 1978 1174 2022; x_wconf 88' lang='lat' dir='ltr'>et</span> <span class='ocrx_word' id='word_1_234' title='bbox 1197 1967 1470 2038; x_wconf 77' lang='lat' dir='ltr'>jejunium</span> <span class='ocrx_word' id='word_1_235' title='bbox 1504 1979 1731 2023; x_wconf 77' lang='lat' dir='ltr'>vestrum</span> <span class='ocrx_word' id='word_1_236' title='bbox 1752 1981 1828 2027; x_wconf 89' lang='lat' dir='ltr'>est</span> 
     </span>
     <span class='ocr_line' id='line_1_30' title="bbox 239 2057 1833 2131; baseline 0.003 -19"><span class='ocrx_word' id='word_1_237' title='bbox 239 2058 312 2112; x_wconf 85' lang='lat' dir='ltr'>ad</span> <span class='ocrx_word' id='word_1_238' title='bbox 339 2057 599 2125; x_wconf 66' lang='lat' dir='ltr'>§iudicium</span> <span class='ocrx_word' id='word_1_239' title='bbox 664 2068 712 2112; x_wconf 85' lang='lat' dir='ltr'>et</span> <span class='ocrx_word' id='word_1_240' title='bbox 743 2059 1122 2116; x_wconf 79' lang='lat' dir='ltr'>contentiones.</span> <span class='ocrx_word' id='word_1_241' title='bbox 1163 2058 1297 2113; x_wconf 82' lang='lat' dir='ltr'>Cum</span> <span class='ocrx_word' id='word_1_242' title='bbox 1357 2069 1534 2114; x_wconf 89' lang='lat' dir='ltr'>autem</span> <span class='ocrx_word' id='word_1_243' title='bbox 1583 2061 1833 2131; x_wconf 75' lang='lat' dir='ltr'>hujusce-</span> 
     </span>
     <span class='ocr_line' id='line_1_31' title="bbox 240 2149 1831 2223; baseline 0.004 -21"><span class='ocrx_word' id='word_1_244' title='bbox 240 2150 382 2202; x_wconf 81' lang='lat' dir='ltr'>modi</span> <span class='ocrx_word' id='word_1_245' title='bbox 402 2150 540 2215; x_wconf 80' lang='lat' dir='ltr'>sitis,</span> <span class='ocrx_word' id='word_1_246' title='bbox 563 2149 831 2219; x_wconf 76' lang='lat' dir='ltr'>jejunium</span> <span class='ocrx_word' id='word_1_247' title='bbox 847 2158 1074 2204; x_wconf 80' lang='lat' dir='ltr'>vestrum</span> <span class='ocrx_word' id='word_1_248' title='bbox 1101 2166 1205 2205; x_wconf 84' lang='lat' dir='ltr'>nau</span> <span class='ocrx_word' id='word_1_249' title='bbox 1236 2153 1555 2207; x_wconf 80' lang='lat' dir='ltr'>exaudiam:</span> <span class='ocrx_word' id='word_1_250' title='bbox 1579 2154 1831 2223; x_wconf 83' lang='lat' dir='ltr'>quoniam</span> 
     </span>
     <span class='ocr_line' id='line_1_32' title="bbox 238 2237 1830 2311; baseline 0.004 -21"><span class='ocrx_word' id='word_1_251' title='bbox 238 2239 336 2291; x_wconf 77' lang='lat' dir='ltr'>liae</span> <span class='ocrx_word' id='word_1_252' title='bbox 368 2253 471 2293; x_wconf 81' lang='lat' dir='ltr'>non</span> <span class='ocrx_word' id='word_1_253' title='bbox 515 2248 590 2293; x_wconf 85' lang='lat' dir='ltr'>est</span> <span class='ocrx_word' id='word_1_254' title='bbox 638 2237 907 2308; x_wconf 77' lang='lat' dir='ltr'>jejunium</span> <span class='ocrx_word' id='word_1_255' title='bbox 955 2241 1096 2307; x_wconf 80' lang='lat' dir='ltr'>qnod</span> <span class='ocrx_word' id='word_1_256' title='bbox 1145 2240 1276 2311; x_wconf 66' lang='lat' dir='ltr'>elegi</span> <span class='ocrx_word' id='word_1_257' title='bbox 1298 2279 1315 2306; x_wconf 85' lang='lat'>,</span> <span class='ocrx_word' id='word_1_258' title='bbox 1361 2241 1495 2295; x_wconf 72' lang='lat' dir='ltr'>dixit</span> <span class='ocrx_word' id='word_1_259' title='bbox 1555 2241 1830 2296; x_wconf 85' lang='lat' dir='ltr'>Dominus.</span> 
     </span>
     <span class='ocr_line' id='line_1_33' title="bbox 238 2327 1832 2405; baseline 0.004 -24"><span class='ocrx_word' id='word_1_260' title='bbox 238 2327 505 2384; x_wconf 59' lang='lat' dir='ltr'>Praeterea</span> <span class='ocrx_word' id='word_1_261' title='bbox 535 2329 612 2383; x_wconf 90' lang='lat' dir='ltr'>ait</span> <span class='ocrx_word' id='word_1_262' title='bbox 661 2345 676 2383; x_wconf 75' lang='grc' dir='ltr'><strong><em>ε</em></strong></span> <span class='ocrx_word' id='word_1_263' title='bbox 705 2328 938 2384; x_wconf 84' lang='lat' dir='ltr'>Etiamsi</span> <span class='ocrx_word' id='word_1_264' title='bbox 965 2331 1181 2387; x_wconf 85' lang='lat' dir='ltr'>torseris</span> <span class='ocrx_word' id='word_1_265' title='bbox 1231 2332 1426 2387; x_wconf 79' lang='lat' dir='ltr'>collum</span> <span class='ocrx_word' id='word_1_266' title='bbox 1474 2340 1624 2387; x_wconf 86' lang='lat' dir='ltr'>tuum</span> <span class='ocrx_word' id='word_1_267' title='bbox 1679 2334 1832 2405; x_wconf 79' lang='lat' dir='ltr'>quasi</span> 
     </span>
     <span class='ocr_line' id='line_1_34' title="bbox 237 2421 1835 2492; baseline 0.006 -19"><span class='ocrx_word' id='word_1_268' title='bbox 237 2421 514 2487; x_wconf 79' lang='lat' dir='ltr'>circulum,</span> <span class='ocrx_word' id='word_1_269' title='bbox 545 2431 596 2476; x_wconf 85' lang='lat' dir='ltr'>et</span> <span class='ocrx_word' id='word_1_270' title='bbox 629 2438 784 2478; x_wconf 78' lang='lat' dir='ltr'>sacco</span> <span class='ocrx_word' id='word_1_271' title='bbox 811 2424 1028 2477; x_wconf 82' lang='lat' dir='ltr'>indutus</span> <span class='ocrx_word' id='word_1_272' title='bbox 1057 2424 1242 2492; x_wconf 74' lang='lat' dir='ltr'>fueris,</span> <span class='ocrx_word' id='word_1_273' title='bbox 1294 2432 1344 2479; x_wconf 82' lang='lat' dir='ltr'>et</span> <span class='ocrx_word' id='word_1_274' title='bbox 1391 2425 1618 2480; x_wconf 85' lang='lat' dir='ltr'>cinerem</span> <span class='ocrx_word' id='word_1_275' title='bbox 1642 2436 1835 2482; x_wconf 76' lang='lat' dir='ltr'>strave-</span> 
     </span>
     <span class='ocr_line' id='line_1_35' title="bbox 238 2513 1529 2583; baseline 0.003 -17"><span class='ocrx_word' id='word_1_276' title='bbox 238 2513 311 2567; x_wconf 87' lang='lat' dir='ltr'>ris</span> <span class='ocrx_word' id='word_1_277' title='bbox 326 2527 348 2577; x_wconf 81' lang='lat'>3</span> <span class='ocrx_word' id='word_1_278' title='bbox 371 2514 588 2567; x_wconf 82' lang='lat' dir='ltr'>minime</span> <span class='ocrx_word' id='word_1_279' title='bbox 615 2513 991 2583; x_wconf 62' lang='lat' dir='ltr'>hot-jejunium</span> <span class='ocrx_word' id='word_1_280' title='bbox 1016 2513 1335 2583; x_wconf 77' lang='lat' dir='ltr'>acceptabile</span> <span class='ocrx_word' id='word_1_281' title='bbox 1361 2524 1440 2569; x_wconf 84' lang='lat' dir='ltr'>est</span> <span class='ocrx_word' id='word_1_282' title='bbox 1457 2515 1529 2570; x_wconf 78' lang='lat'>⁸⁸.</span> 
     </span>
    </p>

    <p class='ocr_par' dir='ltr' id='par_1_8' title="bbox 239 2603 1836 3047">
     <span class='ocr_line' id='line_1_36' title="bbox 315 2603 1832 2677; baseline 0.003 -16"><span class='ocrx_word' id='word_1_283' title='bbox 315 2603 523 2661; x_wconf 86' lang='lat' dir='ltr'>Scitote</span> <span class='ocrx_word' id='word_1_284' title='bbox 551 2606 755 2677; x_wconf 86' lang='lat' dir='ltr'>itaque,</span> <span class='ocrx_word' id='word_1_285' title='bbox 801 2606 956 2662; x_wconf 83' lang='lat' dir='ltr'>lilioli</span> <span class='ocrx_word' id='word_1_286' title='bbox 991 2606 1122 2674; x_wconf 84' lang='lat' dir='ltr'>mei,</span> <span class='ocrx_word' id='word_1_287' title='bbox 1154 2607 1268 2662; x_wconf 81' lang='lat' dir='ltr'>haec</span> <span class='ocrx_word' id='word_1_288' title='bbox 1293 2622 1416 2664; x_wconf 87' lang='lat' dir='ltr'>esse</span> <span class='ocrx_word' id='word_1_289' title='bbox 1442 2608 1653 2665; x_wconf 83' lang='lat' dir='ltr'>fructus</span> <span class='ocrx_word' id='word_1_290' title='bbox 1676 2623 1832 2665; x_wconf 88' lang='lat' dir='ltr'>mor·</span> 
     </span>
     <span class='ocr_line' id='line_1_37' title="bbox 241 2696 1836 2768; baseline 0.006 -19"><span class='ocrx_word' id='word_1_291' title='bbox 241 2706 366 2750; x_wconf 89' lang='lat' dir='ltr'>tuos</span> <span class='ocrx_word' id='word_1_292' title='bbox 393 2712 408 2748; x_wconf 77' lang='lat' dir='ltr'>z</span> <span class='ocrx_word' id='word_1_293' title='bbox 451 2696 580 2750; x_wconf 89' lang='lat' dir='ltr'>binc</span> <span class='ocrx_word' id='word_1_294' title='bbox 598 2710 792 2752; x_wconf 89' lang='lat' dir='ltr'>omnes</span> <span class='ocrx_word' id='word_1_295' title='bbox 815 2711 878 2752; x_wconf 89' lang='lat' dir='ltr'>ea</span> <span class='ocrx_word' id='word_1_296' title='bbox 906 2707 1291 2768; x_wconf 78' lang='lat' dir='ltr'>perpetrantes</span> <span class='ocrx_word' id='word_1_297' title='bbox 1316 2712 1424 2753; x_wconf 92' lang='lat' dir='ltr'>non</span> <span class='ocrx_word' id='word_1_298' title='bbox 1448 2700 1670 2755; x_wconf 82' lang='lat' dir='ltr'>exaudit</span> <span class='ocrx_word' id='word_1_299' title='bbox 1693 2700 1836 2759; x_wconf 86' lang='lat' dir='ltr'>Deus</span> 
     </span>
     <span class='ocr_line' id='line_1_38' title="bbox 239 2786 1830 2861; baseline 0.004 -19"><span class='ocrx_word' id='word_1_300' title='bbox 239 2800 366 2842; x_wconf 81' lang='lat' dir='ltr'>curn</span> <span class='ocrx_word' id='word_1_301' title='bbox 404 2786 772 2855; x_wconf 85' lang='lat' dir='ltr'>deprecantur</span> <span class='ocrx_word' id='word_1_302' title='bbox 798 2787 969 2853; x_wconf 80' lang='lat' dir='ltr'>illum.</span> <span class='ocrx_word' id='word_1_303' title='bbox 996 2789 1089 2844; x_wconf 90' lang='lat' dir='ltr'>sed</span> <span class='ocrx_word' id='word_1_304' title='bbox 1123 2791 1298 2860; x_wconf 84' lang='lat' dir='ltr'>magis</span> <span class='ocrx_word' id='word_1_305' title='bbox 1330 2804 1424 2847; x_wconf 87' lang='lat' dir='ltr'>eos</span> <span class='ocrx_word' id='word_1_306' title='bbox 1451 2793 1830 2861; x_wconf 87' lang='lat' dir='ltr'>reprehendet.</span> 
     </span>
     <span class='ocr_line' id='line_1_39' title="bbox 249 2879 1834 2951; baseline 0.004 -16"><span class='ocrx_word' id='word_1_307' title='bbox 249 2879 604 2951; x_wconf 78' lang='lat' dir='ltr'>Evangelium</span> <span class='ocrx_word' id='word_1_308' title='bbox 640 2895 855 2951; x_wconf 86' lang='lat' dir='ltr'>quoque</span> <span class='ocrx_word' id='word_1_309' title='bbox 895 2892 1143 2937; x_wconf 84' lang='lat' dir='ltr'>sanctum</span> <span class='ocrx_word' id='word_1_310' title='bbox 1174 2884 1278 2939; x_wconf 89' lang='lat' dir='ltr'>boc</span> <span class='ocrx_word' id='word_1_311' title='bbox 1311 2883 1469 2940; x_wconf 89' lang='lat' dir='ltr'>nobis</span> <span class='ocrx_word' id='word_1_312' title='bbox 1490 2887 1729 2941; x_wconf 78' lang='lat' dir='ltr'>ostendit</span> <span class='ocrx_word' id='word_1_313' title='bbox 1755 2888 1834 2942; x_wconf 91' lang='lat' dir='ltr'>di-</span> 
     </span>
     <span class='ocr_line' id='line_1_40' title="bbox 246 2971 1832 3047; baseline 0.003 -20"><span class='ocrx_word' id='word_1_314' title='bbox 246 2987 379 3028; x_wconf 83' lang='lat' dir='ltr'>cens</span> <span class='ocrx_word' id='word_1_315' title='bbox 402 2989 417 3028; x_wconf 76' lang='grc' dir='ltr'><em>τ</em></span> <span class='ocrx_word' id='word_1_316' title='bbox 439 2971 501 3028; x_wconf 85' lang='lat' dir='ltr'>Si</span> <span class='ocrx_word' id='word_1_317' title='bbox 523 2988 647 3043; x_wconf 74' lang='lat' dir='ltr'>erqo</span> <span class='ocrx_word' id='word_1_318' title='bbox 684 2973 863 3027; x_wconf 81' lang='lat' dir='ltr'>lumen</span> <span class='ocrx_word' id='word_1_319' title='bbox 884 2974 1026 3040; x_wconf 74' lang='lat' dir='ltr'>quod</span> <span class='ocrx_word' id='word_1_320' title='bbox 1054 2976 1106 3028; x_wconf 92' lang='lat' dir='ltr'>in</span> <span class='ocrx_word' id='word_1_321' title='bbox 1141 2975 1283 3030; x_wconf 76' lang='lat' dir='ltr'>vobis</span> <span class='ocrx_word' id='word_1_322' title='bbox 1313 2986 1410 3043; x_wconf 86' lang='lat' dir='ltr'>est,</span> <span class='ocrx_word' id='word_1_323' title='bbox 1434 2977 1661 3032; x_wconf 72' lang='lat' dir='ltr'>tenebrae</span> <span class='ocrx_word' id='word_1_324' title='bbox 1679 2992 1832 3047; x_wconf 81' lang='lat' dir='ltr'>sunt,-</span> 
     </span>
    </p>
   </div>
   <div class='ocr_carea' id='block_1_8' title="bbox 244 3063 1901 3166">
    <p class='ocr_par' dir='ltr' id='par_1_9' title="bbox 244 3063 1901 3166">
     <span class='ocr_line' id='line_1_41' title="bbox 244 3063 1901 3166; baseline 0.006 -48"><span class='ocrx_word' id='word_1_325' title='bbox 244 3063 610 3134; x_wconf 77' lang='lat' dir='ltr'>ipsoetenebroe</span> <span class='ocrx_word' id='word_1_326' title='bbox 653 3067 781 3135; x_wconf 85' lang='lat' dir='ltr'>quid</span> <span class='ocrx_word' id='word_1_327' title='bbox 805 3076 958 3120; x_wconf 88' lang='lat' dir='ltr'>erunt</span> <span class='ocrx_word' id='word_1_328' title='bbox 1004 3066 1094 3121; x_wconf 75' lang='lat'>⁸⁸2</span> <span class='ocrx_word' id='word_1_329' title='bbox 1121 3066 1395 3138; x_wconf 81' lang='lat' dir='ltr'>Propheta</span> <span class='ocrx_word' id='word_1_330' title='bbox 1427 3069 1592 3124; x_wconf 88' lang='lat' dir='ltr'>etiam</span> <span class='ocrx_word' id='word_1_331' title='bbox 1626 3069 1736 3126; x_wconf 91' lang='lat' dir='ltr'>alio</span> <span class='ocrx_word' id='word_1_332' title='bbox 1773 3072 1827 3128; x_wconf 93' lang='lat' dir='ltr'>in</span> <span class='ocrx_word' id='word_1_333' title='bbox 1856 3107 1901 3166; x_wconf 73' lang='lat' dir='ltr'>C</span> 
     </span>
    </p>
   </div>
   <div class='ocr_carea' id='block_1_9' title="bbox 239 3157 1835 4427">
    <p class='ocr_par' dir='ltr' id='par_1_10' title="bbox 239 3157 1835 4427">
     <span class='ocr_line' id='line_1_42' title="bbox 241 3157 1830 3235; baseline 0.005 -22"><span class='ocrx_word' id='word_1_334' title='bbox 241 3157 362 3216; x_wconf 85' lang='lat' dir='ltr'>loco</span> <span class='ocrx_word' id='word_1_335' title='bbox 401 3159 567 3215; x_wconf 65' lang='lat' dir='ltr'>dicits</span> <span class='ocrx_word' id='word_1_336' title='bbox 606 3158 794 3215; x_wconf 82' lang='lat' dir='ltr'>Omnis</span> <span class='ocrx_word' id='word_1_337' title='bbox 834 3162 1040 3230; x_wconf 75' lang='lat' dir='ltr'>quidem</span> <span class='ocrx_word' id='word_1_338' title='bbox 1088 3159 1306 3231; x_wconf 71' lang='lat' dir='ltr'>justitia</span> <span class='ocrx_word' id='word_1_339' title='bbox 1354 3173 1524 3218; x_wconf 78' lang='lat' dir='ltr'>cestra</span> <span class='ocrx_word' id='word_1_340' title='bbox 1551 3181 1706 3235; x_wconf 87' lang='lat' dir='ltr'>penes</span> <span class='ocrx_word' id='word_1_341' title='bbox 1750 3184 1830 3221; x_wconf 83' lang='lat' dir='ltr'>nte</span> 
     </span>
     <span class='ocr_line' id='line_1_43' title="bbox 239 3253 1835 3331; baseline 0.003 -23"><span class='ocrx_word' id='word_1_342' title='bbox 239 3262 320 3308; x_wconf 84' lang='lat' dir='ltr'>est</span> <span class='ocrx_word' id='word_1_343' title='bbox 359 3263 610 3323; x_wconf 77' lang='lat' dir='ltr'>tanquam</span> <span class='ocrx_word' id='word_1_344' title='bbox 642 3262 1001 3309; x_wconf 75' lang='lat' dir='ltr'>assumentum</span> <span class='ocrx_word' id='word_1_345' title='bbox 1033 3253 1459 3311; x_wconf 71' lang='lat' dir='ltr'>nienstrtratae“.</span> <span class='ocrx_word' id='word_1_346' title='bbox 1480 3253 1616 3312; x_wconf 87' lang='lat' dir='ltr'>Cum</span> <span class='ocrx_word' id='word_1_347' title='bbox 1646 3257 1835 3331; x_wconf 79' lang='lat' dir='ltr'>itaque</span> 
     </span>
     <span class='ocr_line' id='line_1_44' title="bbox 240 3345 1833 3417; baseline 0.004 -17"><span class='ocrx_word' id='word_1_348' title='bbox 240 3346 650 3417; x_wconf 62' lang='lat' dir='ltr'>cognoverim,</span> <span class='ocrx_word' id='word_1_349' title='bbox 691 3345 844 3400; x_wconf 82' lang='lat' dir='ltr'>lilioli</span> <span class='ocrx_word' id='word_1_350' title='bbox 872 3347 976 3403; x_wconf 89' lang='lat' dir='ltr'>mei</span> <span class='ocrx_word' id='word_1_351' title='bbox 1026 3346 1414 3414; x_wconf 86' lang='lat' dir='ltr'>dilectissimi,</span> <span class='ocrx_word' id='word_1_352' title='bbox 1477 3349 1576 3405; x_wconf 88' lang='lat' dir='ltr'>hos</span> <span class='ocrx_word' id='word_1_353' title='bbox 1621 3348 1833 3406; x_wconf 80' lang='lat' dir='ltr'>fructas</span> 
     </span>
     <span class='ocr_line' id='line_1_45' title="bbox 242 3439 1830 3510; baseline 0.005 -19"><span class='ocrx_word' id='word_1_354' title='bbox 242 3447 521 3505; x_wconf 71' lang='lat' dir='ltr'>mortuos:</span> <span class='ocrx_word' id='word_1_355' title='bbox 554 3441 621 3494; x_wconf 87' lang='lat' dir='ltr'>de</span> <span class='ocrx_word' id='word_1_356' title='bbox 657 3454 929 3510; x_wconf 87' lang='lat' dir='ltr'>quoquam</span> <span class='ocrx_word' id='word_1_357' title='bbox 958 3441 1171 3495; x_wconf 90' lang='lat' dir='ltr'>illorum</span> <span class='ocrx_word' id='word_1_358' title='bbox 1209 3439 1426 3496; x_wconf 84' lang='lat' dir='ltr'>solliciti</span> <span class='ocrx_word' id='word_1_359' title='bbox 1454 3456 1578 3498; x_wconf 87' lang='lat' dir='ltr'>esse</span> <span class='ocrx_word' id='word_1_360' title='bbox 1617 3443 1830 3509; x_wconf 88' lang='lat' dir='ltr'>nolitis,</span> 
     </span>
     <span class='ocr_line' id='line_1_46' title="bbox 243 3532 1829 3601; baseline 0.005 -17"><span class='ocrx_word' id='word_1_361' title='bbox 243 3544 312 3584; x_wconf 79' lang='lat' dir='ltr'>ne</span> <span class='ocrx_word' id='word_1_362' title='bbox 367 3542 723 3601; x_wconf 84' lang='lat' dir='ltr'>corrumpant</span> <span class='ocrx_word' id='word_1_363' title='bbox 771 3532 980 3587; x_wconf 80' lang='lat' dir='ltr'>fructus</span> <span class='ocrx_word' id='word_1_364' title='bbox 1028 3541 1240 3587; x_wconf 74' lang='lat' dir='ltr'>vestros</span> <span class='ocrx_word' id='word_1_365' title='bbox 1279 3533 1434 3588; x_wconf 77' lang='lat' dir='ltr'>vivos</span> <span class='ocrx_word' id='word_1_366' title='bbox 1460 3535 1829 3592; x_wconf 83' lang='lat' dir='ltr'>rationabiles.</span> 
     </span>
     <span class='ocr_line' id='line_1_47' title="bbox 240 3619 1834 3694; baseline 0.003 -18"><span class='ocrx_word' id='word_1_367' title='bbox 240 3619 354 3691; x_wconf 81' lang='lat' dir='ltr'>Ego</span> <span class='ocrx_word' id='word_1_368' title='bbox 378 3631 556 3677; x_wconf 88' lang='lat' dir='ltr'>autem</span> <span class='ocrx_word' id='word_1_369' title='bbox 591 3622 816 3692; x_wconf 80' lang='lat' dir='ltr'>supplex</span> <span class='ocrx_word' id='word_1_370' title='bbox 867 3622 1033 3678; x_wconf 85' lang='lat' dir='ltr'>Deum</span> <span class='ocrx_word' id='word_1_371' title='bbox 1087 3638 1186 3678; x_wconf 93' lang='lat' dir='ltr'>oro</span> <span class='ocrx_word' id='word_1_372' title='bbox 1216 3639 1315 3694; x_wconf 87' lang='lat' dir='ltr'>pro</span> <span class='ocrx_word' id='word_1_373' title='bbox 1347 3624 1501 3680; x_wconf 82' lang='lat' dir='ltr'>vobis</span> <span class='ocrx_word' id='word_1_374' title='bbox 1525 3664 1541 3690; x_wconf 89' lang='lat'><strong>‚</strong></span> <span class='ocrx_word' id='word_1_375' title='bbox 1571 3633 1633 3680; x_wconf 90' lang='lat' dir='ltr'>ut</span> <span class='ocrx_word' id='word_1_376' title='bbox 1656 3640 1685 3680; x_wconf 92' lang='lat' dir='ltr'>a</span> <span class='ocrx_word' id='word_1_377' title='bbox 1709 3641 1834 3681; x_wconf 89' lang='lat' dir='ltr'>cor·</span> 
     </span>
     <span class='ocr_line' id='line_1_48' title="bbox 243 3713 1832 3790; baseline 0.005 -24"><span class='ocrx_word' id='word_1_378' title='bbox 243 3714 495 3782; x_wconf 89' lang='lat' dir='ltr'>ruptione</span> <span class='ocrx_word' id='word_1_379' title='bbox 517 3724 701 3769; x_wconf 83' lang='lat' dir='ltr'>servet</span> <span class='ocrx_word' id='word_1_380' title='bbox 731 3713 940 3770; x_wconf 78' lang='lat' dir='ltr'>fructus</span> <span class='ocrx_word' id='word_1_381' title='bbox 998 3725 1230 3785; x_wconf 85' lang='lat' dir='ltr'>vestros,</span> <span class='ocrx_word' id='word_1_382' title='bbox 1270 3731 1476 3788; x_wconf 86' lang='lat' dir='ltr'>eosque</span> <span class='ocrx_word' id='word_1_383' title='bbox 1510 3717 1832 3790; x_wconf 87' lang='lat' dir='ltr'>multiplicet</span> 
     </span>
     <span class='ocr_line' id='line_1_49' title="bbox 243 3803 1829 3881; baseline 0.006 -24"><span class='ocrx_word' id='word_1_384' title='bbox 243 3803 615 3876; x_wconf 80' lang='lat' dir='ltr'>adaugeatque</span> <span class='ocrx_word' id='word_1_385' title='bbox 682 3806 738 3860; x_wconf 92' lang='lat' dir='ltr'>in</span> <span class='ocrx_word' id='word_1_386' title='bbox 797 3806 1031 3875; x_wconf 80' lang='lat' dir='ltr'>gratiam</span> <span class='ocrx_word' id='word_1_387' title='bbox 1070 3816 1311 3864; x_wconf 83' lang='lat' dir='ltr'>vestram</span> <span class='ocrx_word' id='word_1_388' title='bbox 1361 3809 1700 3881; x_wconf 87' lang='lat' dir='ltr'>etgaudium</span> <span class='ocrx_word' id='word_1_389' title='bbox 1733 3826 1829 3866; x_wconf 76' lang='lat' dir='ltr'>ve-</span> 
     </span>
     <span class='ocr_line' id='line_1_50' title="bbox 247 3897 1830 3971; baseline 0.003 -23"><span class='ocrx_word' id='word_1_390' title='bbox 247 3902 417 3950; x_wconf 78' lang='lat' dir='ltr'>stiunt</span> <span class='ocrx_word' id='word_1_391' title='bbox 446 3904 500 3950; x_wconf 89' lang='lat' dir='ltr'>et</span> <span class='ocrx_word' id='word_1_392' title='bbox 533 3897 879 3954; x_wconf 88' lang='lat' dir='ltr'>dilectionem</span> <span class='ocrx_word' id='word_1_393' title='bbox 934 3898 1162 3953; x_wconf 78' lang='lat' dir='ltr'>fratrum</span> <span class='ocrx_word' id='word_1_394' title='bbox 1203 3909 1258 3956; x_wconf 90' lang='lat' dir='ltr'>et</span> <span class='ocrx_word' id='word_1_395' title='bbox 1288 3914 1585 3969; x_wconf 87' lang='lat' dir='ltr'>pauperum</span> <span class='ocrx_word' id='word_1_396' title='bbox 1613 3915 1629 3967; x_wconf 87' lang='lat'>;</span> <span class='ocrx_word' id='word_1_397' title='bbox 1658 3911 1713 3956; x_wconf 88' lang='lat' dir='ltr'>et</span> <span class='ocrx_word' id='word_1_398' title='bbox 1733 3919 1830 3971; x_wconf 66' lang='lat' dir='ltr'>‹ip-</span> 
     </span>
     <span class='ocr_line' id='line_1_51' title="bbox 245 3986 1828 4062; baseline 0.006 -24"><span class='ocrx_word' id='word_1_399' title='bbox 245 3986 404 4042; x_wconf 85' lang='lat' dir='ltr'>timas</span> <span class='ocrx_word' id='word_1_400' title='bbox 427 3998 636 4044; x_wconf 80' lang='lat' dir='ltr'>vestras</span> <span class='ocrx_word' id='word_1_401' title='bbox 658 3991 887 4046; x_wconf 87' lang='lat' dir='ltr'>virtutes</span> <span class='ocrx_word' id='word_1_402' title='bbox 924 4002 1247 4062; x_wconf 83' lang='lat' dir='ltr'>vestrosque</span> <span class='ocrx_word' id='word_1_403' title='bbox 1281 3990 1489 4046; x_wconf 79' lang='lat' dir='ltr'>fructus</span> <span class='ocrx_word' id='word_1_404' title='bbox 1513 4007 1671 4047; x_wconf 83' lang='lat' dir='ltr'>veros</span> <span class='ocrx_word' id='word_1_405' title='bbox 1703 4007 1828 4062; x_wconf 83' lang='lat' dir='ltr'>pcr-</span> 
     </span>
     <span class='ocr_line' id='line_1_52' title="bbox 241 4074 1825 4151; baseline 0.004 -20"><span class='ocrx_word' id='word_1_406' title='bbox 241 4074 413 4145; x_wconf 81' lang='lat' dir='ltr'>ssciat,</span> <span class='ocrx_word' id='word_1_407' title='bbox 448 4079 627 4135; x_wconf 86' lang='lat' dir='ltr'>donec</span> <span class='ocrx_word' id='word_1_408' title='bbox 654 4082 1008 4151; x_wconf 72' lang='lat' dir='ltr'>egrediamini</span> <span class='ocrx_word' id='word_1_409' title='bbox 1030 4084 1098 4138; x_wconf 89' lang='lat' dir='ltr'>ab</span> <span class='ocrx_word' id='word_1_410' title='bbox 1127 4084 1230 4138; x_wconf 88' lang='lat' dir='ltr'>hoc</span> <span class='ocrx_word' id='word_1_411' title='bbox 1255 4081 1528 4138; x_wconf 85' lang='lat' dir='ltr'>domicilio</span> <span class='ocrx_word' id='word_1_412' title='bbox 1556 4094 1627 4140; x_wconf 86' lang='lat' dir='ltr'>et.</span> <span class='ocrx_word' id='word_1_413' title='bbox 1663 4083 1825 4140; x_wconf 88' lang='lat' dir='ltr'>simul</span> 
     </span>
     <span class='ocr_line' id='line_1_53' title="bbox 241 4173 1826 4244; baseline 0.005 -19"><span class='ocrx_word' id='word_1_414' title='bbox 241 4173 580 4228; x_wconf 79' lang='lat' dir='ltr'>conveniatis</span> <span class='ocrx_word' id='word_1_415' title='bbox 616 4173 670 4228; x_wconf 91' lang='lat' dir='ltr'>in</span> <span class='ocrx_word' id='word_1_416' title='bbox 710 4175 886 4230; x_wconf 87' lang='lat' dir='ltr'>locum</span> <span class='ocrx_word' id='word_1_417' title='bbox 915 4175 1090 4239; x_wconf 85' lang='lat' dir='ltr'>illum,</span> <span class='ocrx_word' id='word_1_418' title='bbox 1126 4176 1181 4230; x_wconf 93' lang='lat' dir='ltr'>in</span> <span class='ocrx_word' id='word_1_419' title='bbox 1217 4188 1325 4244; x_wconf 85' lang='lat' dir='ltr'>qno</span> <span class='ocrx_word' id='word_1_420' title='bbox 1356 4189 1463 4230; x_wconf 88' lang='lat' dir='ltr'>non</span> <span class='ocrx_word' id='word_1_421' title='bbox 1495 4185 1580 4231; x_wconf 86' lang='lat' dir='ltr'>est</span> <span class='ocrx_word' id='word_1_422' title='bbox 1603 4178 1826 4234; x_wconf 84' lang='lat' dir='ltr'>morbus</span> 
     </span>
     <span class='ocr_line' id='line_1_54' title="bbox 242 4265 1827 4336; baseline 0.006 -20"><span class='ocrx_word' id='word_1_423' title='bbox 242 4276 418 4333; x_wconf 85' lang='lat' dir='ltr'>neque</span> <span class='ocrx_word' id='word_1_424' title='bbox 449 4266 702 4334; x_wconf 81' lang='lat' dir='ltr'>angustia</span> <span class='ocrx_word' id='word_1_425' title='bbox 751 4280 926 4336; x_wconf 84' lang='lat' dir='ltr'>neque</span> <span class='ocrx_word' id='word_1_426' title='bbox 971 4265 1193 4326; x_wconf 85' lang='lat' dir='ltr'>malum,</span> <span class='ocrx_word' id='word_1_427' title='bbox 1230 4265 1322 4319; x_wconf 91' lang='lat' dir='ltr'>sed</span> <span class='ocrx_word' id='word_1_428' title='bbox 1353 4266 1705 4335; x_wconf 83' lang='lat' dir='ltr'>gaudium‚et</span> <span class='ocrx_word' id='word_1_429' title='bbox 1742 4269 1827 4325; x_wconf 81' lang='lat' dir='ltr'>la:-</span> 
     </span>
     <span class='ocr_line' id='line_1_55' title="bbox 243 4355 1822 4427; baseline 0.004 -20"><span class='ocrx_word' id='word_1_430' title='bbox 243 4355 385 4422; x_wconf 86' lang='lat' dir='ltr'>titia,</span> <span class='ocrx_word' id='word_1_431' title='bbox 413 4365 468 4410; x_wconf 93' lang='lat' dir='ltr'>et</span> <span class='ocrx_word' id='word_1_432' title='bbox 505 4357 694 4427; x_wconf 87' lang='lat' dir='ltr'>gloria,</span> <span class='ocrx_word' id='word_1_433' title='bbox 727 4366 783 4411; x_wconf 90' lang='lat' dir='ltr'>et</span> <span class='ocrx_word' id='word_1_434' title='bbox 815 4371 1058 4420; x_wconf 70' lang='lat' dir='ltr'>coronae,</span> <span class='ocrx_word' id='word_1_435' title='bbox 1091 4367 1144 4412; x_wconf 89' lang='lat' dir='ltr'>et</span> <span class='ocrx_word' id='word_1_436' title='bbox 1172 4356 1500 4423; x_wconf 86' lang='lat' dir='ltr'>diademata,</span> <span class='ocrx_word' id='word_1_437' title='bbox 1530 4366 1585 4412; x_wconf 89' lang='lat' dir='ltr'>et</span> <span class='ocrx_word' id='word_1_438' title='bbox 1611 4356 1822 4414; x_wconf 77' lang='lat' dir='ltr'>fructus</span> 
     </span>
    </p>
   </div>
   <div class='ocr_carea' id='block_1_10' title="bbox 1924 1865 3487 4443">
    <p class='ocr_par' dir='ltr' id='par_1_11' title="bbox 1924 1865 3487 4443">
     <span class='ocr_line' id='line_1_56' title="bbox 2007 1865 3483 1947; baseline 0.01 -26"><span class='ocrx_word' id='word_1_439' title='bbox 2007 1865 2227 1922; x_wconf 83' lang='lat' dir='ltr'>l‘oterat</span> <span class='ocrx_word' id='word_1_440' title='bbox 2256 1869 2456 1939; x_wconf 87' lang='lat' dir='ltr'>qnippe</span> <span class='ocrx_word' id='word_1_441' title='bbox 2482 1870 2763 1927; x_wconf 75' lang='lat' dir='ltr'>Abraham</span> <span class='ocrx_word' id='word_1_442' title='bbox 2808 1871 3048 1944; x_wconf 87' lang='lat' dir='ltr'>ubique</span> <span class='ocrx_word' id='word_1_443' title='bbox 3080 1876 3193 1933; x_wconf 84' lang='lat' dir='ltr'>sibi</span> <span class='ocrx_word' id='word_1_444' title='bbox 3227 1880 3483 1947; x_wconf 71' lang='lat' dir='ltr'>palatiaai-</span> 
     </span>
     <span class='ocr_line' id='line_1_57' title="bbox 1938 1955 3484 2034; baseline 0.01 -24"><span class='ocrx_word' id='word_1_445' title='bbox 1938 1955 2100 2012; x_wconf 74' lang='lat' dir='ltr'>tlt-arc</span> <span class='ocrx_word' id='word_1_446' title='bbox 2125 1957 2195 2013; x_wconf 93' lang='lat' dir='ltr'>ob</span> <span class='ocrx_word' id='word_1_447' title='bbox 2229 1957 2425 2013; x_wconf 91' lang='lat' dir='ltr'>multas</span> <span class='ocrx_word' id='word_1_448' title='bbox 2453 1959 2691 2028; x_wconf 75' lang='lat' dir='ltr'>divitiaS‚</span> <span class='ocrx_word' id='word_1_449' title='bbox 2722 1976 2870 2034; x_wconf 77' lang='lat' dir='ltr'>quae</span> <span class='ocrx_word' id='word_1_450' title='bbox 2901 1963 2958 2020; x_wconf 90' lang='lat' dir='ltr'>ci</span> <span class='ocrx_word' id='word_1_451' title='bbox 3003 1964 3184 2023; x_wconf 78' lang='lat' dir='ltr'>l&#39;actae</span> <span class='ocrx_word' id='word_1_452' title='bbox 3213 1970 3484 2025; x_wconf 72' lang='lat' dir='ltr'>santi-ua</span> 
     </span>
     <span class='ocr_line' id='line_1_58' title="bbox 1935 2051 3483 2131; baseline 0.007 -28"><span class='ocrx_word' id='word_1_453' title='bbox 1935 2055 1990 2103; x_wconf 91' lang='lat' dir='ltr'>et</span> <span class='ocrx_word' id='word_1_454' title='bbox 2045 2058 2271 2119; x_wconf 80' lang='lat' dir='ltr'>argento</span> <span class='ocrx_word' id='word_1_455' title='bbox 2325 2058 2377 2104; x_wconf 90' lang='lat' dir='ltr'>et</span> <span class='ocrx_word' id='word_1_456' title='bbox 2428 2051 2601 2111; x_wconf 75' lang='lat' dir='ltr'>servis</span> <span class='ocrx_word' id='word_1_457' title='bbox 2649 2063 2707 2109; x_wconf 92' lang='lat' dir='ltr'>et</span> <span class='ocrx_word' id='word_1_458' title='bbox 2768 2056 3024 2113; x_wconf 85' lang='lat' dir='ltr'>ancillis</span> <span class='ocrx_word' id='word_1_459' title='bbox 3080 2068 3144 2115; x_wconf 89' lang='lat' dir='ltr'>et</span> <span class='ocrx_word' id='word_1_460' title='bbox 3183 2059 3426 2131; x_wconf 52' lang='lat' dir='ltr'>joncelia</span> <span class='ocrx_word' id='word_1_461' title='bbox 3450 2070 3483 2114; x_wconf 81' lang='lat' dir='ltr'>a</span> 
     </span>
     <span class='ocr_line' id='line_1_59' title="bbox 1937 2138 3484 2223; baseline 0.01 -31"><span class='ocrx_word' id='word_1_462' title='bbox 1937 2138 2118 2193; x_wconf 79' lang='lat' dir='ltr'>sciens</span> <span class='ocrx_word' id='word_1_463' title='bbox 2178 2140 2397 2211; x_wconf 86' lang='lat' dir='ltr'>quodsi</span> <span class='ocrx_word' id='word_1_464' title='bbox 2450 2142 2612 2197; x_wconf 89' lang='lat' dir='ltr'>corde</span> <span class='ocrx_word' id='word_1_465' title='bbox 2678 2148 3073 2217; x_wconf 75' lang='lat' dir='ltr'>paupertatis</span> <span class='ocrx_word' id='word_1_466' title='bbox 3124 2164 3326 2223; x_wconf 77' lang='lat' dir='ltr'>semper</span> <span class='ocrx_word' id='word_1_467' title='bbox 3356 2165 3484 2207; x_wconf 70' lang='lat' dir='ltr'>uns</span> 
     </span>
     <span class='ocr_line' id='line_1_60' title="bbox 1940 2233 3479 2302; baseline 0.012 -20"><span class='ocrx_word' id='word_1_468' title='bbox 1940 2236 2111 2297; x_wconf 76' lang='lat' dir='ltr'>esset,</span> <span class='ocrx_word' id='word_1_469' title='bbox 2158 2246 2431 2302; x_wconf 84' lang='lat' dir='ltr'>nunquam</span> <span class='ocrx_word' id='word_1_470' title='bbox 2466 2233 2916 2293; x_wconf 78' lang='lat' dir='ltr'>oblivisceretur</span> <span class='ocrx_word' id='word_1_471' title='bbox 2969 2240 3336 2298; x_wconf 82' lang='lat' dir='ltr'>multitudiuis</span> <span class='ocrx_word' id='word_1_472' title='bbox 3370 2244 3479 2298; x_wconf 69' lang='lat' dir='ltr'>hs·-</span> 
     </span>
     <span class='ocr_line' id='line_1_61' title="bbox 1937 2323 3470 2402; baseline 0.012 -28"><span class='ocrx_word' id='word_1_473' title='bbox 1937 2335 2055 2375; x_wconf 90' lang='lat' dir='ltr'>rum</span> <span class='ocrx_word' id='word_1_474' title='bbox 2100 2336 2221 2393; x_wconf 84' lang='lat' dir='ltr'>quae</span> <span class='ocrx_word' id='word_1_475' title='bbox 2256 2323 2330 2379; x_wconf 89' lang='lat' dir='ltr'>illi</span> <span class='ocrx_word' id='word_1_476' title='bbox 2364 2323 2491 2381; x_wconf 77' lang='lat' dir='ltr'>fecit</span> <span class='ocrx_word' id='word_1_477' title='bbox 2524 2326 2688 2393; x_wconf 82' lang='lat' dir='ltr'>Deus,</span> <span class='ocrx_word' id='word_1_478' title='bbox 2728 2328 2973 2387; x_wconf 85' lang='lat' dir='ltr'>idcireo</span> <span class='ocrx_word' id='word_1_479' title='bbox 3020 2333 3142 2391; x_wconf 82' lang='lat' dir='ltr'>boc</span> <span class='ocrx_word' id='word_1_480' title='bbox 3184 2335 3470 2402; x_wconf 70' lang='lat' dir='ltr'>misi-epm·</span> 
     </span>
     <span class='ocr_line' id='line_1_62' title="bbox 1937 2413 3456 2494; baseline 0.011 -25"><span class='ocrx_word' id='word_1_481' title='bbox 1937 2413 2099 2479; x_wconf 70' lang='lat' dir='ltr'>stitit,</span> <span class='ocrx_word' id='word_1_482' title='bbox 2128 2416 2225 2471; x_wconf 85' lang='lat' dir='ltr'>scd</span> <span class='ocrx_word' id='word_1_483' title='bbox 2256 2417 2564 2473; x_wconf 86' lang='lat' dir='ltr'>umbracula</span> <span class='ocrx_word' id='word_1_484' title='bbox 2611 2419 2891 2478; x_wconf 87' lang='lat' dir='ltr'>incoluit.</span> <span class='ocrx_word' id='word_1_485' title='bbox 2923 2421 3066 2493; x_wconf 83' lang='lat' dir='ltr'>Qua</span> <span class='ocrx_word' id='word_1_486' title='bbox 3117 2425 3189 2483; x_wconf 84' lang='lat' dir='ltr'>de</span> <span class='ocrx_word' id='word_1_487' title='bbox 3215 2440 3456 2494; x_wconf 52' lang='lat' dir='ltr'>mmm*</span> 
     </span>
     <span class='ocr_line' id='line_1_63' title="bbox 1936 2507 3444 2590; baseline 0.009 -30"><span class='ocrx_word' id='word_1_488' title='bbox 1936 2507 2048 2561; x_wconf 88' lang='lat' dir='ltr'>ruit</span> <span class='ocrx_word' id='word_1_489' title='bbox 2087 2507 2136 2563; x_wconf 92' lang='lat' dir='ltr'>ei</span> <span class='ocrx_word' id='word_1_490' title='bbox 2177 2507 2319 2564; x_wconf 87' lang='lat' dir='ltr'>Deus</span> <span class='ocrx_word' id='word_1_491' title='bbox 2354 2510 2486 2565; x_wconf 88' lang='lat' dir='ltr'>duos</span> <span class='ocrx_word' id='word_1_492' title='bbox 2534 2511 2750 2568; x_wconf 83' lang='lat' dir='ltr'>habens</span> <span class='ocrx_word' id='word_1_493' title='bbox 2801 2529 3020 2571; x_wconf 83' lang='lat' dir='ltr'>seeum</span> <span class='ocrx_word' id='word_1_494' title='bbox 3071 2515 3444 2590; x_wconf 55' lang='lat' dir='ltr'>angelomi-n·</span> 
     </span>
     <span class='ocr_line' id='line_1_64' title="bbox 1932 2597 3446 2678; baseline 0.013 -27"><span class='ocrx_word' id='word_1_495' title='bbox 1932 2597 2089 2670; x_wconf 75' lang='lat' dir='ltr'>Juxta</span> <span class='ocrx_word' id='word_1_496' title='bbox 2122 2600 2375 2656; x_wconf 88' lang='lat' dir='ltr'>arborem</span> <span class='ocrx_word' id='word_1_497' title='bbox 2402 2599 2666 2657; x_wconf 74' lang='lat' dir='ltr'>Mambre.</span> <span class='ocrx_word' id='word_1_498' title='bbox 2694 2603 2986 2678; x_wconf 81' lang='lat' dir='ltr'>Cumque</span> <span class='ocrx_word' id='word_1_499' title='bbox 3021 2606 3446 2668; x_wconf 59' lang='lat' dir='ltr'>sollicitatum&amp;</span> 
     </span>
     <span class='ocr_line' id='line_1_65' title="bbox 1937 2690 3464 2770; baseline 0.012 -26"><span class='ocrx_word' id='word_1_500' title='bbox 1937 2690 2168 2747; x_wconf 84' lang='lat' dir='ltr'>Domino</span> <span class='ocrx_word' id='word_1_501' title='bbox 2201 2700 2387 2750; x_wconf 88' lang='lat' dir='ltr'>nostro</span> <span class='ocrx_word' id='word_1_502' title='bbox 2420 2695 2747 2766; x_wconf 72' lang='lat' dir='ltr'>angelisque</span> <span class='ocrx_word' id='word_1_503' title='bbox 2799 2699 2971 2770; x_wconf 82' lang='lat' dir='ltr'>ejus,</span> <span class='ocrx_word' id='word_1_504' title='bbox 3035 2705 3244 2760; x_wconf 84' lang='lat' dir='ltr'>nemini</span> <span class='ocrx_word' id='word_1_505' title='bbox 3284 2714 3464 2760; x_wconf 64' lang='lat' dir='ltr'>sev!-</span> 
     </span>
     <span class='ocr_line' id='line_1_66' title="bbox 1938 2788 3469 2867; baseline 0.008 -29"><span class='ocrx_word' id='word_1_506' title='bbox 1938 2797 2159 2838; x_wconf 83' lang='lat' dir='ltr'>suornm</span> <span class='ocrx_word' id='word_1_507' title='bbox 2193 2788 2446 2857; x_wconf 68' lang='lat' dir='ltr'>praecepit</span> <span class='ocrx_word' id='word_1_508' title='bbox 2493 2798 2554 2843; x_wconf 92' lang='lat' dir='ltr'>ut</span> <span class='ocrx_word' id='word_1_509' title='bbox 2592 2804 2793 2861; x_wconf 82' lang='lat' dir='ltr'>ageret</span> <span class='ocrx_word' id='word_1_510' title='bbox 2831 2792 2891 2850; x_wconf 88' lang='lat' dir='ltr'>id</span> <span class='ocrx_word' id='word_1_511' title='bbox 2941 2797 3108 2866; x_wconf 78' lang='lat' dir='ltr'>qnod</span> <span class='ocrx_word' id='word_1_512' title='bbox 3146 2807 3469 2867; x_wconf 62' lang='lat' dir='ltr'>prestarent·</span> 
     </span>
     <span class='ocr_line' id='line_1_67' title="bbox 1937 2876 3478 2959; baseline 0.008 -29"><span class='ocrx_word' id='word_1_513' title='bbox 1937 2876 2223 2944; x_wconf 87' lang='lat' dir='ltr'>stituerat,</span> <span class='ocrx_word' id='word_1_514' title='bbox 2271 2892 2339 2934; x_wconf 87' lang='lat' dir='ltr'>ne</span> <span class='ocrx_word' id='word_1_515' title='bbox 2380 2878 2812 2938; x_wconf 81' lang='lat' dir='ltr'>oblivisceretur</span> <span class='ocrx_word' id='word_1_516' title='bbox 2857 2888 3088 2956; x_wconf 74' lang='lat' dir='ltr'>gratiae</span> <span class='ocrx_word' id='word_1_517' title='bbox 3119 2904 3265 2959; x_wconf 82' lang='lat' dir='ltr'>qaam</span> <span class='ocrx_word' id='word_1_518' title='bbox 3293 2888 3362 2943; x_wconf 83' lang='lat' dir='ltr'>illi</span> <span class='ocrx_word' id='word_1_519' title='bbox 3391 2900 3478 2943; x_wconf 74' lang='grc' dir='ltr'>αι·</span> 
     </span>
     <span class='ocr_line' id='line_1_68' title="bbox 1938 2972 3483 3053; baseline 0.008 -31"><span class='ocrx_word' id='word_1_520' title='bbox 1938 2978 2177 3024; x_wconf 87' lang='lat' dir='ltr'>cesserat</span> <span class='ocrx_word' id='word_1_521' title='bbox 2205 2979 2327 3041; x_wconf 88' lang='lat' dir='ltr'>post</span> <span class='ocrx_word' id='word_1_522' title='bbox 2365 2987 2516 3027; x_wconf 88' lang='lat' dir='ltr'>suam</span> <span class='ocrx_word' id='word_1_523' title='bbox 2549 2972 3037 3036; x_wconf 84' lang='lat' dir='ltr'>humiliationem</span> <span class='ocrx_word' id='word_1_524' title='bbox 3065 2991 3118 3038; x_wconf 86' lang='lat' dir='ltr'>et</span> <span class='ocrx_word' id='word_1_525' title='bbox 3140 2989 3483 3053; x_wconf 78' lang='lat' dir='ltr'>paupertate-2</span> 
     </span>
     <span class='ocr_line' id='line_1_69' title="bbox 1936 3064 3487 3146; baseline 0.012 -33"><span class='ocrx_word' id='word_1_526' title='bbox 1936 3075 2123 3117; x_wconf 79' lang='lat' dir='ltr'>verum</span> <span class='ocrx_word' id='word_1_527' title='bbox 2156 3064 2384 3135; x_wconf 85' lang='lat' dir='ltr'>ipsemet</span> <span class='ocrx_word' id='word_1_528' title='bbox 2415 3081 2510 3123; x_wconf 85' lang='lat' dir='ltr'>sua</span> <span class='ocrx_word' id='word_1_529' title='bbox 2551 3071 2871 3128; x_wconf 65' lang='lat' dir='ltr'>venerabili</span> <span class='ocrx_word' id='word_1_530' title='bbox 2913 3085 3230 3143; x_wconf 81' lang='lat' dir='ltr'>senectute,</span> <span class='ocrx_word' id='word_1_531' title='bbox 3264 3090 3376 3146; x_wconf 69' lang='lat' dir='ltr'>qua</span> <span class='ocrx_word' id='word_1_532' title='bbox 3406 3090 3487 3130; x_wconf 78' lang='lat' dir='ltr'>ees·</span> 
     </span>
     <span class='ocr_line' id='line_1_70' title="bbox 1935 3153 3485 3241; baseline 0.01 -34"><span class='ocrx_word' id='word_1_533' title='bbox 1935 3153 2187 3208; x_wconf 90' lang='lat' dir='ltr'>tesimum</span> <span class='ocrx_word' id='word_1_534' title='bbox 2238 3155 2531 3213; x_wconf 82' lang='lat' dir='ltr'>excedebat</span> <span class='ocrx_word' id='word_1_535' title='bbox 2584 3174 2839 3228; x_wconf 87' lang='lat' dir='ltr'>annum,</span> <span class='ocrx_word' id='word_1_536' title='bbox 2899 3170 2985 3223; x_wconf 79' lang='lat' dir='ltr'>ad</span> <span class='ocrx_word' id='word_1_537' title='bbox 3033 3184 3137 3225; x_wconf 86' lang='lat' dir='ltr'>sua</span> <span class='ocrx_word' id='word_1_538' title='bbox 3185 3169 3394 3241; x_wconf 76' lang='lat' dir='ltr'>perrexit</span> <span class='ocrx_word' id='word_1_539' title='bbox 3428 3185 3485 3223; x_wconf 85' lang='lat' dir='ltr'>ar·</span> 
     </span>
     <span class='ocr_line' id='line_1_71' title="bbox 1933 3246 3482 3329; baseline 0.015 -32"><span class='ocrx_word' id='word_1_540' title='bbox 1933 3255 2147 3311; x_wconf 86' lang='lat' dir='ltr'>menta,</span> <span class='ocrx_word' id='word_1_541' title='bbox 2202 3246 2574 3321; x_wconf 76' lang='lat' dir='ltr'>optimumque</span> <span class='ocrx_word' id='word_1_542' title='bbox 2619 3253 2815 3309; x_wconf 86' lang='lat' dir='ltr'>attulit</span> <span class='ocrx_word' id='word_1_543' title='bbox 2860 3259 3161 3329; x_wconf 72' lang='lat' dir='ltr'>vitulum,</span> <span class='ocrx_word' id='word_1_544' title='bbox 3208 3272 3262 3318; x_wconf 84' lang='lat' dir='ltr'>et</span> <span class='ocrx_word' id='word_1_545' title='bbox 3304 3264 3482 3317; x_wconf 67' lang='lat' dir='ltr'>maurit</span> 
     </span>
     <span class='ocr_line' id='line_1_72' title="bbox 1933 3335 3481 3428; baseline 0.012 -37"><span class='ocrx_word' id='word_1_546' title='bbox 1933 3335 2102 3394; x_wconf 86' lang='lat' dir='ltr'>illum.</span> <span class='ocrx_word' id='word_1_547' title='bbox 2129 3337 2196 3395; x_wconf 80' lang='lat' dir='ltr'>Et</span> <span class='ocrx_word' id='word_1_548' title='bbox 2228 3339 2443 3411; x_wconf 84' lang='lat' dir='ltr'>ipsimet</span> <span class='ocrx_word' id='word_1_549' title='bbox 2473 3340 2624 3397; x_wconf 63' lang='lat' dir='ltr'>Sarae</span> <span class='ocrx_word' id='word_1_550' title='bbox 2653 3347 2824 3402; x_wconf 79' lang='lat' dir='ltr'>uxori</span> <span class='ocrx_word' id='word_1_551' title='bbox 2859 3365 3001 3409; x_wconf 73' lang='lat' dir='ltr'>suae</span> <span class='ocrx_word' id='word_1_552' title='bbox 3027 3355 3292 3428; x_wconf 65' lang='lat' dir='ltr'>psaeeepit</span> <span class='ocrx_word' id='word_1_553' title='bbox 3327 3366 3481 3411; x_wconf 71' lang='lat' dir='ltr'>atis·b</span> 
     </span>
     <span class='ocr_line' id='line_1_73' title="bbox 1936 3432 3467 3505; baseline 0.013 -21"><span class='ocrx_word' id='word_1_554' title='bbox 1936 3432 2189 3488; x_wconf 88' lang='lat' dir='ltr'>misceret</span> <span class='ocrx_word' id='word_1_555' title='bbox 2222 3433 2323 3489; x_wconf 92' lang='lat' dir='ltr'>tria</span> <span class='ocrx_word' id='word_1_556' title='bbox 2349 3444 2465 3489; x_wconf 82' lang='lat' dir='ltr'>sata</span> <span class='ocrx_word' id='word_1_557' title='bbox 2497 3434 2715 3504; x_wconf 81' lang='lat' dir='ltr'>similae,</span> <span class='ocrx_word' id='word_1_558' title='bbox 2747 3442 3283 3505; x_wconf 81' lang='lat' dir='ltr'>circumstantibus</span> <span class='ocrx_word' id='word_1_559' title='bbox 3305 3448 3467 3505; x_wconf 59' lang='lat' dir='ltr'>suh</span> 
     </span>
     <span class='ocr_line' id='line_1_74' title="bbox 1931 3527 3457 3599; baseline 0.014 -21"><span class='ocrx_word' id='word_1_560' title='bbox 1931 3538 2120 3580; x_wconf 89' lang='lat' dir='ltr'>eorum</span> <span class='ocrx_word' id='word_1_561' title='bbox 2151 3527 2327 3583; x_wconf 76' lang='lat' dir='ltr'>servis</span> <span class='ocrx_word' id='word_1_562' title='bbox 2371 3529 2698 3597; x_wconf 86' lang='lat' dir='ltr'>cunctisque</span> <span class='ocrx_word' id='word_1_563' title='bbox 2731 3535 3021 3594; x_wconf 86' lang='lat' dir='ltr'>ancillis:</span> <span class='ocrx_word' id='word_1_564' title='bbox 3059 3539 3457 3599; x_wconf 75' lang='lat' dir='ltr'>Abraham-u.</span> 
     </span>
     <span class='ocr_line' id='line_1_75' title="bbox 1931 3619 3443 3701; baseline 0.011 -27"><span class='ocrx_word' id='word_1_565' title='bbox 1931 3619 2189 3675; x_wconf 89' lang='lat' dir='ltr'>cumillis</span> <span class='ocrx_word' id='word_1_566' title='bbox 2232 3622 2299 3676; x_wconf 86' lang='lat' dir='ltr'>ad</span> <span class='ocrx_word' id='word_1_567' title='bbox 2344 3624 2736 3678; x_wconf 85' lang='lat' dir='ltr'>comedendum</span> <span class='ocrx_word' id='word_1_568' title='bbox 2784 3626 3146 3701; x_wconf 83' lang='lat' dir='ltr'>obtulisset,</span> <span class='ocrx_word' id='word_1_569' title='bbox 3176 3638 3443 3692; x_wconf 64' lang='lat' dir='ltr'>stabattffl</span> 
     </span>
     <span class='ocr_line' id='line_1_76' title="bbox 1930 3711 3414 3786; baseline 0.015 -20"><span class='ocrx_word' id='word_1_570' title='bbox 1930 3711 2011 3768; x_wconf 89' lang='lat' dir='ltr'>eis</span> <span class='ocrx_word' id='word_1_571' title='bbox 2035 3722 2289 3783; x_wconf 85' lang='lat' dir='ltr'>tanquam</span> <span class='ocrx_word' id='word_1_572' title='bbox 2322 3730 2524 3786; x_wconf 83' lang='lat' dir='ltr'>pauper</span> <span class='ocrx_word' id='word_1_573' title='bbox 2554 3716 2644 3786; x_wconf 87' lang='lat' dir='ltr'>qui</span> <span class='ocrx_word' id='word_1_574' title='bbox 2680 3718 2883 3777; x_wconf 84' lang='lat' dir='ltr'>nullos</span> <span class='ocrx_word' id='word_1_575' title='bbox 2920 3725 3176 3786; x_wconf 84' lang='lat' dir='ltr'>haberet</span> <span class='ocrx_word' id='word_1_576' title='bbox 3209 3721 3414 3786; x_wconf 67' lang='lat' dir='ltr'>servul*</span> 
     </span>
     <span class='ocr_line' id='line_1_77' title="bbox 1932 3806 3406 3893; baseline 0.014 -35"><span class='ocrx_word' id='word_1_577' title='bbox 1932 3811 2053 3873; x_wconf 89' lang='lat' dir='ltr'>pter</span> <span class='ocrx_word' id='word_1_578' title='bbox 2096 3819 2255 3874; x_wconf 85' lang='lat' dir='ltr'>quam</span> <span class='ocrx_word' id='word_1_579' title='bbox 2284 3806 2500 3875; x_wconf 81' lang='lat' dir='ltr'>quidem</span> <span class='ocrx_word' id='word_1_580' title='bbox 2534 3821 2947 3878; x_wconf 84' lang='lat' dir='ltr'>paupertatem</span> <span class='ocrx_word' id='word_1_581' title='bbox 2984 3832 3165 3888; x_wconf 79' lang='lat' dir='ltr'>quain</span> <span class='ocrx_word' id='word_1_582' title='bbox 3206 3811 3406 3893; x_wconf 53' lang='lat' dir='ltr'>apem*</span> 
     </span>
     <span class='ocr_line' id='line_1_78' title="bbox 1930 3896 3431 3983; baseline 0.017 -34"><span class='ocrx_word' id='word_1_583' title='bbox 1930 3896 2092 3951; x_wconf 89' lang='lat' dir='ltr'>bebat</span> <span class='ocrx_word' id='word_1_584' title='bbox 2130 3912 2315 3953; x_wconf 89' lang='lat' dir='ltr'>coram</span> <span class='ocrx_word' id='word_1_585' title='bbox 2352 3898 2599 3967; x_wconf 72' lang='lat' dir='ltr'>Donninu,</span> <span class='ocrx_word' id='word_1_586' title='bbox 2642 3916 2774 3959; x_wconf 83' lang='lat' dir='ltr'>sese</span> <span class='ocrx_word' id='word_1_587' title='bbox 2821 3907 2915 3964; x_wconf 85' lang='lat' dir='ltr'>itti</span> <span class='ocrx_word' id='word_1_588' title='bbox 2957 3916 3224 3983; x_wconf 83' lang='lat' dir='ltr'>aperuit,</span> <span class='ocrx_word' id='word_1_589' title='bbox 3252 3905 3431 3979; x_wconf 53' lang='lat' dir='ltr'>etffl</span> 
     </span>
     <span class='ocr_line' id='line_1_79' title="bbox 1928 3988 3444 4078; baseline 0.006 -37"><span class='ocrx_word' id='word_1_590' title='bbox 1928 3988 1977 4042; x_wconf 92' lang='lat' dir='ltr'>ei</span> <span class='ocrx_word' id='word_1_591' title='bbox 2018 4003 2233 4044; x_wconf 88' lang='lat' dir='ltr'>omnem</span> <span class='ocrx_word' id='word_1_592' title='bbox 2282 4005 2435 4045; x_wconf 88' lang='lat' dir='ltr'>suam</span> <span class='ocrx_word' id='word_1_593' title='bbox 2487 3991 2829 4050; x_wconf 73' lang='lat' dir='ltr'>voluntatem</span> <span class='ocrx_word' id='word_1_594' title='bbox 2859 4038 2880 4065; x_wconf 84' lang='lat'>,</span> <span class='ocrx_word' id='word_1_595' title='bbox 2917 4004 3196 4078; x_wconf 79' lang='lat' dir='ltr'>dixitque</span> <span class='ocrx_word' id='word_1_596' title='bbox 3237 4007 3302 4062; x_wconf 79' lang='lat' dir='ltr'>illi</span> <span class='ocrx_word' id='word_1_597' title='bbox 3333 4006 3368 4059; x_wconf 74' lang='lat' dir='ltr'>is</span> <span class='ocrx_word' id='word_1_598' title='bbox 3401 4000 3444 4050; x_wconf 75' lang='lat' dir='ltr'>ts</span> 
     </span>
     <span class='ocr_line' id='line_1_80' title="bbox 1929 4077 3449 4155; baseline 0.017 -23"><span class='ocrx_word' id='word_1_599' title='bbox 1929 4077 2062 4134; x_wconf 86' lang='lat' dir='ltr'>illo:</span> <span class='ocrx_word' id='word_1_600' title='bbox 2107 4078 2222 4134; x_wconf 80' lang='lat' dir='ltr'>Hoc</span> <span class='ocrx_word' id='word_1_601' title='bbox 2266 4083 2447 4135; x_wconf 81' lang='lat' dir='ltr'>eodem</span> <span class='ocrx_word' id='word_1_602' title='bbox 2496 4089 2729 4150; x_wconf 80' lang='lat' dir='ltr'>tempore</span> <span class='ocrx_word' id='word_1_603' title='bbox 2769 4098 3063 4152; x_wconf 78' lang='lat' dir='ltr'>uertentis</span> <span class='ocrx_word' id='word_1_604' title='bbox 3104 4099 3237 4154; x_wconf 72' lang='lat' dir='ltr'>anni</span> <span class='ocrx_word' id='word_1_605' title='bbox 3269 4098 3342 4155; x_wconf 61' lang='grc' dir='ltr'>οὔ</span> <span class='ocrx_word' id='word_1_606' title='bbox 3366 4090 3449 4146; x_wconf 67' lang='lat'>5⁶⁸</span> 
     </span>
     <span class='ocr_line' id='line_1_81' title="bbox 1926 4168 3452 4252; baseline 0.012 -32"><span class='ocrx_word' id='word_1_607' title='bbox 1926 4169 2069 4237; x_wconf 82' lang='lat' dir='ltr'>filius</span> <span class='ocrx_word' id='word_1_608' title='bbox 2092 4169 2157 4226; x_wconf 78' lang='lat'>⁸⁸.</span> <span class='ocrx_word' id='word_1_609' title='bbox 2190 4168 2251 4224; x_wconf 74' lang='lat' dir='ltr'>Et</span> <span class='ocrx_word' id='word_1_610' title='bbox 2282 4169 2353 4225; x_wconf 90' lang='lat' dir='ltr'>ita</span> <span class='ocrx_word' id='word_1_611' title='bbox 2390 4169 2512 4240; x_wconf 83' lang='lat' dir='ltr'>suit,</span> <span class='ocrx_word' id='word_1_612' title='bbox 2549 4172 3014 4252; x_wconf 81' lang='lat' dir='ltr'>habueruntque</span> <span class='ocrx_word' id='word_1_613' title='bbox 3046 4185 3226 4247; x_wconf 70' lang='lat' dir='ltr'>Isaac.</span> <span class='ocrx_word' id='word_1_614' title='bbox 3255 4187 3452 4243; x_wconf 58' lang='lat' dir='ltr'>niem</span> 
     </span>
     <span class='ocr_line' id='line_1_82' title="bbox 1926 4261 3450 4342; baseline 0.009 -25"><span class='ocrx_word' id='word_1_615' title='bbox 1926 4261 2078 4318; x_wconf 81' lang='lat' dir='ltr'>isaac</span> <span class='ocrx_word' id='word_1_616' title='bbox 2103 4273 2221 4319; x_wconf 88' lang='lat' dir='ltr'>erat</span> <span class='ocrx_word' id='word_1_617' title='bbox 2245 4264 2394 4320; x_wconf 76' lang='lat' dir='ltr'>dives</span> <span class='ocrx_word' id='word_1_618' title='bbox 2423 4264 2597 4329; x_wconf 81' lang='lat' dir='ltr'>valde,</span> <span class='ocrx_word' id='word_1_619' title='bbox 2623 4277 2681 4321; x_wconf 85' lang='lat' dir='ltr'>et</span> <span class='ocrx_word' id='word_1_620' title='bbox 2707 4283 2951 4342; x_wconf 84' lang='lat' dir='ltr'>pauper</span> <span class='ocrx_word' id='word_1_621' title='bbox 2988 4279 3178 4338; x_wconf 76' lang='lat' dir='ltr'>sactus</span> <span class='ocrx_word' id='word_1_622' title='bbox 3197 4290 3269 4338; x_wconf 74' lang='lat' dir='ltr'>est</span> <span class='ocrx_word' id='word_1_623' title='bbox 3291 4273 3450 4334; x_wconf 63' lang='lat' dir='ltr'>iamin</span> 
     </span>
     <span class='ocr_line' id='line_1_83' title="bbox 1924 4352 3456 4443; baseline 0.015 -39"><span class='ocrx_word' id='word_1_624' title='bbox 1924 4368 2045 4419; x_wconf 83' lang='lat' dir='ltr'>sito,</span> <span class='ocrx_word' id='word_1_625' title='bbox 2089 4353 2165 4408; x_wconf 82' lang='lat' dir='ltr'>ita</span> <span class='ocrx_word' id='word_1_626' title='bbox 2200 4362 2259 4407; x_wconf 90' lang='lat' dir='ltr'>ttt</span> <span class='ocrx_word' id='word_1_627' title='bbox 2286 4352 2560 4411; x_wconf 74' lang='lat' dir='ltr'>Pakestini</span> <span class='ocrx_word' id='word_1_628' title='bbox 2608 4355 2765 4412; x_wconf 85' lang='lat' dir='ltr'>illum</span> <span class='ocrx_word' id='word_1_629' title='bbox 2827 4371 3132 4438; x_wconf 76' lang='lat' dir='ltr'>tanquam</span> <span class='ocrx_word' id='word_1_630' title='bbox 3161 4376 3456 4443; x_wconf 57' lang='lat' dir='ltr'>pauperat*</span> 
     </span>
    </p>
   </div>
   <div class='ocr_carea' id='block_1_11' title="bbox 241 4445 3444 4520">
    <p class='ocr_par' dir='ltr' id='par_1_12' title="bbox 241 4445 3444 4520">
     <span class='ocr_line' id='line_1_84' title="bbox 241 4445 3444 4520; baseline 0.009 -24"><span class='ocrx_word' id='word_1_631' title='bbox 241 4446 387 4514; x_wconf 84' lang='lat' dir='ltr'>puri,</span> <span class='ocrx_word' id='word_1_632' title='bbox 413 4454 470 4499; x_wconf 89' lang='lat' dir='ltr'>et</span> <span class='ocrx_word' id='word_1_633' title='bbox 494 4446 732 4501; x_wconf 80' lang='lat' dir='ltr'>Ecclesia</span> <span class='ocrx_word' id='word_1_634' title='bbox 778 4455 1115 4513; x_wconf 75' lang='lat' dir='ltr'>sanctorum,</span> <span class='ocrx_word' id='word_1_635' title='bbox 1167 4456 1223 4502; x_wconf 88' lang='lat' dir='ltr'>et</span> <span class='ocrx_word' id='word_1_636' title='bbox 1257 4447 1550 4504; x_wconf 83' lang='lat' dir='ltr'>haereditas</span> <span class='ocrx_word' id='word_1_637' title='bbox 1605 4463 1822 4519; x_wconf 83' lang='lat' dir='ltr'>perma-</span> <span class='ocrx_word' id='word_1_638' title='bbox 1853 4451 1898 4506; x_wconf 76' lang='grc' dir='ltr'>Ι)</span> <span class='ocrx_word' id='word_1_639' title='bbox 1927 4445 2259 4514; x_wconf 86' lang='lat' dir='ltr'>p·rimerent‚</span> <span class='ocrx_word' id='word_1_640' title='bbox 2307 4460 2406 4502; x_wconf 87' lang='lat' dir='ltr'>nec</span> <span class='ocrx_word' id='word_1_641' title='bbox 2458 4456 2744 4518; x_wconf 89' lang='lat' dir='ltr'>propterea</span> <span class='ocrx_word' id='word_1_642' title='bbox 2788 4466 2950 4512; x_wconf 87' lang='lat' dir='ltr'>cum</span> <span class='ocrx_word' id='word_1_643' title='bbox 2993 4461 3115 4520; x_wconf 90' lang='lat' dir='ltr'>illis</span> <span class='ocrx_word' id='word_1_644' title='bbox 3159 4455 3444 4520; x_wconf 57' lang='lat' dir='ltr'>mle-&amp;3²¹²</span> 
     </span>
    </p>
   </div>
   <div class='ocr_carea' id='block_1_12' title="bbox 233 4536 1823 5664">
    <p class='ocr_par' dir='ltr' id='par_1_13' title="bbox 233 4536 1823 5664">
     <span class='ocr_line' id='line_1_85' title="bbox 248 4536 1823 4609; baseline 0.003 -19"><span class='ocrx_word' id='word_1_645' title='bbox 248 4551 405 4602; x_wconf 89' lang='lat' dir='ltr'>nens,</span> <span class='ocrx_word' id='word_1_646' title='bbox 429 4546 486 4591; x_wconf 87' lang='lat' dir='ltr'>et</span> <span class='ocrx_word' id='word_1_647' title='bbox 518 4536 724 4608; x_wconf 89' lang='lat' dir='ltr'>reliqua</span> <span class='ocrx_word' id='word_1_648' title='bbox 766 4539 901 4592; x_wconf 80' lang='lat' dir='ltr'>bona</span> <span class='ocrx_word' id='word_1_649' title='bbox 941 4554 1060 4609; x_wconf 72' lang='lat' dir='ltr'>quse</span> <span class='ocrx_word' id='word_1_650' title='bbox 1089 4537 1271 4594; x_wconf 77' lang='lat' dir='ltr'>oculas</span> <span class='ocrx_word' id='word_1_651' title='bbox 1306 4554 1409 4592; x_wconf 85' lang='lat' dir='ltr'>non</span> <span class='ocrx_word' id='word_1_652' title='bbox 1433 4538 1585 4605; x_wconf 79' lang='lat' dir='ltr'>vidit,</span> <span class='ocrx_word' id='word_1_653' title='bbox 1610 4549 1657 4594; x_wconf 88' lang='lat' dir='ltr'>et</span> <span class='ocrx_word' id='word_1_654' title='bbox 1677 4541 1823 4594; x_wconf 85' lang='lat' dir='ltr'>auris</span> 
     </span>
     <span class='ocr_line' id='line_1_86' title="bbox 242 4629 1823 4699; baseline 0.003 -17"><span class='ocrx_word' id='word_1_655' title='bbox 242 4644 346 4682; x_wconf 88' lang='lat' dir='ltr'>non</span> <span class='ocrx_word' id='word_1_656' title='bbox 375 4629 601 4695; x_wconf 72' lang='lat' dir='ltr'>audivit,</span> <span class='ocrx_word' id='word_1_657' title='bbox 647 4646 741 4685; x_wconf 82' lang='lat' dir='ltr'>nec</span> <span class='ocrx_word' id='word_1_658' title='bbox 784 4641 1035 4686; x_wconf 74' lang='lat' dir='ltr'>venerunt</span> <span class='ocrx_word' id='word_1_659' title='bbox 1078 4631 1134 4685; x_wconf 90' lang='lat' dir='ltr'>in</span> <span class='ocrx_word' id='word_1_660' title='bbox 1160 4646 1253 4686; x_wconf 76' lang='lat' dir='ltr'>cor</span> <span class='ocrx_word' id='word_1_661' title='bbox 1282 4630 1509 4686; x_wconf 64' lang='lat' dir='ltr'>bominis</span> <span class='ocrx_word' id='word_1_662' title='bbox 1531 4630 1600 4686; x_wconf 83' lang='lat'>⁸⁸.</span> <span class='ocrx_word' id='word_1_663' title='bbox 1647 4629 1823 4699; x_wconf 87' lang='lat' dir='ltr'>Cupio</span> 
     </span>
     <span class='ocr_line' id='line_1_87' title="bbox 239 4721 1822 4792; baseline 0.004 -20"><span class='ocrx_word' id='word_1_664' title='bbox 239 4729 423 4775; x_wconf 80' lang='lat' dir='ltr'>etitem</span> <span class='ocrx_word' id='word_1_665' title='bbox 445 4761 462 4787; x_wconf 84' lang='lat'><em>,</em></span> <span class='ocrx_word' id='word_1_666' title='bbox 511 4721 662 4777; x_wconf 84' lang='lat' dir='ltr'>tilioli</span> <span class='ocrx_word' id='word_1_667' title='bbox 719 4722 824 4779; x_wconf 89' lang='lat' dir='ltr'>mei</span> <span class='ocrx_word' id='word_1_668' title='bbox 874 4721 1170 4787; x_wconf 84' lang='lat' dir='ltr'>benedicti,</span> <span class='ocrx_word' id='word_1_669' title='bbox 1229 4731 1290 4778; x_wconf 91' lang='lat' dir='ltr'>ut</span> <span class='ocrx_word' id='word_1_670' title='bbox 1330 4721 1664 4792; x_wconf 88' lang='lat' dir='ltr'>opitulemini</span> <span class='ocrx_word' id='word_1_671' title='bbox 1694 4721 1822 4778; x_wconf 87' lang='lat' dir='ltr'>huic</span> 
     </span>
     <span class='ocr_line' id='line_1_88' title="bbox 238 4813 1817 4886; baseline 0.002 -20"><span class='ocrx_word' id='word_1_672' title='bbox 238 4827 376 4868; x_wconf 82' lang='lat' dir='ltr'>meae</span> <span class='ocrx_word' id='word_1_673' title='bbox 405 4815 655 4884; x_wconf 91' lang='lat' dir='ltr'>petitioni</span> <span class='ocrx_word' id='word_1_674' title='bbox 681 4824 737 4869; x_wconf 90' lang='lat' dir='ltr'>et</span> <span class='ocrx_word' id='word_1_675' title='bbox 775 4813 1135 4886; x_wconf 79' lang='lat' dir='ltr'>magnitudini</span> <span class='ocrx_word' id='word_1_676' title='bbox 1180 4813 1487 4870; x_wconf 88' lang='lat' dir='ltr'>dilectionis</span> <span class='ocrx_word' id='word_1_677' title='bbox 1528 4829 1662 4870; x_wconf 86' lang='lat' dir='ltr'>meae</span> <span class='ocrx_word' id='word_1_678' title='bbox 1691 4829 1817 4886; x_wconf 83' lang='lat' dir='ltr'>erga</span> 
     </span>
     <span class='ocr_line' id='line_1_89' title="bbox 240 4904 1813 4978; baseline 0.002 -19"><span class='ocrx_word' id='word_1_679' title='bbox 240 4920 355 4974; x_wconf 79' lang='lat' dir='ltr'>vos,</span> <span class='ocrx_word' id='word_1_680' title='bbox 379 4907 432 4961; x_wconf 88' lang='lat' dir='ltr'>in</span> <span class='ocrx_word' id='word_1_681' title='bbox 461 4908 717 4977; x_wconf 89' lang='lat' dir='ltr'>operibus</span> <span class='ocrx_word' id='word_1_682' title='bbox 737 4905 950 4962; x_wconf 86' lang='lat' dir='ltr'>Domini</span> <span class='ocrx_word' id='word_1_683' title='bbox 974 4904 1147 4962; x_wconf 79' lang='lat' dir='ltr'>firmis</span> <span class='ocrx_word' id='word_1_684' title='bbox 1166 4907 1418 4962; x_wconf 90' lang='lat' dir='ltr'>cordibus</span> <span class='ocrx_word' id='word_1_685' title='bbox 1439 4907 1813 4978; x_wconf 86' lang='lat' dir='ltr'>persistentes.</span> 
     </span>
     <span class='ocr_line' id='line_1_90' title="bbox 237 4995 1818 5068; baseline 0.001 -18"><span class='ocrx_word' id='word_1_686' title='bbox 237 4995 508 5055; x_wconf 70' lang='lat' dir='ltr'>Praeterea</span> <span class='ocrx_word' id='word_1_687' title='bbox 540 4999 687 5055; x_wconf 87' lang='lat' dir='ltr'>illum</span> <span class='ocrx_word' id='word_1_688' title='bbox 723 5012 875 5068; x_wconf 86' lang='lat' dir='ltr'>rogo,</span> <span class='ocrx_word' id='word_1_689' title='bbox 906 5006 967 5052; x_wconf 92' lang='lat' dir='ltr'>ut</span> <span class='ocrx_word' id='word_1_690' title='bbox 1012 5012 1108 5054; x_wconf 79' lang='lat' dir='ltr'>vos</span> <span class='ocrx_word' id='word_1_691' title='bbox 1155 4998 1258 5052; x_wconf 91' lang='lat' dir='ltr'>hoc</span> <span class='ocrx_word' id='word_1_692' title='bbox 1293 5007 1534 5068; x_wconf 85' lang='lat' dir='ltr'>tempore</span> <span class='ocrx_word' id='word_1_693' title='bbox 1556 4997 1697 5053; x_wconf 89' lang='lat' dir='ltr'>malo</span> <span class='ocrx_word' id='word_1_694' title='bbox 1723 5014 1818 5052; x_wconf 91' lang='lat' dir='ltr'>cu-</span> 
     </span>
     <span class='ocr_line' id='line_1_91' title="bbox 236 5087 1820 5158; baseline 0 -16"><span class='ocrx_word' id='word_1_695' title='bbox 236 5089 458 5156; x_wconf 82' lang='lat' dir='ltr'>stodiat,</span> <span class='ocrx_word' id='word_1_696' title='bbox 499 5099 555 5144; x_wconf 89' lang='lat' dir='ltr'>et</span> <span class='ocrx_word' id='word_1_697' title='bbox 585 5101 647 5142; x_wconf 92' lang='lat' dir='ltr'>ut</span> <span class='ocrx_word' id='word_1_698' title='bbox 676 5087 973 5144; x_wconf 76' lang='lat' dir='ltr'>incolumes</span> <span class='ocrx_word' id='word_1_699' title='bbox 1007 5088 1126 5144; x_wconf 89' lang='lat' dir='ltr'>sitis</span> <span class='ocrx_word' id='word_1_700' title='bbox 1174 5102 1403 5158; x_wconf 85' lang='lat' dir='ltr'>corpore</span> <span class='ocrx_word' id='word_1_701' title='bbox 1454 5095 1509 5142; x_wconf 92' lang='lat' dir='ltr'>et</span> <span class='ocrx_word' id='word_1_702' title='bbox 1543 5087 1725 5142; x_wconf 87' lang='lat' dir='ltr'>anima</span> <span class='ocrx_word' id='word_1_703' title='bbox 1755 5103 1820 5142; x_wconf 84' lang='lat' dir='ltr'>ac</span> 
     </span>
     <span class='ocr_line' id='line_1_92' title="bbox 239 5177 1823 5251; baseline 0 -18"><span class='ocrx_word' id='word_1_704' title='bbox 239 5179 455 5251; x_wconf 86' lang='lat' dir='ltr'>spiritu,</span> <span class='ocrx_word' id='word_1_705' title='bbox 473 5190 529 5235; x_wconf 86' lang='lat' dir='ltr'>et</span> <span class='ocrx_word' id='word_1_706' title='bbox 553 5177 854 5249; x_wconf 88' lang='lat' dir='ltr'>elargiatur</span> <span class='ocrx_word' id='word_1_707' title='bbox 874 5178 1028 5234; x_wconf 73' lang='lat' dir='ltr'>vobis</span> <span class='ocrx_word' id='word_1_708' title='bbox 1055 5179 1342 5236; x_wconf 82' lang='lat' dir='ltr'>scientiam</span> <span class='ocrx_word' id='word_1_709' title='bbox 1372 5178 1425 5233; x_wconf 90' lang='lat' dir='ltr'>in</span> <span class='ocrx_word' id='word_1_710' title='bbox 1453 5177 1725 5245; x_wconf 87' lang='lat' dir='ltr'>omnibns,</span> <span class='ocrx_word' id='word_1_711' title='bbox 1760 5186 1823 5233; x_wconf 90' lang='lat' dir='ltr'>ut</span> 
     </span>
     <span class='ocr_line' id='line_1_93' title="bbox 234 5269 1818 5342; baseline 0.001 -16"><span class='ocrx_word' id='word_1_712' title='bbox 234 5271 547 5340; x_wconf 88' lang='lat' dir='ltr'>eripiamini</span> <span class='ocrx_word' id='word_1_713' title='bbox 570 5287 600 5324; x_wconf 88' lang='lat' dir='ltr'>a</span> <span class='ocrx_word' id='word_1_714' title='bbox 641 5269 921 5325; x_wconf 75' lang='lat' dir='ltr'>fraudibus</span> <span class='ocrx_word' id='word_1_715' title='bbox 949 5271 1133 5326; x_wconf 82' lang='lat' dir='ltr'>saecnli</span> <span class='ocrx_word' id='word_1_716' title='bbox 1160 5271 1319 5342; x_wconf 71' lang='lat' dir='ltr'>liujus</span> <span class='ocrx_word' id='word_1_717' title='bbox 1337 5279 1392 5327; x_wconf 89' lang='lat' dir='ltr'>et</span> <span class='ocrx_word' id='word_1_718' title='bbox 1421 5271 1495 5326; x_wconf 88' lang='lat' dir='ltr'>sit</span> <span class='ocrx_word' id='word_1_719' title='bbox 1520 5271 1675 5327; x_wconf 79' lang='lat' dir='ltr'>vobis</span> <span class='ocrx_word' id='word_1_720' title='bbox 1712 5287 1818 5340; x_wconf 82' lang='lat' dir='ltr'>pax</span> 
     </span>
     <span class='ocr_line' id='line_1_94' title="bbox 233 5361 1818 5433; baseline 0.003 -16"><span class='ocrx_word' id='word_1_721' title='bbox 233 5371 292 5417; x_wconf 92' lang='lat' dir='ltr'>ct</span> <span class='ocrx_word' id='word_1_722' title='bbox 312 5362 567 5433; x_wconf 87' lang='lat' dir='ltr'>gaudium</span> <span class='ocrx_word' id='word_1_723' title='bbox 599 5371 653 5417; x_wconf 90' lang='lat' dir='ltr'>et</span> <span class='ocrx_word' id='word_1_724' title='bbox 684 5361 912 5418; x_wconf 80' lang='lat' dir='ltr'>salvatio</span> <span class='ocrx_word' id='word_1_725' title='bbox 940 5363 992 5418; x_wconf 90' lang='lat' dir='ltr'>in</span> <span class='ocrx_word' id='word_1_726' title='bbox 1030 5362 1260 5420; x_wconf 85' lang='lat' dir='ltr'>Domino</span> <span class='ocrx_word' id='word_1_727' title='bbox 1289 5365 1358 5417; x_wconf 87' lang='lat' dir='ltr'>ab</span> <span class='ocrx_word' id='word_1_728' title='bbox 1397 5362 1518 5420; x_wconf 88' lang='lat' dir='ltr'>istis</span> <span class='ocrx_word' id='word_1_729' title='bbox 1552 5363 1818 5421; x_wconf 76' lang='lat' dir='ltr'>fructibus</span> 
     </span>
     <span class='ocr_line' id='line_1_95' title="bbox 236 5454 1816 5526; baseline 0.001 -18"><span class='ocrx_word' id='word_1_730' title='bbox 236 5454 467 5511; x_wconf 86' lang='lat' dir='ltr'>mortuis</span> <span class='ocrx_word' id='word_1_731' title='bbox 499 5454 677 5519; x_wconf 85' lang='lat' dir='ltr'>malis,</span> <span class='ocrx_word' id='word_1_732' title='bbox 701 5469 930 5525; x_wconf 90' lang='lat' dir='ltr'>quorum</span> <span class='ocrx_word' id='word_1_733' title='bbox 959 5456 1201 5511; x_wconf 91' lang='lat' dir='ltr'>omnium</span> <span class='ocrx_word' id='word_1_734' title='bbox 1234 5456 1410 5520; x_wconf 82' lang='lat' dir='ltr'>radix,</span> <span class='ocrx_word' id='word_1_735' title='bbox 1435 5455 1615 5511; x_wconf 87' lang='lat' dir='ltr'>inanis</span> <span class='ocrx_word' id='word_1_736' title='bbox 1645 5455 1816 5526; x_wconf 84' lang='lat' dir='ltr'>gloria</span> 
     </span>
     <span class='ocr_line' id='line_1_96' title="bbox 235 5546 1813 5664; baseline -0.001 -59"><span class='ocrx_word' id='word_1_737' title='bbox 235 5559 405 5606; x_wconf 76' lang='lat' dir='ltr'>estet</span> <span class='ocrx_word' id='word_1_738' title='bbox 441 5548 690 5620; x_wconf 87' lang='lat' dir='ltr'>corporis</span> <span class='ocrx_word' id='word_1_739' title='bbox 739 5549 915 5619; x_wconf 80' lang='lat' dir='ltr'>quies.</span> <span class='ocrx_word' id='word_1_740' title='bbox 953 5548 1022 5604; x_wconf 83' lang='lat' dir='ltr'>Et</span> <span class='ocrx_word' id='word_1_741' title='bbox 1053 5563 1156 5619; x_wconf 81' lang='lat' dir='ltr'>pax</span> <span class='ocrx_word' id='word_1_742' title='bbox 1214 5546 1644 5664; x_wconf 51' lang='lat' dir='ltr'>Doniin&#39;biiostri</span> <span class='ocrx_word' id='word_1_743' title='bbox 1683 5547 1813 5604; x_wconf 82' lang='lat' dir='ltr'>Jesu</span> 
     </span>
    </p>
   </div>
   <div class='ocr_carea' id='block_1_13' title="bbox 1916 4534 3495 5633">
    <p class='ocr_par' dir='ltr' id='par_1_14' title="bbox 1929 4534 3439 4626">
     <span class='ocr_line' id='line_1_97' title="bbox 1929 4534 3439 4626; baseline 0.01 -36"><span class='ocrx_word' id='word_1_744' title='bbox 1929 4536 2057 4590; x_wconf 91' lang='lat' dir='ltr'>hinc</span> <span class='ocrx_word' id='word_1_745' title='bbox 2092 4534 2593 4606; x_wconf 85' lang='lat' dir='ltr'>multiplicabantur</span> <span class='ocrx_word' id='word_1_746' title='bbox 2636 4537 2763 4608; x_wconf 84' lang='lat' dir='ltr'>ejus</span> <span class='ocrx_word' id='word_1_747' title='bbox 2800 4544 3056 4608; x_wconf 68' lang='lat' dir='ltr'>divitia</span> <span class='ocrx_word' id='word_1_748' title='bbox 3105 4539 3439 4626; x_wconf 58' lang='lat' dir='ltr'>pstilla-⁵5¹5·</span> 
     </span>
    </p>

    <p class='ocr_par' dir='ltr' id='par_1_15' title="bbox 1925 4625 3451 4713">
     <span class='ocr_line' id='line_1_98' title="bbox 1925 4625 3451 4713; baseline 0.003 -30"><span class='ocrx_word' id='word_1_749' title='bbox 1925 4629 2051 4683; x_wconf 86' lang='lat' dir='ltr'>liter</span> <span class='ocrx_word' id='word_1_750' title='bbox 2086 4636 2142 4683; x_wconf 91' lang='lat' dir='ltr'>et</span> <span class='ocrx_word' id='word_1_751' title='bbox 2170 4625 2339 4684; x_wconf 80' lang='lat' dir='ltr'>Jacob</span> <span class='ocrx_word' id='word_1_752' title='bbox 2376 4642 2499 4683; x_wconf 92' lang='lat' dir='ltr'>cum</span> <span class='ocrx_word' id='word_1_753' title='bbox 2558 4627 2924 4694; x_wconf 70' lang='lat' dir='ltr'>decret-isset</span> <span class='ocrx_word' id='word_1_754' title='bbox 2965 4642 3218 4713; x_wconf 53' lang='grc' dir='ltr'>μησί-ἀ</span> <span class='ocrx_word' id='word_1_755' title='bbox 3247 4639 3288 4692; x_wconf 73' lang='grc' dir='ltr'>ῆι</span> <span class='ocrx_word' id='word_1_756' title='bbox 3312 4631 3451 4687; x_wconf 56' lang='lat' dir='ltr'>laeso·</span> 
     </span>
    </p>

    <p class='ocr_par' dir='ltr' id='par_1_16' title="bbox 1916 4721 3490 5238">
     <span class='ocr_line' id='line_1_99' title="bbox 1925 4721 3477 4803; baseline 0.001 -27"><span class='ocrx_word' id='word_1_757' title='bbox 1925 4721 2217 4790; x_wconf 86' lang='lat' dir='ltr'>potamiam</span> <span class='ocrx_word' id='word_1_758' title='bbox 2269 4730 2394 4776; x_wconf 87' lang='lat' dir='ltr'>ante</span> <span class='ocrx_word' id='word_1_759' title='bbox 2438 4721 2641 4777; x_wconf 87' lang='lat' dir='ltr'>obitum</span> <span class='ocrx_word' id='word_1_760' title='bbox 2690 4721 2862 4784; x_wconf 87' lang='lat' dir='ltr'>lsaae</span> <span class='ocrx_word' id='word_1_761' title='bbox 2925 4739 3126 4803; x_wconf 57' lang='lat' dir='ltr'>puri,</span> <span class='ocrx_word' id='word_1_762' title='bbox 3166 4725 3477 4798; x_wconf 42' lang='lat' dir='ltr'>&amp;deceptis</span> 
     </span>
     <span class='ocr_line' id='line_1_100' title="bbox 1924 4811 3486 4887; baseline 0.004 -21"><span class='ocrx_word' id='word_1_763' title='bbox 1924 4814 1992 4868; x_wconf 90' lang='lat' dir='ltr'>ab</span> <span class='ocrx_word' id='word_1_764' title='bbox 2024 4827 2091 4868; x_wconf 89' lang='lat' dir='ltr'>co</span> <span class='ocrx_word' id='word_1_765' title='bbox 2135 4811 2635 4882; x_wconf 87' lang='lat' dir='ltr'>benedictionibus,</span> <span class='ocrx_word' id='word_1_766' title='bbox 2683 4815 2923 4881; x_wconf 83' lang='lat' dir='ltr'>dimisit</span> <span class='ocrx_word' id='word_1_767' title='bbox 2962 4843 2997 4883; x_wconf 80' lang='lat' dir='ltr'>a</span> <span class='ocrx_word' id='word_1_768' title='bbox 3049 4845 3122 4887; x_wconf 71' lang='lat' dir='ltr'>se</span> <span class='ocrx_word' id='word_1_769' title='bbox 3167 4822 3486 4886; x_wconf 68' lang='lat' dir='ltr'>multitudinem</span> 
     </span>
     <span class='ocr_line' id='line_1_101' title="bbox 1925 4905 3490 4994; baseline 0.005 -36"><span class='ocrx_word' id='word_1_770' title='bbox 1925 4905 2141 4960; x_wconf 88' lang='lat' dir='ltr'>illarum</span> <span class='ocrx_word' id='word_1_771' title='bbox 2186 4905 2497 4960; x_wconf 81' lang='lat' dir='ltr'>divitiarum</span> <span class='ocrx_word' id='word_1_772' title='bbox 2555 4908 2866 4969; x_wconf 81' lang='lat' dir='ltr'>ambulans</span> <span class='ocrx_word' id='word_1_773' title='bbox 2923 4918 2986 4974; x_wconf 88' lang='lat' dir='ltr'>in</span> <span class='ocrx_word' id='word_1_774' title='bbox 3040 4928 3367 4994; x_wconf 69' lang='lat' dir='ltr'>paupertate,</span> <span class='ocrx_word' id='word_1_775' title='bbox 3397 4908 3490 4968; x_wconf 69' lang='lat' dir='ltr'>uitii</span> 
     </span>
     <span class='ocr_line' id='line_1_102' title="bbox 1917 4998 3490 5070; baseline 0.003 -17"><span class='ocrx_word' id='word_1_776' title='bbox 1917 4998 2124 5053; x_wconf 83' lang='lat' dir='ltr'>habens</span> <span class='ocrx_word' id='word_1_777' title='bbox 2162 5006 2357 5067; x_wconf 80' lang='lat' dir='ltr'>praeter</span> <span class='ocrx_word' id='word_1_778' title='bbox 2399 5011 2557 5053; x_wconf 90' lang='lat' dir='ltr'>suum</span> <span class='ocrx_word' id='word_1_779' title='bbox 2605 5000 2884 5060; x_wconf 76' lang='lat' dir='ltr'>baculum</span> <span class='ocrx_word' id='word_1_780' title='bbox 2924 5020 2990 5065; x_wconf 89' lang='lat' dir='ltr'>et</span> <span class='ocrx_word' id='word_1_781' title='bbox 3045 5013 3306 5070; x_wconf 80' lang='lat' dir='ltr'>viaticum</span> <span class='ocrx_word' id='word_1_782' title='bbox 3345 5010 3400 5063; x_wconf 81' lang='lat' dir='ltr'>ad</span> <span class='ocrx_word' id='word_1_783' title='bbox 3426 5008 3490 5058; x_wconf 78' lang='lat' dir='ltr'>itu</span> 
     </span>
     <span class='ocr_line' id='line_1_103' title="bbox 1916 5089 3490 5178; baseline 0.008 -37"><span class='ocrx_word' id='word_1_784' title='bbox 1916 5089 2227 5159; x_wconf 79' lang='lat' dir='ltr'>sufficicns;</span> <span class='ocrx_word' id='word_1_785' title='bbox 2275 5089 2599 5148; x_wconf 85' lang='lat' dir='ltr'>recumbens</span> <span class='ocrx_word' id='word_1_786' title='bbox 2648 5106 2811 5163; x_wconf 79' lang='lat' dir='ltr'>vero,</span> <span class='ocrx_word' id='word_1_787' title='bbox 2858 5103 3053 5174; x_wconf 65' lang='lat' dir='ltr'>capiti</span> <span class='ocrx_word' id='word_1_788' title='bbox 3093 5106 3322 5178; x_wconf 56' lang='lat' dir='ltr'>lapidem</span> <span class='ocrx_word' id='word_1_789' title='bbox 3348 5110 3490 5169; x_wconf 75' lang='lat' dir='ltr'>suppt-</span> 
     </span>
     <span class='ocr_line' id='line_1_104' title="bbox 1927 5184 2112 5238; baseline 0.005 -1"><span class='ocrx_word' id='word_1_790' title='bbox 1927 5184 2112 5238; x_wconf 87' lang='lat' dir='ltr'>nebat.</span> 
     </span>
    </p>

    <p class='ocr_par' dir='ltr' id='par_1_17' title="bbox 1927 5275 3495 5633">
     <span class='ocr_line' id='line_1_105' title="bbox 1998 5275 3493 5357; baseline 0.011 -27"><span class='ocrx_word' id='word_1_791' title='bbox 1998 5275 2340 5348; x_wconf 81' lang='lat' dir='ltr'>Quapropter</span> <span class='ocrx_word' id='word_1_792' title='bbox 2402 5277 2573 5344; x_wconf 79' lang='lat' dir='ltr'>magis</span> <span class='ocrx_word' id='word_1_793' title='bbox 2623 5287 2794 5348; x_wconf 84' lang='lat' dir='ltr'>atque</span> <span class='ocrx_word' id='word_1_794' title='bbox 2861 5287 3055 5357; x_wconf 84' lang='lat' dir='ltr'>magis</span> <span class='ocrx_word' id='word_1_795' title='bbox 3118 5290 3321 5344; x_wconf 81' lang='lat' dir='ltr'>ditatus</span> <span class='ocrx_word' id='word_1_796' title='bbox 3360 5292 3427 5339; x_wconf 63' lang='grc' dir='ltr'>δί</span> <span class='ocrx_word' id='word_1_797' title='bbox 3460 5278 3493 5328; x_wconf 65' lang='lat'>5⁵</span> 
     </span>
     <span class='ocr_line' id='line_1_106' title="bbox 1927 5366 3495 5433; baseline 0.004 -9"><span class='ocrx_word' id='word_1_798' title='bbox 1927 5366 2089 5424; x_wconf 84' lang='lat' dir='ltr'>domo</span> <span class='ocrx_word' id='word_1_799' title='bbox 2121 5367 2372 5421; x_wconf 79' lang='lat' dir='ltr'>avimculi</span> <span class='ocrx_word' id='word_1_800' title='bbox 2416 5369 2496 5423; x_wconf 91' lang='lat' dir='ltr'>sui</span> <span class='ocrx_word' id='word_1_801' title='bbox 2531 5367 2740 5424; x_wconf 81' lang='lat' dir='ltr'>Laban.</span> <span class='ocrx_word' id='word_1_802' title='bbox 2772 5368 2995 5432; x_wconf 75' lang='lat' dir='ltr'>volens</span> <span class='ocrx_word' id='word_1_803' title='bbox 3034 5387 3234 5433; x_wconf 84' lang='lat' dir='ltr'>autem</span> <span class='ocrx_word' id='word_1_804' title='bbox 3265 5371 3432 5432; x_wconf 74' lang='lat' dir='ltr'>reverti</span> <span class='ocrx_word' id='word_1_805' title='bbox 3461 5372 3495 5417; x_wconf 73' lang='grc' dir='ltr'>ἰ·</span> 
     </span>
     <span class='ocr_line' id='line_1_107' title="bbox 1928 5457 3495 5530; baseline 0.003 -17"><span class='ocrx_word' id='word_1_806' title='bbox 1928 5459 2145 5514; x_wconf 88' lang='lat' dir='ltr'>domum</span> <span class='ocrx_word' id='word_1_807' title='bbox 2187 5459 2358 5530; x_wconf 81' lang='lat' dir='ltr'>patris</span> <span class='ocrx_word' id='word_1_808' title='bbox 2407 5459 2512 5522; x_wconf 88' lang='lat' dir='ltr'>sui,</span> <span class='ocrx_word' id='word_1_809' title='bbox 2560 5465 2922 5530; x_wconf 77' lang='lat' dir='ltr'>paupertatis</span> <span class='ocrx_word' id='word_1_810' title='bbox 2973 5484 3095 5525; x_wconf 85' lang='lat' dir='ltr'>non</span> <span class='ocrx_word' id='word_1_811' title='bbox 3133 5480 3219 5527; x_wconf 87' lang='lat' dir='ltr'>est</span> <span class='ocrx_word' id='word_1_812' title='bbox 3255 5457 3495 5524; x_wconf 62' lang='lat' dir='ltr'>oblitus-ab</span> 
     </span>
     <span class='ocr_line' id='line_1_108' title="bbox 1927 5549 3494 5633; baseline 0.012 -30"><span class='ocrx_word' id='word_1_813' title='bbox 1927 5549 2256 5621; x_wconf 71' lang='lat' dir='ltr'>inultiplites</span> <span class='ocrx_word' id='word_1_814' title='bbox 2283 5567 2406 5622; x_wconf 78' lang='lat' dir='ltr'>quae</span> <span class='ocrx_word' id='word_1_815' title='bbox 2434 5551 2590 5608; x_wconf 66' lang='lat' dir='ltr'>sactae</span> <span class='ocrx_word' id='word_1_816' title='bbox 2619 5565 2781 5610; x_wconf 78' lang='lat' dir='ltr'>erant</span> <span class='ocrx_word' id='word_1_817' title='bbox 2813 5556 2872 5611; x_wconf 84' lang='lat' dir='ltr'>ei</span> <span class='ocrx_word' id='word_1_818' title='bbox 2920 5558 3166 5618; x_wconf 70' lang='lat' dir='ltr'>divitias</span> <span class='ocrx_word' id='word_1_819' title='bbox 3193 5585 3208 5620; x_wconf 91' lang='lat'>:</span> <span class='ocrx_word' id='word_1_820' title='bbox 3237 5560 3413 5633; x_wconf 72' lang='lat' dir='ltr'>quippe</span> <span class='ocrx_word' id='word_1_821' title='bbox 3432 5562 3494 5622; x_wconf 62' lang='lat'>‘1³¹</span> 
     </span>
    </p>
   </div>
   <div class='ocr_carea' id='block_1_14' title="bbox 284 5730 3075 5818">
    <p class='ocr_par' dir='ltr' id='par_1_18' title="bbox 284 5730 3075 5818">
     <span class='ocr_line' id='line_1_109' title="bbox 284 5730 3075 5818; baseline -0.001 -21"><span class='ocrx_word' id='word_1_822' title='bbox 284 5730 332 5766; x_wconf 75' lang='lat'>&#39;⁸</span> <span class='ocrx_word' id='word_1_823' title='bbox 352 5735 463 5798; x_wconf 68' lang='lat' dir='ltr'>lea.</span> <span class='ocrx_word' id='word_1_824' title='bbox 497 5750 663 5814; x_wconf 68' lang='lat' dir='ltr'>Lt’ttt,</span> <span class='ocrx_word' id='word_1_825' title='bbox 702 5734 814 5801; x_wconf 78' lang='lat'>1-5.</span> <span class='ocrx_word' id='word_1_826' title='bbox 891 5733 1182 5818; x_wconf 42' lang='lat' dir='ltr'>⁸⁸·ssattb.</span> <span class='ocrx_word' id='word_1_827' title='bbox 1241 5749 1327 5808; x_wconf 63' lang='lat' dir='ltr'>vt,</span> <span class='ocrx_word' id='word_1_828' title='bbox 1353 5733 1454 5791; x_wconf 70' lang='lat'>95.</span> <span class='ocrx_word' id='word_1_829' title='bbox 1520 5733 1571 5767; x_wconf 60' lang='lat'>⁸⁸</span> <span class='ocrx_word' id='word_1_830' title='bbox 1605 5731 1722 5790; x_wconf 63' lang='lat' dir='ltr'>isa.</span> <span class='ocrx_word' id='word_1_831' title='bbox 1750 5732 1984 5799; x_wconf 52' lang='lat' dir='ltr'>mss„</span> <span class='ocrx_word' id='word_1_832' title='bbox 2047 5730 2469 5793; x_wconf 50' lang='lat' dir='ltr'>“xzosmds-</span> <span class='ocrx_word' id='word_1_833' title='bbox 2518 5730 2567 5764; x_wconf 78' lang='lat'>⁸⁸</span> <span class='ocrx_word' id='word_1_834' title='bbox 2598 5730 2738 5790; x_wconf 87' lang='lat' dir='ltr'>Gen.</span> <span class='ocrx_word' id='word_1_835' title='bbox 2776 5748 2943 5806; x_wconf 73' lang='lat' dir='ltr'>svnt,</span> <span class='ocrx_word' id='word_1_836' title='bbox 2977 5736 3075 5795; x_wconf 72' lang='lat'>¹0.</span> 
     </span>
    </p>
   </div>
  </div>
 </body>
</html>
