3725 6125
1034 319 1091 377 S.
1132 314 1339 376 tsAtAE
1383 310 1674 371 ABBATIS
1711 312 2126 369 ORATtoNES.
3094 308 3227 369 tm

191 432 536 507 ingrediatur
566 409 622 489 in
653 410 893 506 requiem
952 432 1072 489 Filii
1119 431 1230 494 Dei.
1286 430 1387 486 nisi
1433 427 1546 497 ejus
1578 428 1623 485 A
1652 441 1773 482 care
1803 438 1990 481 contra
2015 443 2094 481 me
2113 425 2183 480 ⁷⁸.
2220 424 2295 479 Ac
2330 423 2529 479 docens
2565 437 2685 490 nos,
2725 437 2794 478 ne
2822 429 3227 478 contemnamus

191 542 261 584 em
284 524 506 582 babeat.
531 523 996 592 Quemadmodum
1030 522 1177 580 enim
1210 522 1388 577 nullus
1406 535 1548 577 mer-

191 633 432 677 ummnm
461 616 687 687 accipit,
725 617 780 672 in
807 632 915 687 quo
944 616 1087 687 regis
1122 616 1302 683 imago
1333 625 1442 668 non
1478 615 1549 669 sit

191 726 254 777 ta,
301 722 476 779 neque
526 722 650 765 eum
704 706 1096 762 nummularius
1129 705 1342 776 probat,
1375 718 1549 774 neque

191 817 342 861 suum
373 802 689 857 thesaurum
739 797 977 854 admittit
1014 813 1031 850 ε
1067 796 1149 852 sie
1184 794 1391 863 eninm,
1443 794 1547 850 nisi

191 886 336 967 magnii
382 902 437 949 et
469 889 686 947 Domini
725 888 895 945 nostri
949 886 1072 945 lesu
1132 885 1335 944 Cbristi
1369 893 1551 942 servet

191 1000 283 1051 nn,
322 999 430 1041 non
481 981 745 1055 probatur
781 982 851 1037 ab
879 979 1107 1052 angeliS,
1145 994 1318 1049 neque
1353 978 1549 1032 admit·

191 1076 341 1146 »ipso
365 1089 524 1146 rege:
553 1072 682 1139 quin
715 1072 895 1142 potius
911 1070 1055 1126 audit
1089 1087 1103 1125 :
1141 1070 1421 1138 Quomodo
1443 1069 1548 1125 hue

191 1203 203 1233 ,
235 1182 342 1221 uon
370 1166 581 1219 liabens
606 1162 894 1234 imaginem
942 1161 1155 1217 meam!

191 1254 364 1311 Porro
394 1254 647 1326 imaginis
705 1263 833 1308 nota
897 1253 1134 1308 charitas
1197 1261 1304 1307 est.
1343 1250 1412 1306 In
1445 1253 1546 1307 hoe

191 1345 352 1417 iquit,
382 1354 692 1415 cognoscent
720 1360 809 1399 vot
844 1360 981 1398 meos
1011 1359 1124 1399 eue
1167 1342 1471 1411 discipulos,
1502 1342 1551 1398 ei

192 1437 258 1492 tis
292 1438 434 1491 inter
479 1452 572 1491 vv·
593 1435 669 1492 ⁸⁸.
723 1433 792 1490 At
847 1436 1087 1491 ebaritas
1131 1435 1248 1505 eins
1281 1436 1335 1490 in
1390 1433 1549 1490 nobis

191 1540 249 1581 in
291 1535 502 1597 potest,
536 1541 659 1582 eum
706 1527 886 1581 anima
933 1528 1004 1582 ita
1045 1526 1216 1582 divisa
1256 1527 1361 1594 sit,
1390 1537 1453 1596 ut
1494 1537 1550 1583 et

191 1625 401 1688 luaerat,
434 1630 488 1674 et
519 1618 707 1690 diligat
749 1634 812 1675 ea
853 1633 973 1690 quae
1017 1619 1201 1675 mundi
1239 1626 1383 1675 sunt.
1421 1619 1549 1677 Ete-

191 1709 563 1765 emadmodum
609 1711 847 1768 volucris
884 1712 1040 1768 unica
1083 1713 1169 1767 ala
1216 1712 1398 1769 volare
1441 1728 1546 1771 non

1656 532 1750 573 eos
1779 520 1872 588 qni
1904 518 2092 571 dicunt
2119 534 2135 571 ι
2165 516 2391 583 Quando
2428 516 2726 584 poterimus
2755 530 2850 570 eos
2876 514 3076 579 delere,
3103 529 3228 571 eum

1652 618 1761 662 tam
1805 607 1957 661 multi
2006 606 2159 661 sint?
2195 605 2316 660 Non
2362 606 2574 675 poteris,
2606 605 2800 675 inquit.
2831 604 3003 660 delere
3048 621 3136 661 eos
3173 604 3232 659 in

1651 715 1789 753 anno
1821 715 1948 764 uno,
1981 716 2043 753 ne
2067 699 2204 769 [orte
2234 709 2376 751 terro
2405 697 2612 751 deserta
2638 694 2988 767 relinquatur,
3017 706 3065 751 et
3095 696 3232 749 ntul-

1649 791 1950 860 tipticentur
1969 790 2096 859 seroe
2118 802 2299 845 contra
2326 801 2397 852 te,
2413 788 2503 844 ted
2524 787 2803 855 paulatim,
2828 789 2992 841 donec
3014 802 3232 842 numero
3268 858 3274 865 .

1653 886 1917 953 onqearis.
1958 882 2023 936 Et
2072 882 2316 938 dilatabit
2359 882 2500 938 Deus
2547 882 2794 937 terminos
2834 880 3037 935 suoz⁷⁷.
3073 878 3230 947 Saepe
3264 872 3274 922 l

1649 975 1813 1029 etiam
1846 975 2101 1045 praet-epit
2128 975 2234 1031 illis
2268 975 2432 1042 Deus,
2470 975 2626 1039 Cave,
2661 972 2933 1043 iuquiens,
2963 988 3025 1025 ne
3057 968 3226 1041 soedm

1647 1065 1792 1118 ineas
1831 1079 1951 1117 eum
1985 1063 2324 1129 Gitananoeie,
2355 1081 2484 1136 quoe
2521 1080 2615 1135 eqo
2648 1079 2762 1117 eum
2790 1060 3056 1116 deletttrue
3087 1075 3120 1111 a
3150 1058 3232 1128 sa·

1647 1157 1725 1210 eie
1749 1167 1840 1209 tua
1855 1156 1924 1209 ⁸⁸.
1963 1155 2081 1210 iam
2108 1171 2230 1210 cum
2264 1153 2422 1212 «lesus
2446 1156 2585 1211 illius
2614 1153 2761 1211 Nave
2794 1154 3047 1210 nien-{cuo
3073 1150 3229 1207 obsi-
3263 1175 3269 1182 ·

1648 1248 1800 1302 deret
1840 1256 1901 1300 ut
1935 1246 2080 1301 illam
2131 1255 2421 1313 everteret,
2450 1248 2770 1312 Anathema,
2811 1246 3005 1315 iuquit,
3040 1245 3233 1299 eonsti-

1647 1351 1762 1395 tues
1790 1340 1965 1403 iliam,
1994 1351 2040 1394 et
2072 1340 2251 1394 omnio
2284 1356 2402 1409 quoe
2427 1341 2481 1395 in
2526 1357 2585 1395 eo
2616 1340 2821 1395 eunt”.
2854 1339 2920 1393 Et
2963 1354 3083 1394 cum
3114 1335 3229 1392 vel·

1648 1433 1723 1490 let
1757 1448 1975 1488 manum
2014 1448 2136 1488 cnm
2166 1434 2325 1490 hoste
2351 1447 2662 1500 conserere,
2697 1447 2802 1487 non
2834 1430 3011 1501 potuit
3057 1427 3225 1485 lsrael

1648 1526 1928 1592 resistere,
1963 1529 2058 1581 sed
2108 1509 2244 1598 rugit
2289 1541 2319 1580 a
2368 1526 2507 1580 iacie
2552 1525 2691 1596 rjus,
2724 1534 2943 1594 propter
2975 1523 3226 1592 exiguum

1648 1619 1963 1684 anathema,
2016 1618 2158 1688 quod
2209 1619 2544 1687 surripuerat
2585 1617 2790 1671 Acban.
2837 1615 2903 1669 Et
2944 1615 3230 1685 procidens

1648 1707 1898 1778 ‹losnein
1938 1710 2130 1765 faciem
2174 1723 2326 1764 suam
2373 1710 2625 1765 clamavit
2657 1708 2710 1763 in
2756 1715 3048 1777 conspectu
3084 1705 3227 1762 Dei:

203 1799 282 1853 sic
308 1798 486 1853 anima
522 1799 710 1869 nequit
736 1800 788 1855 in
820 1799 989 1854 Deum
1019 1801 1290 1872 progredi,
1325 1803 1371 1855 si
1408 1800 1547 1858 alte·
1581 1782 1624 1840 Β
1660 1801 1846 1870 Vertit,
1876 1802 2142 1872 inquiens,
2180 1799 2352 1855 lsrael
2384 1811 2530 1871 terna
2559 1800 2785 1855 inimicis
2815 1800 2925 1854 suis
2940 1799 3009 1852 ⁸⁰.
3034 1798 3103 1854 Et
3128 1812 3231 1871 ego

191 1902 220 1946 e
269 1888 336 1945 ad
378 1890 636 1959 mundum
688 1891 930 1947 inclinet.
975 1893 1042 1948 Et
1093 1895 1545 1963 quemadmodum

191 1982 220 2038 ti
249 1982 378 2054 quid
406 1983 456 2039 ei
479 1984 847 2040 necessarium
883 1986 1042 2053 desit,
1070 2001 1167 2057 per
1192 2002 1340 2041 mare
1369 1996 1548 2044 traus-

192 2096 195 2126 1
226 2082 437 2143 potest:
462 2074 544 2129 sic
575 2076 778 2140 anima,
801 2075 845 2130 si
878 2076 1050 2130 virtus
1103 2077 1151 2132 ei
1178 2076 1356 2148 aliqua
1385 2078 1545 2145 desit,

192 2167 436 2223 ationum
490 2167 714 2240 pelagus
764 2184 874 2224 non
927 2177 1105 2238 potest
1157 2170 1426 2239 trajicere.
1479 2169 1547 2225 Et

191 2257 418 2315 ltnodum
446 2269 626 2316 nautae
647 2260 691 2316 si
722 2260 940 2332 pulcbra
968 2262 1312 2328 vestimenta,
1344 2272 1399 2318 et
1423 2264 1545 2319 cbi-

193 2365 243 2420 s,
276 2362 335 2409 et.
368 2351 742 2409 calceamenta
788 2352 989 2409 babent
1031 2354 1339 2421 muliebria,
1371 2355 1557 2417 officio,

191 2444 240 2517 gi
264 2452 321 2501 et
357 2444 612 2517 navigare
637 2460 742 2500 non
773 2457 1019 2516 possunt,
1053 2447 1180 2517 quia
1216 2462 1443 2506 necesse
1463 2460 1547 2507 est

192 2535 426 2605 expcditi
455 2552 471 2592 z
501 2536 583 2593 sic
615 2536 797 2592 anima
829 2538 1103 2606 improbas
1132 2539 1418 2609 spirituum
1451 2541 1547 2595 ad·

191 2638 328 2680 trum
367 2616 632 2697 proeellas
660 2640 921 2697 superare
939 2644 1045 2683 non
1079 2630 1239 2698 valet,
1265 2630 1368 2687 nisi
1390 2646 1546 2686 mun-

191 2734 202 2774 t
241 2730 299 2774 et
344 2717 802 2775 sollicitudinibus
840 2721 911 2775 sit
950 2736 1138 2776 vacua.
1184 2722 1250 2777 Et
1285 2725 1545 2793 quemad·

218 2810 375 2867 miles
399 2826 522 2867 cum
559 2813 808 2868 hostibus
843 2812 1100 2883 principis
1137 2814 1218 2870 sui
1261 2817 1542 2872 conuictu·

194 2914 344 2955 arma
406 2903 683 2968 deliniant,
752 2919 856 2958 non
906 2915 1085 2975 potest
1143 2906 1437 2962 resistere:
1470 2907 1542 2962 ita

200 2990 539 3060 adversariis,
585 2992 637 3047 id
679 3003 786 3057 est,
837 2992 988 3048 vitiis
1022 3004 1076 3048 et
1122 2996 1543 3064 perturbationi·

1650 1891 1779 1961 quid
1809 1889 2043 1945 iaciant?
2081 1890 2146 1945 Et
2178 1891 2316 1945 dixit
2359 1891 2407 1945 ei
2440 1891 2692 1961 princeps
2721 1889 2929 1944 militia:
2957 1888 3169 1945 Domini
3202 1905 3222 1945 ε

1652 1985 1916 2051 Quoniam
1954 1995 2033 2040 eet
2060 1987 2115 2039 in
2144 1993 2194 2040 te
2224 1986 2527 2051 anatliema,
2557 1984 2761 2052 Israel,
2798 2000 2901 2039 non
2928 1985 3121 2053 poteris
3145 1997 3231 2041 re·

1649 2082 1833 2134 sistere
1866 2078 2092 2133 inimicis
2127 2079 2231 2132 tuit
2252 2077 2320 2133 ⁸¹.
2356 2077 2425 2132 ΕΙ.
2470 2092 2575 2131 non
2606 2077 2867 2146 processit
2898 2077 2950 2130 in
2985 2075 3230 2146 praeliutn

1650 2172 1822 2242 prius,
1858 2186 2020 2240 qnam
2063 2186 2093 2225 e
2120 2170 2296 2224 medio
2328 2169 2540 2224 tolleret
2572 2169 2782 2223 Acitan.
2823 2168 2902 2222 Ad
2937 2168 3050 2222 ltaec
3081 2167 3232 2223 vide-

1650 2278 1789 2327 mus,
1818 2264 2091 2334 quomodo
2127 2261 2342 2317 Saulem
2378 2275 2546 2332 regno
2566 2260 2882 2329 spoliaverit
2913 2258 3074 2327 Deus,
3102 2272 3231 2332 pro-

1648 2365 1769 2427 pter
1794 2354 2081 2409 anatliema
2111 2352 2253 2423 qnod
2280 2361 2499 2421 ceperat
2518 2365 2584 2405 ex
2614 2350 2835 2405 Amalec
2854 2349 2922 2403 ⁸⁸.

1715 2444 1857 2502 xlv.
1898 2443 2059 2513 Quid,
2112 2443 2254 2513 qnod
2303 2444 2443 2497 Dens
2498 2456 2601 2497 non
2650 2440 2823 2495 audiit
2863 2438 3048 2504 lsrael,
3098 2452 3226 2495 eum

1645 2539 1913 2593 Junatbas
1944 2539 2155 2592 hastam
2194 2535 2506 2590 intiuxisset
2550 2534 2603 2588 in
2654 2532 2832 2593 melle.
2864 2545 3098 2601 eumque
3130 2531 3229 2586 ad·-

1648 2630 1907 2686 movisset
1969 2629 2051 2683 ori
2119 2643 2221 2684 suo
2244 2628 2330 2682 ⁸⁸?
2388 2626 2746 2683 Ecclesiastes
2806 2633 3067 2694 praeterea
3127 2622 3227 2681 do-

1645 2736 1799 2789 cens,
1842 2720 2085 2793 quolibet
2147 2721 2371 2776 minimo
2410 2720 2542 2773 vitio
2583 2720 2841 2774 virtutum
2878 2716 3049 2774 aciem
3079 2715 3229 2773 fratt-

1646 2816 1696 2885 gi
1748 2815 2016 2871 dicebat:
2053 2812 2252 2868 Muecoe
2300 2814 2582 2867 morientes
2631 2812 2859 2881 perdunt
2905 2810 3226 2865 suauitatem

1646 2907 1982 2979 tanquen1i⁸⁸.
2026 2907 2091 2962 Et
2140 2907 2388 2962 Ezechiel
2420 2924 2434 2961 z
2469 2906 2814 2975 Quocunque,
2880 2903 3075 2973 inquit,
3097 2896 3109 2907 “
3135 2901 3225 2958 die

1636 3000 1818 3070 justus
1849 3000 2119 3072 deflexerit
2142 3000 2207 3053 de
2237 3000 2319 3053 rio
2336 2996 2561 3067 jttstitioe
2584 3012 2715 3059 euae,
2740 3004 2789 3049 et
2820 2994 3003 3064 fecerit
3028 2993 3226 3064 iniqui-

191 3092 267 3134 tuo
309 3095 608 3153 repugnare
640 3097 747 3138 non
783 3082 938 3144 ralet,
974 3085 1017 3139 si
1074 3086 1334 3141 virtutum
1375 3088 1541 3142 armis
1565 3123 1610 3184 c
1643 3102 1822 3156 tatem,
1862 3107 2041 3146 omnes
2061 3091 2293 3159 justitioe
2319 3093 2432 3160 ejus
2471 3090 2749 3143 tradentur
2791 3085 3139 3153 oblivioni⁸⁸3
3165 3095 3224 3142 et

191 3165 364 3222 itutus.
407 3168 470 3223 Et
497 3170 958 3240 quemadmodum
1001 3173 1113 3245 (17)
1138 3175 1182 3229 si
1207 3190 1332 3244 pars
1362 3177 1536 3247 aliqua

191 3261 427 3328 irruerit,
464 3262 650 3318 hostes
679 3264 732 3318 in
767 3265 962 3321 urbem
994 3280 1093 3334 per
1138 3267 1283 3322 illam
1329 3269 1541 3338 ingredi

193 3360 235 3418 t,
259 3351 391 3407 lieet.
423 3363 594 3422 portae
624 3347 1044 3412 custodiantur:
1071 3357 1144 3412 ita
1187 3359 1234 3413 si
1263 3359 1387 3428 quis
1412 3360 1542 3416 aedi-

196 3442 414 3497 ritualia
457 3446 853 3514 propugnacula
904 3447 1084 3517 aliqua
1138 3461 1204 3503 ex
1252 3460 1404 3520 parte
1444 3468 1543 3523 per

207 3541 306 3585 aot
349 3531 613 3600 flagitium
658 3534 867 3608 aliquod
924 3540 1067 3596 sinat
1101 3555 1380 3608 corruere,
1415 3545 1542 3602 licet

191 3635 232 3676 m
265 3633 456 3691 portas
491 3625 685 3698 alioqui
719 3629 1006 3702 diligenter
1039 3635 1249 3690 custodi
1256 3645 1329 3701 -ιι,
1361 3646 1540 3695 tamen

191 3714 315 3772 {rius
345 3716 588 3775 diabolus
613 3722 930 3813 ingreditur,
958 3735 1014 3780 et
1040 3728 1236 3782 evertit
1268 3728 1470 3785 omnia.

222 3806 406 3878 Neque
432 3824 560 3866 vero
583 3790 742 3870 baee
729 3830 847 3885 ipse
877 3817 1150 3888 contingo,
1183 3819 1278 3874 sed
1314 3821 1427 3891 ipsa
1458 3831 1542 3878 te·

191 3898 350 3955 lirina
379 3899 701 3974 Scriptura.
733 3905 800 3961 Et
838 3907 973 3963 dixit
1006 3909 1145 3964 Dens
1177 3910 1340 3967 Noe:
1366 3913 1437 3970 Te
1458 3932 1544 3971 eo-

202 3990 302 4047 hoc
361 3998 695 4065 generatione
738 4000 845 4054 vidi
893 4003 1104 4071 justum
1163 4015 1322 4077 atque
1369 4009 1543 4079 perse-

194 4099 210 4150 3
248 4084 480 4143 Abi-aba
512 4103 640 4144 vero
671 4109 686 4146 :
723 4091 971 4158 Anibnla,
1012 4096 1204 4166 iuquit,
1233 4114 1412 4153 eoram
1439 4117 1540 4167 nte,

191 4176 471 4244 perlectus,
512 4191 559 4234 et
598 4173 790 4248 ponant
835 4195 1047 4252 pactinn
1082 4203 1252 4242 meum
1290 4201 1456 4244 tecum
1488 4193 1544 4246 in

191 4280 332 4319 rnutn
351 4266 434 4334 '⁸3
467 4277 520 4322 et
556 4266 707 4324 lsaae
736 4270 1062 4328 benedicens
1095 4275 1204 4330 titio
1228 4291 1324 4331 suo
1352 4275 1546 4340 Jacob,

192 4357 350 4428 aquit,
385 4375 529 4415 mette
561 4363 860 4415 corroboret
886 4373 956 4427 te,
986 4366 1148 4420 donec
1177 4369 1346 4436 possis
1369 4369 1543 4439 [acere

1642 3179 1935 3251 Apostolus
1982 3198 1997 3234 ε
2044 3178 2358 3245 Modicum,
2410 3178 2623 3251 inquit,
2687 3177 3004 3247 fermentum
3057 3183 3222 3230 totam

1641 3287 1875 3326 massam
1916 3272 2201 3338 corrumpit
2224 3270 2293 3324 ⁸⁸.
2345 3272 2584 3326 Ananias
2626 3281 2806 3326 antem
2848 3280 2905 3326 et
2958 3267 3221 3341 sappini-a

1628 3378 1785 3419 -nxor
1803 3360 1944 3431 eius,
1965 3376 2090 3418 enm
2125 3361 2468 3420 fraudassent
2509 3365 2579 3416 de
2606 3366 2783 3432 pretio
2802 3362 2918 3432 agri
2952 3364 3225 3417 mentien-

1643 3463 1746 3521 tes,
1774 3465 1996 3525 repente
2035 3454 2349 3510 ceciderunt
2386 3462 2513 3508 ante
2553 3454 2715 3524 pedes
2744 3451 3139 3522 apostolorum,
3165 3463 3222 3507 et

1642 3545 2072 3616 exspirarunt⁸'.
2109 3544 2165 3600 Si
2195 3544 2525 3616 quie,iuquit
2552 3543 2811 3611 lacobus,
2853 3551 3021 3619 totam
3046 3541 3212 3614 leuem

1641 3637 1917 3694 seruaverit
1946 3679 1962 3705 ,
2005 3638 2279 3708 offenderit
2346 3645 2525 3692 autem
2585 3637 2641 3690 in
2702 3650 2808 3689 uno
2831 3675 2848 3701 ,
2914 3633 3087 3705 foetur
3143 3642 3222 3689 ert

1643 3731 1874 3786 omniunt
1902 3747 2019 3786 reus
2037 3731 2105 3786 ⁸⁸.
2136 3731 2402 3787 Admonet
2426 3743 2525 3786 nos
2552 3727 2693 3785 Deus
2713 3737 2771 3783 ut
2791 3726 2857 3783 ad
2889 3741 2947 3782 se
2967 3741 3065 3782 nos
3092 3741 3222 3782 con·

1642 3837 1920 3880 vertamus
1949 3842 1963 3879 ε
1999 3823 2066 3878 ln
2102 3841 2206 3895 qna
2242 3822 2362 3886 die,
2412 3821 2666 3893 inquiens
2713 3833 2809 3890 per
2854 3817 3219 3880 Ezechielem.

1644 3917 1951 3972 converterit
2002 3932 2057 3971 ee
2092 3916 2284 3985 impius
2308 3925 2341 3969 α
2367 3916 2449 3969 oia
2490 3912 2773 3979 impietatis
2801 3926 2934 3975 euoe,
2966 3918 3014 3963 et
3042 3910 3223 3977 fecerit

1634 4008 1912 4078 justitiam
1941 4017 1989 4063 et
2017 4007 2307 4077 judicium,
2333 4006 2670 4078 iniquitatum
2700 4003 2812 4074 ejus
2844 4020 2945 4057 non
2974 4006 3223 4057 recorda·-

1644 4099 1758 4165 bor,
1780 4103 1873 4155 ted
1893 4101 1997 4155 vita
2025 4101 2174 4155 viret.
2205 4098 2344 4164 Quia
2368 4098 2488 4153 nolo
2527 4105 2746 4150 mortem
2793 4096 3103 4163 peccatoris,
3127 4094 3219 4148 sed

1641 4193 1814 4262 potius
1842 4205 1898 4246 ut
1939 4201 2249 4255 revertatur,
2274 4202 2322 4247 et
2344 4189 2567 4245 vivut⁸’.
2601 4187 2743 4241 Dicit
2765 4187 3021 4241 Dominus
3040 4185 3219 4241 Dente:

1644 4281 2037 4348 convertimini,
2053 4290 2426 4338 corruet-tentet.
2446 4278 2948 4336 Curinteritdomue
2969 4273 3222 4330 lsroet⁸⁸i

1643 4374 1708 4430 Et
1762 4373 2069 4454 ieremias.
2104 4373 2506 4437 convertimini,
2542 4371 2738 4441 inquit,
2775 4372 2845 4423 od
2884 4385 2988 4432 nte,
3028 4366 3219 4421 donans

208 4449 520 4507 rotuntatem
574 4453 770 4522 eju-⁸⁸.
802 4455 866 4509 Et
904 4456 958 4511 in
1001 4457 1250 4516 Numeris
1279 4463 1537 4531 scriptum
1571 4473 1617 4528 1)
1648 4464 1840 4530 lsrael,
1894 4474 1943 4519 et
1987 4464 2248 4534 propitius
2291 4478 2380 4517 ero
2430 4462 2596 4525 rabir,
2627 4459 2753 4514 dicit
2788 4457 3133 4526 Dominus’¹;
3161 4465 3220 4513 et

191 4540 309 4596 nnis
347 4543 437 4613 qui
463 4553 637 4598 votnm
676 4544 828 4599 nabet
864 4563 1020 4617 super
1044 4564 1119 4612 ee,
1153 4565 1208 4603 se
1240 4551 1411 4617 ipsunt
1443 4567 1540 4605 cu·

219 4648 310 4688 nec
352 4636 531 4689 vinum
579 4635 753 4703 bibat,
795 4646 885 4692 aut
923 4654 1221 4694 ace1umex
1263 4641 1402 4705 vino,
1449 4655 1537 4695 aut

191 4731 213 4781 i
243 4728 502 4783 inebriare
555 4740 744 4797 potest,
774 4746 936 4798 usque
983 4734 1053 4784 ad
1091 4734 1300 4787 acinum
1335 4733 1535 4800 uroe⁷⁸;

192 4821 608 4876 enteronomio:
642 4819 701 4875 Si
733 4824 943 4889 exieris,
970 4823 1163 4892 inquit,
1204 4825 1273 4876 ad
1308 4841 1538 4894 pugnarn

191 4911 519 4967 adversarior
558 4923 701 4979 tuoe,
749 4917 952 4969 custodi
983 4925 1033 4970 te
1071 4917 1242 4984 ipsum
1291 4915 1354 4970 ab
1395 4920 1536 4973 omni

192 5024 194 5028 ⁸
222 5013 268 5057 et
304 5019 454 5068 opere
487 5005 647 5071 malo,
673 5007 838 5062 donee
866 5007 1111 5062 tradatur
1140 5009 1384 5065 inimicus
1414 5021 1534 5066 tuus

191 5110 235 5149 te
267 5096 472 5151 tua⁸⁷⁸.
508 5096 680 5152 Porro
716 5115 782 5154 ea:
816 5101 899 5155 iiie
953 5111 1142 5168 reptent
1171 5104 1407 5172 aemil-us
1443 5120 1535 5158 ne·

191 5189 397 5243 omnino
437 5192 699 5260 captivum
734 5195 983 5263 servabis,
1014 5211 1079 5250 ne
1107 5195 1291 5249 doceat
1337 5207 1386 5251 te
1413 5212 1535 5266 pee-

191 5355 264 5396 tn.
301 5358 419 5406 xm.
453 5343 543 5401 33.
644 5345 854 5402 ⁷¹Gen.
882 5364 982 5405 vu.
1015 5348 1067 5404 1.
1159 5349 1371 5408 ”(;ειι.
1415 5366 1549 5414 x=·.u
1597 5353 1650 5409 1.

1648 4556 1787 4610 idem
1847 4571 2073 4611 rursus:
2127 4553 2386 4626 Nunquid
2416 4555 2508 4626 qui
2544 4555 2753 4614 cecidit.
2785 4570 2889 4607 non
2944 4549 3220 4622 resurget?

1645 4657 1692 4700 et
1720 4647 1811 4715 qui
1862 4663 2073 4700 aversus
2106 4659 2206 4710 est,
2237 4662 2341 4700 non
2368 4645 2690 4700 revertetur?
2722 4643 2899 4708 Quare
2919 4659 3039 4712 erqo
3069 4658 3218 4697 uver-

1644 4753 1735 4791 sttr
1761 4747 1835 4790 est
1864 4737 2086 4805 populus
2112 4737 2207 4789 iate
2226 4737 2491 4791 aversione
2514 4734 2837 4788 contentioso
2853 4733 2879 4786 ‚⁹
2912 4733 3217 4802 Apnrehen-

1644 4831 1833 4884 derunt
1860 4830 2213 4892 mendacium,
2244 4839 2292 4884 et
2319 4827 2598 4883 noluerunt
2625 4826 2814 4879 reverti
2853 4829 2922 4878 od
2961 4840 3064 4888 nte,
3086 4824 3217 4878 dicit

1648 4921 1925 4975 Dominus.
1955 4921 2332 4977 Cottvertimini
2364 4922 2433 4975 ad
2474 4938 2576 4985 me,
2626 4929 2675 4974 et
2719 4935 2812 4990 eqo
2848 4927 3121 4973 convertor
3146 4917 3217 4973 od

1643 5027 1736 5067 roe
1755 5013 1842 5079 ”;
1878 5025 1933 5069 et
1960 5012 2222 5070 Dominus
2250 5031 2265 5068 ε
2290 5011 2352 5069 Si
2391 5013 2719 5078 dimiseritis,
2764 5011 2956 5081 inquit,
2991 5011 3217 5066 leontini-

1643 5106 1735 5159 bus
1780 5115 1997 5173 peceato
2037 5120 2217 5159 eurum
2242 5147 2256 5171 ,
2296 5106 2522 5160 dimittet
2568 5115 2616 5160 et
2658 5105 2799 5159 cobis
2847 5101 3013 5156 Pater
3052 5111 3218 5157 vester

1642 5198 1862 5252 coelestit
1899 5209 2112 5268 peecata
2148 5208 2335 5255 restro.
2363 5196 2516 5264 Quod
2542 5198 2587 5251 ei
2612 5213 2716 5251 non
2753 5193 3084 5262 dimiseritis,
3123 5210 3217 5249 nee

1751 5351 1798 5383 '⁸
1823 5348 1959 5406 Gen.
2000 5365 2192 5416 xxrttt,
2214 5353 2268 5408 3.
2368 5350 2415 5384 '⁸
2444 5351 2601 5406 Num.
2636 5367 2707 5416 vt,
2738 5351 2795 5417 2,
2822 5352 2876 5407 3.
2970 5350 3016 5385 '⁸
3059 5352 3212 5406 Dent.

191 5451 203 5465 .
280 5413 327 5444 ⁷⁸
359 5415 512 5468 Dent.
548 5432 639 5482 xx,
669 5417 764 5470 16-
773 5418 859 5473 18.
932 5418 978 5450 ”
1002 5420 1153 5473 Deut.
1187 5436 1282 5482 t·‚tt
1309 5421 1401 5474 22.
1478 5421 1526 5454 '⁸
1548 5422 1677 5477 ibid.
1705 5422 1763 5475 2.
1876 5421 1923 5452 ⁷⁰
1946 5419 2059 5475 Jos.
2092 5437 2166 5486 vt,
2192 5422 2278 5477 17.
2390 5421 2439 5454 ⁸⁹
2464 5422 2573 5478 Jus.
2609 5437 2702 5488 vn,
2730 5422 2784 5479 8.
2892 5420 2935 5454 ⁸¹
2964 5422 3094 5477 ibid.
3124 5419 3213 5476 13.

210 5484 437 5545 .n,15
469 5501 591 5556 sqq.
693 5486 740 5518 ⁸³
768 5486 783 5540 Ι
817 5487 1217 5559 tteg.x1v‚57.
1317 5491 1365 5522 ⁸⁸
1390 5491 1564 5546 i·Z.‹·cle
1595 5508 1649 5553 x.
1680 5492 1731 5545 1.
1810 5490 1858 5525 ⁸⁸
1884 5489 2078 5546 Ezecb.
2110 5506 2266 5558 xrnt,
2296 5491 2386 5548 24.
2482 5492 2530 5526 ⁸⁸
2554 5492 2673 5548 Gal.
2700 5508 2753 5557 v,
2787 5492 2841 5550 9.
2934 5492 2979 5525 ⁸⁸
3008 5494 3127 5546 Act..
3158 5503 3211 5553 r,

191 5497 394 5610 thiae.
432 5572 492 5620 ιι,
540 5559 621 5612 10.
701 5557 970 5615 ’“ΕιεεΙι.
999 5575 1160 5622 xvttt.
1189 5559 1284 5615 21-
1290 5561 1381 5624 25,
1422 5561 1493 5616 52

1603 5562 1650 5594 ’⁰
1682 5560 1875 5617 Ezccb.
1912 5575 2107 5628 xxxnt,
2145 5563 2233 5618 tt.
2324 5563 2368 5596 ⁸¹
2393 5561 2500 5619 Jer.
2539 5578 2618 5626 tn,
2671 5564 2759 5619 22.
2858 5563 2904 5596 ⁰²
2949 5560 3061 5618 Jer.
3089 5574 3210 5629 vtu,

191 5775 254 5830 Et
315 5781 773 5851 quemmtmodum,
833 5793 938 5839 etc.
973 5783 1158 5840 Graece
1212 5784 1355 5841 intra
1384 5785 1420 5840 l.
1453 5800 1526 5852 c..
1572 5800 1692 5858 cap.
1735 5787 1824 5844 15.
