3725 6125
213 331 309 387 461

1378 320 1658 376 ttOMtLta
1698 320 1837 375 xxt.
1874 321 1937 375 lN
1971 320 2166 377 PSAL.
2205 322 2312 377 vn.

3370 325 3476 379 ἰοῦ-2

214 442 351 506 οἶνος
395 440 458 493 οὐ
493 437 629 509 ταχὺ
662 435 988 499 ἀλλοιοῦται,
1024 437 1145 489 οὔτε
1193 439 1474 508 τρέπεται,
1517 443 1544 492 ὁ
1585 440 1641 493 δὲ
1685 438 1802 502 νέος
1833 445 1874 501 Α
1915 449 1997 494 tns
2038 443 2222 496 vinnm
2253 458 2357 496 uon
2407 441 2562 497 facilc
2590 446 2874 509 alteratur,
2908 454 3082 509 neque
3117 439 3367 507 vertitur,
3398 442 3478 493 vi·

214 532 356 598 οἶνος
397 527 699 603 ἀμφίδολος
736 527 952 596 γείτων·
987 526 1158 592 οὕτως
1207 530 1235 580 ὀ
1273 530 1499 594 παλαιὸς
1543 530 1695 598 φίλος
1726 529 1801 593 ὡς

217 623 363 690 οἶνος
398 621 733 697 προπάλαιος
775 620 1057 691 εὐφραίνει
1100 621 1192 674 τὸν
1221 620 1433 692 ἔχοντα.
1461 624 1570 677 Καὶ
1609 622 1800 676 τούτου

226 717 443 789 μάρτυς
498 717 530 787 ἠ
569 713 686 767 θεία
732 712 947 784 Γραφή·
996 710 1169 779 Οἶνος
1220 712 1376 779 νέος,
1419 715 1599 782 φίλος
1642 714 1798 779 νέος·

224 810 336 864 ἐὰν
361 807 429 862 δὲ
453 803 778 874 παλαιωθῇ,
795 806 926 875 μετ’
950 807 1335 874 εὐφροσύνης
1361 807 1548 860 αὐτὸν
1574 808 1799 860 πίεσαι.

230 901 440 970 Ὥσπερ
484 898 539 952 δὲ
578 899 608 950 ό
640 897 924 967 πυρέττων
958 898 1049 951 καὶ
1087 899 1390 970 φρενητιῶν
1427 899 1519 951 τὸν
1570 895 1801 952 παλαιὸν

233 986 368 1044 οἶνον
396 990 468 1054 ὡς
499 989 757 1059 πολέμιον
783 989 1208 1060 ἀποστρέφεται,
1244 993 1272 1043 ὀ
1309 990 1363 1044 δὲ
1398 990 1655 1058 ὑγιαίνων
1709 989 1802 1043 καὶ

234 1082 530 1155 ἐρρωμένος
555 1082 656 1153 τὴν
678 1081 907 1154 καρδίαν
968 1081 1336 1152 εὐφραίνεται·
1381 1080 1475 1135 καὶ
1505 1076 1668 1146 οἶνος
1691 1079 1800 1152 γὰρ

227 1172 520 1242 εὐφραίνει
566 1170 823 1240 καρδίαν
863 1170 1196 1240 ἀνθρώπου·
1233 1170 1408 1235 οὕτως
1443 1174 1471 1226 ὀ
1501 1171 1672 1226 νοσῶν
1704 1167 1801 1245 τὴν

222 1261 405 1335 φρένα,
442 1264 540 1318 καὶ
589 1266 656 1336 τῇ
697 1264 866 1335 κακίᾳ
910 1264 1212 1336 πυρέττων,
1261 1264 1352 1319 τὸν
1384 1267 1610 1338 ἀρχαῖον
1651 1265 1800 1336 φίλον

218 1355 408 1426 φεύγει
432 1356 511 1420 ὡς
541 1355 820 1427 πολέμιον·
844 1357 944 1411 ὀδὲ
966 1358 1224 1425 ὑγιαίνων
1250 1359 1346 1427 τὴν
1378 1359 1686 1431 συνείδησιν
1721 1358 1798 1423 ὡς

218 1449 503 1520 δευτέρους
543 1449 734 1518 γονέας
784 1450 877 1502 καὶ
924 1449 1185 1519 ἀδελφοὺς
1222 1453 1348 1514 τοὺς
1378 1451 1563 1520 φίλους
1597 1452 1802 1520 λογίζε-

220 1559 327 1596 ται.

287 1630 455 1685 Ὅθεν
513 1633 602 1685 τὸν
658 1633 827 1687 Χουσὶ
884 1634 1038 1702 φίλον
1078 1636 1171 1687 καὶ
1196 1628 1551 1706 ἀρχιεταίρον
1596 1635 1801 1689 ἄνωθεν

222 1725 312 1777 καὶ
335 1724 576 1796 έξαρχῆς
599 1720 764 1795 εἶχεν,
789 1723 948 1778 τοῦτο
977 1725 1172 1795 λέγων·
1205 1728 1269 1780 Et
1301 1730 1328 1779 ὁ
1365 1728 1536 1797 μέγας
1559 1728 1800 1798 Μωῦσῆς

218 1816 504 1888 ἄνθρωπος
548 1816 644 1870 τοῦ
682 1816 817 1871 Θεοῦ
860 1820 953 1872 καὶ
1001 1819 1121 1883 θεὸς
1150 1819 1370 1891 Φαραὼ,
1406 1820 1497 1874 τὸν
1525 1819 1674 1885 ξένον
1708 1823 1800 1874 καὶ

221 1909 350 1963 ίδιον
383 1908 476 1962 τὸν
518 1908 703 1983 Ἰοθὼρ
733 1909 1036 1980 σύμὸουλον
1063 1911 1239 1983 ἐ’σχεν·
1271 1912 1362 1965 τὸν
1390 1912 1559 1979 ξένον,
1590 1913 1680 1967 διὰ
1701 1913 1800 1985 τὴν

222 2001 539 2071 θρησκείαν,
577 2001 667 2054 καὶ
724 2000 873 2066 ἴδιον,
919 2001 1005 2055 διὰ
1056 2002 1157 2072 τὴν
1193 2004 1532 2073 συγγένειαν·
1581 2006 1673 2059 καὶ
1703 2006 1801 2077 οὐχ

222 2093 660 2164 ὑπερηφάνησεν,
691 2093 812 2146 οὐδὲ
843 2090 1014 2145 εἶπεν·
1063 2093 1202 2162 Ἐγὼ
1240 2095 1299 2147 ού
1331 2094 1515 2166 χρῄζω
1549 2096 1651 2167 τῆς
1680 2097 1802 2151 τού·

221 2200 309 2236 του
338 2181 584 2255 γνώμης·
604 2186 633 2237 ὁ
655 2184 786 2248 Θεός
819 2202 906 2254 μοι
939 2184 1223 2256 ἐλάλησεν,
1265 2187 1595 2261 ἐπαιδεύθην
1637 2191 1789 2262 πάσῃ

224 2272 382 2345 σοφίᾳ
408 2273 741 2342 Αἰγυπτίων,
778 2276 871 2327 καὶ
900 2275 1016 2338 πῶς
1044 2275 1232 2328 τοῦτον
1256 2278 1607 2351 γνωμοδότην
1635 2280 1802 2350 λήψο-

225 2383 351 2435 μαι;
400 2365 538 2419 Ἀλλ’
565 2365 717 2419 οὐδὲν
742 2366 946 2420 τούτων
967 2364 1137 2433 εἶπεν,
1173 2369 1403 2441 ἐπείσθη
1435 2371 1491 2425 δὲ
1516 2373 1596 2443 τῷ
1620 2374 1801 2439 καλῶς

224 2455 661 2527 συμὸουλεύοντι,
705 2457 882 2521 εἰδὼς,
918 2457 999 2511 ὅτι
1039 2461 1419 2528 συμόουλίας
1452 2463 1655 2516 ἀκούει
1696 2479 1802 2516 σο-

221 2550 349 2618 φός.
386 2548 498 2603 Καὶ
521 2546 709 2620 ὥσπερ
733 2549 825 2601 ἐπὶ
858 2549 956 2619 τῆς
984 2550 1210 2622 ἀγορᾶς,
1248 2552 1474 2623 ἱματίων
1500 2559 1800 2626 προκειμέ-

222 2657 343 2704 νων,
372 2641 401 2693 ὀ
434 2640 657 2712 χρυσίον
691 2638 766 2711 μὴ
789 2639 947 2710 ἔχων,
980 2642 1262 2712 δοκιμάζει
1292 2644 1450 2714 μόνον
1480 2645 1546 2698 τὰ
1572 2646 1802 2717 ἐνδύμα-

222 2750 304 2796 τα,
339 2733 434 2786 καὶ
482 2731 668 2784 σκυλεί
698 2731 893 2795 ταῦτα,
931 2732 1247 2804 ἐνδυόμενος
1283 2736 1376 2789 καὶ
1408 2736 1797 2807 ἀποδυόμενος,

222 2824 311 2875 καὶ
341 2824 438 2878 ὅλα
468 2826 642 2895 φορεῖ,
671 2823 762 2876 καὶ
785 2824 907 2878 οὐδὲ
932 2825 988 2879 ἓν
1019 2827 1146 2895 παρ’
1177 2826 1354 2897 ἑαυτῷ
1384 2832 1593 2899 κρατεῖ·
1625 2829 1800 2895 οὕτως

220 2918 248 2969 ὁ
279 2915 570 2986 λεγόμενος
598 2914 768 2983 φίλος,
804 2917 878 2987 μὴ
911 2915 1048 2985 ἔχων
1077 2916 1276 2987 χρυσὸν
1304 2918 1525 2989 δόκιμον
1552 2919 1647 2990 τὴν
1678 2937 1802 2973 συν-

222 3006 444 3078 είδησιν,
481 3005 556 3070 ὡς
609 3009 666 3060 ὲν
713 3007 886 3079 ἀγορᾷ
916 3005 994 3077 τῷ
1043 3007 1143 3078 βίῳ
1184 3010 1392 3074 πάντας
1433 3010 1678 3065 ἐνδύεται
1707 3013 1801 3066 καὶ

1907 550 2031 587 num
2069 548 2198 589 vero
2225 550 2420 589 novum
2447 546 2528 590 est
2558 550 2756 604 anceps
2781 534 2991 588 vicinus
3016 550 3031 588 ι
3064 534 3139 588 ita
3162 539 3319 588 vetus
3350 534 3480 588 ami·

1906 638 2001 677 cus
2036 634 2289 692 tanquam
2315 628 2498 679 vinum
2524 638 2791 682 vetustum
2825 626 3058 682 laetilicat
3099 640 3221 680 eum
3267 628 3355 695 qni
3386 627 3482 680 lia·

1906 716 2016 769 bet.
2053 714 2218 783 Cujus
2252 718 2330 771 rei
2359 718 2637 786 Scriptura
2676 720 2829 773 testis
2860 728 2944 773 est
2978 736 2992 772 :
3046 717 3233 771 Vinum
3268 734 3480 781 novum,

1904 806 2104 860 anticus
2128 824 2293 860 novus
2313 825 2332 872 ;
2365 809 2411 862 si
2437 819 2611 862 autem
2648 809 3032 872 inveteraverit,
3071 824 3187 861 cum
3221 808 3482 862 stinvilate

1904 894 2044 949 bibes
2078 895 2211 950 illud
2238 897 2299 951 ³⁰.
2348 898 2515 952 Porro
2555 899 2695 953 sicut
2725 902 2817 969 qui
2850 899 3000 955 febre
3028 899 3257 966 laborat,
3290 910 3481 969 estque

1906 987 2272 1052 phreneticuS,
2309 991 2491 1044 vinum
2526 1001 2683 1047 vetus
2722 1000 2781 1045 ut
2825 989 2927 1045 sibi
2969 990 3254 1046 adversum
3308 992 3479 1056 vitat;

1904 1079 1993 1147 qni
2045 1089 2222 1134 autem
2274 1096 2438 1136 sanus
2485 1080 2803 1151 validusque
2856 1090 2959 1145 est.
3007 1097 3101 1151 per
3133 1081 3262 1136 illud
3317 1084 3483 1138 corde

1905 1172 2237 1238 delectatum
2278 1175 2478 1230 etenim
2524 1176 2701 1230 virtum
2741 1174 2976 1242 Ioetificat
3005 1191 3097 1228 cor
3118 1175 3346 1231 Ιιοηιὶηὶε
3399 1177 3477 1228 ”;

1905 1262 1984 1317 sic
2014 1277 2157 1334 aeger
2204 1275 2385 1320 mente
2409 1307 2425 1330 .
2462 1277 2518 1321 et
2568 1265 2790 1321 malitiae
2823 1265 2972 1322 febre
3017 1265 3289 1330 detentus,
3342 1266 3483 1321 anti·

1905 1371 2068 1423 quum
2105 1357 2337 1412 amicum
2364 1357 2499 1428 fugit
2528 1357 2677 1412 velut
2708 1352 2920 1412 lios‘tem
2947 1376 2963 1424 ς
2996 1357 3327 1413 conscientia
3354 1372 3485 1413 vero

1906 1462 2069 1501 sanus
2118 1447 2291 1502 instar
2312 1449 2671 1503 secundorum
2693 1462 2979 1520 parentum
3009 1461 3061 1506 ct
3093 1450 3321 1503 fratrum
3352 1451 3485 1502 ami·

1905 1551 1997 1590 cos
2027 1537 2194 1595 ducit.

1980 1626 2132 1682 Unde
2179 1629 2345 1682 David
2379 1629 2542 1685 Clmsi
2591 1633 2823 1687 amicum
2861 1643 2915 1687 et
2963 1632 3260 1703 principem
3308 1634 3484 1687 socio·

1910 1732 2024 1770 rum
2056 1717 2183 1772 olim
2232 1730 2287 1775 et
2329 1723 2397 1776 ab
2445 1722 2599 1776 initio
2638 1722 2848 1787 habuit,
2878 1723 2981 1778 ltoc
3008 1740 3190 1779 secum
3225 1725 3436 1780 locutus
3468 1744 3482 1778 ε

1835 1781 1874 1835 Β
1906 1809 1961 1863 Si
2009 1817 2234 1882 magnus
2280 1813 2475 1878 Moses,
2510 1816 2669 1870 homo
2719 1819 2806 1873 Dei
2858 1834 2922 1871 ac
2960 1820 3093 1873 deus
3142 1817 3484 1881 Pharaonis,

1903 1912 2220 1958 extraneum
2264 1915 2320 1960 et
2354 1907 2631 1977 proprium
2672 1907 2952 1963 Jothorem
3002 1910 3189 1964 habuit
3231 1911 3488 1965 consilia-

1906 1991 2062 2049 rium.
2104 2004 2423 2049 extraneum
2456 1998 2525 2050 ol>
2561 1996 2898 2066 religionem,
2947 2000 3223 2070 proprium
3270 2002 3339 2055 ob
3371 1999 3489 2055 affl·

1904 2078 2158 2146 nitatem;
2204 2095 2302 2135 nec
2331 2084 2562 2150 superbe
2591 2100 2650 2140 se
2679 2088 2869 2153 gessit,
2920 2103 3096 2157 neque
3139 2088 3277 2143 dixit
3307 2108 3319 2142 :
3372 2088 3485 2161 Ego

1905 2185 2007 2224 non
2044 2170 2257 2243 indigeo
2281 2174 2397 2242 ejus
2430 2178 2694 2242 consilio;
2723 2179 2865 2234 Deus
2888 2195 3100 2235 mecum
3139 2180 3351 2236 locutus
3379 2194 3484 2243 cst.

1903 2264 2123 2319 edoctus
2173 2280 2291 2321 sum
2330 2282 2547 2322 onmem
2597 2271 2922 2339 sapientiam
2976 2274 3389 2347 AEgyptioruni;
3432 2290 3488 2331 ct

1903 2371 2010 2424 qno
2052 2358 2210 2411 modo
2258 2358 2401 2414 hunc
2430 2362 2639 2415 consilii
2683 2365 2927 2419 datorem
2976 2369 3297 2421 assumam?
3339 2369 3485 2424 Nitm

1905 2450 2128 2504 istorum
2174 2450 2333 2516 dixit,
2380 2456 2474 2507 sed
2516 2456 2805 2511 obsecutus
2846 2469 2929 2513 est
2964 2458 3110 2514 recte
3142 2463 3483 2527 consulenti,

1904 2553 2104 2607 gnarus
2145 2541 2287 2608 quod
2316 2543 2537 2596 consilia
2587 2548 2732 2597 audit
2768 2550 2975 2613 sapiens
3013 2551 3081 2604 ¹⁸.
3135 2552 3203 2606 Et
3241 2554 3378 2608 sient
3430 2555 3490 2612 in

1903 2628 2040 2696 soro,
2071 2631 2161 2685 ubi
2205 2644 2385 2688 vestes
2423 2639 2683 2704 expositae
2717 2647 2865 2700 snnt,
2912 2640 3002 2710 qni
3054 2643 3337 2710 pecuniam
3380 2655 3492 2704 non

1904 2721 2086 2787 habet,
2114 2724 2305 2793 prohat
2350 2727 2522 2781 solnm
2560 2729 2893 2796 indumenta,
2925 2746 3096 2801 eaque
3126 2734 3365 2804 deponit,
3405 2736 3490 2790 in·

1904 2813 2022 2867 duit
2049 2829 2109 2867 se
2148 2824 2312 2884 atque
2342 2821 2513 2885 exuit,
2572 2829 2625 2873 ct
2664 2821 2847 2876 omnia
2896 2833 3094 2893 gestat,
3154 2826 3358 2881 nullum
3408 2835 3494 2883 ta-

1906 2920 2027 2960 men
2071 2909 2270 2962 retinet
2299 2911 2438 2979 apud
2475 2928 2574 2966 se:
2625 2914 2705 2967 sic
2738 2916 2830 2982 qui
2872 2916 3075 2970 dicitur
3116 2918 3345 2985 aritiens,
3390 2934 3492 2975 nec

1906 2997 2067 3053 habet
2127 3000 2349 3070 probam
2398 3002 2680 3073 pecuniam
2742 3008 3164 3077 conscientiam,
3220 3009 3367 3069 velut
3433 3015 3487 3067 ln

220 3099 534 3163 exossatas,
598 3101 806 3163 πάντας
852 3100 1128 3164 ἀλλάσσει,
1176 3102 1270 3154 καὶ
1314 3101 1435 3156 οὐδὲ
1480 3103 1575 3157 ἓν,
1624 3108 1801 3177 φορεῖ,
1830 3118 1875 3176 C
1910 3089 2050 3159 soro,
2108 3095 2158 3145 in
2191 3093 2298 3147 vita
2331 3109 2520 3149 omnes
2553 3096 2726 3150 induit
2764 3115 2827 3152 ac
2862 3103 3038 3182 exuit,
3063 3117 3256 3161 pitines
3290 3112 3487 3169 mutat,
3537 3094 3549 3104 '

237 3192 367 3245 Ἀλλ’
411 3193 513 3246 οὐκ
545 3187 685 3263 ἦσαν
729 3192 955 3245 τοιοῦτοι
989 3192 1130 3260 φίλοι
1169 3194 1197 3245 ὁ
1239 3193 1410 3246 Χουσὶ
1447 3196 1540 3247 καὶ
1568 3198 1596 3248 ὁ
1620 3195 1803 3274 Δαίλδ,

1915 3182 2295 3254 nemim-mque
2304 3193 2498 3254 gestat.
2518 3188 2722 3249 Verum
2740 3208 2846 3253 non
2863 3180 3305 3263 ejusmodieeant
3327 3197 3487 3252 amici

221 3284 337 3337 οὐδὲ
370 3285 431 3336 τὸ
458 3283 657 3355 πικρὸν
693 3282 786 3336 τοῦ
809 3283 962 3336 δόλου
991 3285 1249 3371 ποτήριον
1291 3264 2583 3368 ἀλλήλως-«ροέῇμῌκωᾞνῦνῖδζπφὲ
2597 3264 2845 3335 antarum
2877 3284 2983 3337 doti
3019 3282 3245 3339 calicem
3273 3287 3375 3341 sibi
3408 3287 3490 3341 in-

221 3392 327 3442 νον,
377 3374 502 3427 οὐδὲ
554 3373 652 3445 τὴν
705 3374 979 3446 μάχαιραν
1035 3374 1128 3428 τοῦ
1151 3370 1349 3445 φθόνου
1419 3376 1541 3431 καθ’
1598 3378 1808 3431 ἑαυτῶν

218 3447 451 3533 stimant·
481 3467 637 3537 αὐτοὶ
662 3465 721 3521 δὲ
751 3467 809 3520 έν
832 3465 1044 3530 ἑαυτοῖς
1073 3468 1302 3531 ἑαυτοὺς
1338 3470 1689 3538 κεράσαντες,
1714 3472 1808 3524 καὶ

224 3561 320 3623 τὰς
369 3559 463 3613 δύο
510 3558 690 3630 ψυχὰς
725 3559 853 3629 μίαν
902 3563 967 3629 τῇ
1008 3559 1245 3613 διαθέσει
1282 3559 1575 3625 δείξαντες,
1620 3561 1809 3636 ὥσπερ

230 3652 325 3719 τῆς
356 3652 672 3720 εὐημερίας,
714 3649 854 3702 οὕτω
898 3651 989 3703 καὶ
1013 3650 1110 3720 τῆς
1144 3649 1519 3720 ταλαιπωρίας
1560 3656 1810 3708 κοινωνοὶ

238 3742 494 3806 ἐγίνοντο.
514 3741 654 3794 Μίαν
687 3742 795 3812 γὰρ
822 3740 1097 3811 περῶντες
1121 3740 1214 3793 τοῦ
1248 3741 1364 3811 βίου
1391 3742 1688 3809 θάλασσαν,
1717 3747 1810 3798 καὶ

248 3832 325 3891 είς
355 3830 416 3881 τὸ
447 3830 574 3884 αὐτὸ
608 3833 808 3900 σκάφος
850 3833 950 3902 τῆς
989 3831 1347 3903 συνειδήσεως
1398 3832 1673 3898 πλέοντες,
1717 3836 1810 3888 καὶ

246 3919 344 3989 τὴν
392 3920 632 3976 εύπλοῖαν
699 3925 791 3977 καὶ
849 3923 941 3975 τὸν
999 3922 1242 3993 χειμῶνα
1301 3923 1562 3987 ὡσαύτως
1609 3925 1811 3996 ὑπέμε-

243 4028 346 4064 νον.

313 4105 556 4174 Ψαλμὸς
584 4104 663 4171 τῷ
693 4106 888 4169 Δαόὶδ,
919 4106 991 4160 ὃν
1008 4101 1166 4177 ᾖσεν
1194 4104 1273 4172 τῷ
1299 4109 1494 4175 Κυρίῳ
1520 4107 1668 4176 ὑπὲρ
1693 4107 1813 4162 τῶν

233 4192 434 4259 λόγων
464 4195 648 4247 Χουσὶ
687 4194 821 4249 υἱοῦ
858 4196 1108 4265 Ἰεμενεί.
1156 4195 1264 4248 Καὶ
1321 4194 1409 4248 διά
1464 4197 1516 4249 τί
1556 4197 1699 4268 ᾠδὴν
1736 4197 1812 4268 τῷ

235 4285 429 4355 Κυρίῳ
458 4286 487 4338 ὁ
526 4287 688 4339 Δαὸὶδ
734 4289 873 4358 ὑπὲρ
911 4287 1004 4340 τοῦ
1045 4289 1215 4341 Χουσὶ
1242 4289 1575 4359 ἀνέπεμψεν,
1611 4290 1678 4343 δι’
1706 4289 1813 4342 ὀλί-

234 4391 349 4442 γων
385 4374 602 4445 ἴδωμεν.
644 4379 704 4430 Ὀ
736 4379 847 4440 υἱὸς
892 4379 1054 4432 αὐτοῦ
1119 4379 1435 4451 ’Λ6εσαλὼμ
1477 4383 1596 4435 κατ’
1647 4381 1812 4435 αὐτοῦ

1913 3364 2083 3419 vicem
2113 3368 2553 3436 propinaveram,
2601 3386 2774 3440 neque
2806 3373 3018 3429 invidiae
3052 3374 3288 3444 gladium
3328 3394 3489 3436 acuc-

1916 3467 2037 3511 rant
2074 3470 2258 3513 contra
2295 3475 2384 3528 se;
2430 3463 2522 3517 sed
2565 3464 2663 3533 ipsi
2700 3466 2825 3519 dum
2870 3467 2923 3519 in
2954 3468 3261 3538 semetipsis
3295 3481 3489 3526 attem-

1913 3559 2102 3616 perant
2159 3563 2259 3613 sc,
2323 3553 2564 3623 duasque
2614 3555 2822 3610 aninms
2878 3573 2971 3624 per
3021 3559 3271 3615 affectum
3323 3579 3487 3618 unam

1915 3641 2229 3706 ostendunt,
2264 3651 2323 3697 ut
2360 3646 2755 3712 prosperitatis,
2788 3649 2942 3703 sicet
2973 3649 3303 3709 infelicitatis
3342 3659 3474 3711 socii

1912 3740 2085 3786 erant.
2126 3732 2301 3788 Unum
2337 3734 2481 3788 enim
2514 3737 2833 3791 emetientes
2870 3739 2994 3793 vitae
3025 3756 3194 3806 mare,
3224 3745 3368 3798 acin
3396 3759 3488 3799 ea·

1914 3825 2034 3880 dem
2074 3826 2197 3880 navi
2238 3827 2583 3882 conscientia!
2633 3828 2968 3897 navigantes,
3010 3846 3131 3886 cum
3172 3849 3485 3904 prosperam

1916 3918 2334 3989 navigationem,
2392 3927 2502 3973 tum
2556 3929 2938 3991 tempestatem
2998 3924 3199 3994 pariter
3247 3928 3487 3981 sustine-

1913 4011 2066 4064 hant.

1986 4099 2234 4155 psalmus
2275 4100 2466 4164 David,
2511 4118 2661 4168 qvem
2700 4105 2930 4157 cantat-it
2977 4103 3202 4159 Domino
3244 4123 3337 4174 pro
3377 4124 3486 4164 ver-

1915 4193 1992 4247 bis
2038 4193 2199 4248 claust
2240 4194 2340 4261 filii
2378 4193 2596 4249 hmini.
2636 4195 2698 4249 Et
2733 4211 2902 4265 quare
2944 4198 3215 4252 canticum
3262 4199 3489 4254 Domino

1914 4285 2158 4341 emiserit
2202 4285 2367 4341 David
2407 4301 2503 4356 pro
2539 4286 2725 4352 Chusi,
2769 4288 2954 4357 paucis
2983 4287 3281 4346 videamus.
3319 4289 3489 4346 Filius

1917 4374 2034 4445 ejus
2059 4375 2312 4432 Absalom
2347 4378 2605 4432 adversus
2634 4393 2757 4432 eum
2785 4379 3125 4449 tyrannidem
3160 4382 3387 4451 arripuit
3416 4382 3486 4436 ¹⁸.

236 4467 617 4538 ὶτυράννησεν.
661 4471 930 4540 Φιλήμασι
970 4471 1080 4542 γὰρ
1119 4473 1211 4524 καὶ
1247 4472 1600 4543 περιπλοκαῖς
1639 4490 1809 4543 σαγη-
1845 4463 1888 4515 D
1916 4467 2130 4525 Osculis
2174 4469 2318 4523 enim
2366 4479 2419 4524 et
2468 4470 2802 4538 amplexibus
2856 4469 3096 4539 singulos
3148 4471 3405 4537 irretitos,
3456 4491 3487 4530 a

238 4557 407 4610 νεύων
440 4559 669 4613 ἕκαστον
712 4562 843 4631 (w),
871 4563 968 4632 τῆς
1003 4561 1094 4615 τοῦ
1127 4562 1334 4633 πατρὸς
1359 4563 1538 4633 φιλίας
1564 4564 1691 4628 τοὺς
1725 4565 1811 4632 φί-

237 4648 361 4711 λους
383 4649 725 4714 ἀπέσπασεν,
752 4651 843 4704 τὸν
873 4652 1022 4705 δόλον
1050 4652 1126 4714 ὡς
1159 4636 1266 4715 ίῷν
1294 4653 1494 4722 φέρων,
1533 4652 1625 4705 καὶ
1646 4652 1707 4704 τὸ
1728 4654 1815 4722 φί-

236 4743 390 4813 λημα
422 4742 741 4814 ἄγκιστρον,
771 4743 863 4796 καὶ
912 4743 1102 4814 δέλεαρ
1137 4743 1235 4812 τὴν
1265 4743 1572 4804 κολακείαν,
1619 4743 1711 4796 καὶ
1739 4743 1815 4796 δί·

237 4853 377 4889 κτυα
400 4835 610 4907 πλάνης
632 4835 730 4898 τάς
752 4835 1098 4911 περιπλοκάς.
1139 4835 1290 4888 Ἐπεὶ
1313 4829 1406 4887 οὖν
1422 4834 1628 4898 πάντας
1646 4834 1816 4899 οὕτως
1849 4875 1866 4893 ,

237 4927 334 4980 ἕνα
377 4926 500 4979 καθ’
524 4927 627 4981 ἕνα
669 4926 793 4989 τοὺς
827 4925 1013 4993 φίλους
1060 4923 1154 4976 τοῦ
1185 4923 1348 4975 Aeeta
1398 4922 1738 4994 ἀπεσύλησεν
1789 4927 1818 4977 ό

251 5017 591 5088 Ἀδεσαλὼμ,
632 5015 842 5080 ὁπλίζει
879 5014 1062 5069 λοιπὸν
1085 5014 1280 5076 αὐτοὺς
1297 5013 1435 5066 κατὰ
1470 5012 1562 5065 ’τοῦ
1592 5013 1815 5085 πατρὸς,

242 5110 608 5178 συκοφαντίας
620 5107 770 5179 αὐτῷ
782 5108 875 5160 καὶ
895 5104 1146 5168 διαὸολὰς
1173 5105 1686 5174 ράπτων.”Εκαστος
1710 5105 1817 5178 γὰρ

238 5203 315 5265 ὡς
363 5200 466 5271 υἱῷ
499 5201 593 5254 τοῦ
628 5201 811 5265 Aeeta,
844 5200 935 5252 καὶ
972 5198 1046 5261 ὡς
1078 5196 1277 5266 μᾶλλον
1305 5196 1371 5249 τὰ
1400 5197 1519 5249 κατ’
1550 5195 1711 5249 αὑτὸν
1738 5198 1818 5248 εί-

239 5293 376 5352 δζτι.
412 5293 696 5346 ἐπίστευεν
729 5289 1170 5359 συκοφαντοῦντι.
1216 5288 1370 5344 Ἐπεὶ
1398 5284 1490 5341 οὖν
1520 5288 1657 5360 μετὰ
1684 5286 1820 5342 πάν-

317 5457 362 5485 ⁸⁰
404 5454 572 5508 Eccli.
632 5471 706 5514 tx,
753 5455 836 5509 ¹5.
913 5453 1277 5530 ’‘psal-qm,
1313 5449 1398 5504 ¹5.

316 5600 432 5670 (49)
471 5599 830 5667 Zarnretiw
865 5598 1144 5656 ἕκαστον.
1175 5600 1502 5671 Σαγηνεύειν
1528 5597 1665 5668 πρὸς
1689 5596 1820 5650 ‹Dm-

246 5670 402 5733 θείας
435 5669 753 5736 ἐπίγνωσιν,
785 5669 920 5722 dixit
955 5669 1187 5740 Cyrillns
1226 5671 1384 5725 Alex.
1433 5667 1648 5727 matoqo
1693 5667 1728 5721 5
1755 5642 1820 5720 Ae

249 5752 434 5794 sancta
465 5739 745 5804 Τνὶηὶιαεε,
776 5753 829 5807 q.
881 5737 1000 5792 ⁴97.
1046 5738 1109 5792 Et
1144 5755 1248 5792 nou
1300 5750 1476 5794 antem
1518 5734 1818 5790 σαλινεύειν

1500 5452 1544 5481 ¹¹
1580 5450 1740 5506 Prov.
1795 5466 1907 5518 xit,
1944 5452 2028 5506 15.

1918 4560 2089 4629 patris
2118 4559 2353 4614 amicitia
2383 4560 2588 4615 amicos
2630 4560 2878 4626 retraxit,
2912 4560 3155 4616 fraudem
3208 4561 3378 4617 instar
3410 4567 3489 4618 vi-

1920 4653 1996 4712 sci
2054 4651 2253 4717 serem,
2304 4651 2543 4706 osculnm
2599 4652 2771 4704 instar
2820 4650 2989 4717 hami,
3040 4651 3329 4708 blanditias
3374 4655 3490 4710 viee

1922 4758 2082 4807 escae,
2117 4742 2399 4813 amplexus
2422 4743 2567 4797 velut
2591 4742 2726 4797 retia
2749 4743 2973 4798 erroris.
3007 4742 3298 4813 Postquam
3326 4745 3489 4815 igitur

1925 4834 2178 4889 Alisalom
2237 4836 2315 4888 sic
2373 4849 2562 4889 omnes
2621 4833 2837 4888 Davidis
2895 4835 3099 4890 amicos
3151 4849 3316 4890 unum
3373 4846 3494 4908 post

1924 4926 2087 4980 alium
2135 4927 2485 4997 abripuisset,
2522 4927 2634 4997 jam
2680 4933 2856 4981 armat
2897 4942 2991 4982 eos
3023 4937 3212 4983 contra
3246 4938 3490 4998 patrem,

1925 5018 2010 5073 cui
2050 5018 2349 5074 calumnias
2376 5028 2430 5075 et
2469 5019 2878 5074 criminationes
2913 5019 3146 5072 consuit.
3195 5017 3494 5088 Unusquis-

1926 5123 2031 5178 que
2057 5110 2202 5164 enim
2243 5118 2302 5164 ut
2350 5110 2460 5165 lilio
2503 5109 2744 5174 flavidis,
2784 5118 2948 5177 utque
2979 5109 3068 5178 qui
3100 5109 3269 5179 magis
3314 5124 3496 5165 mores

1929 5201 2070 5257 illius
2103 5211 2475 5269 cognosceret,
2517 5204 2773 5258 credebat
2823 5202 3194 5258 calumnianti.
3226 5201 3324 5257 Ubi
3368 5217 3499 5274 ergo

1904 5287 2053 5348 'enm
2111 5295 2323 5349 caeteris
2373 5294 2781 5362 Achitoplielem
2848 5310 3061 5365 quoqne
3125 5295 3497 5349 consiliarium

2121 5449 2401 5522 ²⁸1ttteg.
2441 5468 2546 5519 xv,
2581 5451 2616 5506 2
2654 5468 2776 5522 sqq.

1926 5607 2019 5652 aut
2065 5597 2334 5652 σαλεύειν.
2373 5595 2443 5653 Ut
2496 5596 2721 5669 Dialoqo
2762 5595 2798 5651 4
2826 5610 2879 5666 p.
2909 5593 3015 5652 528
3056 5591 3503 5665 σεσαγηνευμὲνα

1928 5671 2007 5732 εἰς
2037 5669 2330 5737 ἐπίγνωσιν
2362 5667 2455 5721 τοῦ
2486 5665 2636 5722 nos».
