3725 6125
232 247 338 307 083

1366 241 1641 300 PATRES
1678 237 1978 297 ,EGYPTH
2021 238 2296 298 SAECUL!
2336 240 2427 299 W.

3419 236 3504 292 att

232 365 615 444 uitis-malitiis
644 380 829 420 cornui
881 374 974 421 ant
1019 366 1380 421 hortamentis
1407 379 1526 434 qua:
1565 361 1811 417 dissemi·
1839 359 1893 420 Α
1920 373 2137 420 orantes
2168 361 2553 432 benignitatem
2590 359 2795 425 Patris,
2827 365 2898 413 ut
2923 368 3162 423 semper
3191 351 3407 422 possitis
3432 352 3510 406 ba-

234 470 369 517 uant
413 458 467 514 in
513 457 764 513 cordibus
812 457 1031 522 uostris»,
1062 455 1154 512 sed
1191 464 1248 511 et
1284 471 1352 511 ne
1394 470 1557 526 quam
1588 451 1802 525 plurimi

234 562 548 607 nostrorum
582 548 938 620 prollteantnr
969 548 1145 604 studia
1194 562 1382 603 eorum
1419 564 1434 601 ε
1467 546 1565 616 ipsi
1597 557 1813 617 quoqne

236 650 625 713 i·‹·gnoscentes
667 639 1049 709 indulgentiam
1098 637 1434 703 conditoris,
1476 637 1620 708 quod
1665 650 1814 689 mors

239 734 322 787 liis
359 732 450 785 liat
479 731 529 785 in
560 730 740 797 terris,
773 730 878 785 illis
909 746 1038 784 vero
1082 731 1152 785 sit
1182 739 1542 801 praeparatum
1585 726 1815 785 baeredi-

240 831 355 876 tare
382 822 678 892 gebennam
712 829 934 890 propter
964 819 1344 892 negligentiam
1380 835 1605 874 suam...

312 909 375 965 V.
405 909 559 967 Scire
602 920 781 965 autem
817 926 911 965 vos
943 910 1086 976 volo,
1117 909 1289 975 lilioli,
1319 911 1462 984 qnod
1495 925 1599 964 non
1633 908 1819 963 desino

235 1005 530 1059 obsecrans
580 1018 679 1073 pro
723 1002 876 1058 vobis
925 1003 1094 1058 Deum
1138 1010 1296 1056 nocte
1348 1017 1412 1055 ac
1461 1000 1569 1065 die,
1611 1007 1671 1053 ut
1708 1000 1823 1069 ipse

239 1093 448 1162 aperiat
491 1091 677 1147 ocnlos
715 1091 898 1147 cordis·
942 1092 1107 1145 vestri
1164 1091 1228 1144 ad
1271 1090 1661 1161 providendum
1699 1103 1822 1143 cre-

242 1179 391 1235 brius
410 1179 675 1235 occultam
707 1179 1095 1248 malignitatem
1123 1177 1358 1240 illorum,
1385 1193 1546 1248 quam
1585 1192 1679 1246 per
1705 1177 1821 1231 sin-

237 1271 360 1338 gula
415 1285 578 1341 super
634 1286 737 1325 nos
787 1268 1069 1323 effundunt
1117 1269 1169 1323 in
1218 1269 1322 1324 isto
1367 1283 1508 1324 nunc
1560 1279 1820 1339 tempore.

241 1369 436 1429 Qnaeso
480 1362 642 1418 etlam
694 1372 754 1415 ut
808 1365 1072 1418 concedat
1116 1362 1274 1417 vobis
1323 1361 1567 1417 scientiae
1599 1377 1715 1425 cor,
1760 1375 1824 1416 ac

241 1453 592 1509 discretionis
639 1452 891 1521 spiritum
943 1459 1182 1522 praestet,
1243 1461 1301 1504 ut
1361 1452 1582 1521 possitis
1621 1450 1819 1512 offerre

245 1545 521 1613 proprium
565 1557 681 1608 cor,
724 1529 962 1597 bostiam‘
995 1552 1238 1597 sanctam
1285 1541 1337 1602 in
1378 1552 1668 1612 conspectu
1715 1540 1820 1594 l‘a-

247 1637 345 1691 tris
381 1637 433 1690 in
475 1636 639 1691 inulta
674 1635 990 1701 sanctitate,
1014 1643 1070 1688 et
1090 1635 1207 1690 sine
1231 1634 1471 1710 querela.
1492 1632 1631 1689 Vere
1652 1634 1820 1699 enim,

246 1728 416 1791 lilioli,
463 1728 704 1788 invident
735 1728 892 1783 nobis
920 1743 1016 1796 per
1040 1744 1254 1782 omnem
1284 1728 1473 1782 boram
1504 1726 1557 1779 in
1583 1741 1680 1781 suo
1712 1742 1827 1781 ma-

247 1821 391 1890 ligno
424 1817 655 1873 consilio
682 1827 736 1874 et
766 1819 1145 1888 persecutione
1175 1831 1335 1885 qnam
1365 1814 1594 1887 plurima
1622 1821 1679 1867 et
1707 1829 1823 1867 ma-

249 1912 363 1965 litia
406 1911 526 1975 s'ua,
558 1924 765 1964 necnon
813 1918 866 1962 et
914 1907 1195 1977 spiritibus
1228 1906 1435 1962 erroris
1473 1907 1585 1961 sive
1619 1907 1829 1979 cogita-

251 2005 491 2060 tionibus
542 2002 905 2072 blasphemis,
939 2002 1343 2056 infidelitatibus
1376 2001 1579 2060 nostris
1612 2016 1830 2076 quoqne

252 2112 374 2167 qum
399 2097 736 2155 seminantur
768 2095 838 2148 ab
874 2093 1007 2164 ipsis
1048 2094 1099 2148 in
1137 2093 1408 2158 cordibus,
1451 2108 1516 2150 ac
1551 2093 1832 2148 doloribus

255 2188 459 2253 inultis,
487 2203 607 2258 qua:
637 2187 881 2258 irrogant
912 2186 1067 2241 nobis
1097 2200 1193 2255 per
1218 2200 1432 2240 omnem
1471 2186 1690 2249 lioram;
1715 2183 1836 2238 ani-

252 2280 324 2332 mi
356 2278 516 2334 etiam
549 2275 960 2341 tlel'ectiouibuS,
994 2274 1048 2329 in
1081 2275 1275 2344 quibus
1303 2290 1399 2343 per
1438 2273 1648 2346 singula
1682 2273 1830 2330 labe·

251 2373 434 2428 ficere
459 2371 701 2428 animum
733 2384 841 2423 uon
891 2368 1192 2434 desistunt;
1231 2367 1284 2420 in
1321 2357 1592 2421 universis
1619 2379 1834 2435 quoqne

253 2465 551 2521 iracundiis
572 2462 685 2517 snis
710 2470 765 2516 et
788 2457 1297 2521 obtrectationibus,
1339 2470 1475 2527 quas
1504 2457 1704 2511 docent
1735 2469 1836 2509 nos

253 2559 474 2621 babere,
505 2564 560 2609 et
611 2554 876 2607 adversus
911 2549 1227 2603 alterutrum
1255 2564 1274 2615 ·,
1302 2559 1352 2602 et
1393 2554 1450 2601 ut
1474 2545 1845 2618 justificemus

254 2648 618 2715 nosmetipsos
642 2645 694 2698 in
743 2644 810 2709 iis
832 2656 951 2712 qnae
974 2640 1225 2702 facimus,
1254 2648 1306 2693 et
1330 2637 1836 2694 condemnationem

256 2756 374 2806 mne
414 2735 715 2790 seminatur
743 2734 811 2787 ab
845 2731 979 2800 ipsis
1009 2730 1061 2784 in
1105 2728 1378 2784 utentibus
1423 2728 1645 2790 nostris,
1673 2726 1840 2782 etiam

259 2848 383 2885 cnm
439 2829 750 2885 exsistimus
802 2823 1130 2894 singulares;
1187 2836 1421 2891 cumque
1473 2820 1682 2876 faciunt
1740 2836 1839 2875 nos

263 2926 567 2994 proximum
591 2920 862 2992 judicare,
895 2901 992 2972 nec
1026 2925 1207 2979 tamen
1240 2915 1358 2985 ipso
1385 2923 1631 2970 exstante
1657 2912 1842 2968 nobis-

1921 456 2048 510 bere
2073 453 2353 510 vobiscum
2387 451 2715 523 adjutorium
2761 450 2922 521 ejus,
2973 448 3302 515 doceatque
3330 459 3418 500 vos
3442 461 3513 502 eo-

1919 547 2211 619 guitionetn
2244 544 2353 611 sni,
2383 545 2475 615 qui
2502 559 2564 601 se
2589 543 2728 599 bene
2755 542 2960 596 lubet.

1994 640 2078 695 Vl.
2108 637 2248 694 Vere
2291 637 2491 691 etenim
2545 636 2666 691 diro
2713 633 2907 697 vobis,
2960 628 3086 685 nati
3125 627 3270 694 mei,
3304 628 3424 697 quia
3448 642 3517 684 ut

1923 731 2064 787 istud
2102 732 2153 786 in
2190 746 2297 799 quo
2345 744 2532 785 sumus
2580 727 2999 789 inhabitantes,
3069 721 3137 776 in
3203 719 3515 787 perditione·

1925 824 2079 879 nobis
2108 822 2346 886 exsistit,
2373 831 2434 876 et
2468 821 2660 874 domus
2690 828 2776 874 est
2813 817 2991 887 plena
3020 812 3234 869 bellis.
3262 810 3364 886 Pro
3385 821 3512 874 certa

1927 914 2097 977 lilioli,
2129 915 2249 968 dico
2287 912 2440 968 vobis
2467 910 2614 982 quod
2660 910 2852 965 omnis
2909 909 3102 963 bomo
3136 903 3504 960 itteetasinn·

1927 1006 2225 1076 luptatibus
2251 1006 2384 1071 suis,
2428 1014 2480 1059 et
2512 1011 2821 1075 prostratus
2871 1016 2907 1055 a
2942 996 3392 1069 cogitationibus
3405 1012 3491 1063 pn-

1927 1094 2082 1166 priis,
2111 1094 2533 1164 complexusque
2560 1108 2588 1147 a
2619 1091 2893 1161 maligno,
2928 1086 3267 1144 seminavit
3293 1086 3475 1142 tande.-

1926 1186 2017 1256 qui
2049 1186 2352 1255 congaudet
2376 1185 2479 1249 eis,
2506 1193 2561 1239 et
2591 1182 2787 1251 recipit
2812 1196 2996 1237 sensu
3029 1178 3224 1233 veluti
3257 1193 3460 1247 mapu-

1929 1274 2175 1330 sistentia
2207 1282 2569 1338 sacramenta,
2600 1272 2653 1326 in
2685 1286 2752 1326 eo
2781 1270 2942 1339 quod
2984 1269 3122 1338 agit
3147 1264 3459 1335 justitiane·

1929 1367 2236 1436 metipsnm.
2296 1364 2611 1434 Huiusmodi
2680 1362 2876 1419 anima
2937 1358 3269 1416 coexsistit
3311 1357 3473 1425 nabi

1930 1458 2229 1529 spiritibus,
2275 1455 2610 1512 consiliatrix
2660 1454 2712 1510 in
2765 1453 2996 1508 malum
3039 1469 3060 1507 ε
3097 1465 3306 1521 corpus
3341 1463 3484 1519 ῃαῃι

1929 1548 2090 1610 illius,
2120 1546 2362 1603 custodia
2391 1556 2474 1601 est
2500 1544 2911 1601 horrendorum
2943 1557 3090 1613 quae
3116 1541 3355 1597 occultat
3374 1541 3482 1595 int-

1932 1636 2179 1707 metipso.
2228 1633 2599 1690 Praevalebunt
2653 1642 2842 1687 antem
2905 1634 3211 1687 adversus
3237 1629 3485 1700 buin-ei,

1932 1727 2187 1796 qnoniam
2215 1741 2317 1781 non
2351 1723 2594 1779 traduxit
2629 1736 2724 1779 eos
2762 1736 2980 1777 coram
3016 1721 3307 1777 omnibus.
3332 1722 3486 1776 Ata·-

1932 1820 2060 1889 qnid
2100 1829 2156 1875 et
2191 1817 2292 1888 ipsi
2323 1818 2547 1874 nescitis
2574 1817 2715 1887 quod
2762 1830 2882 1871 noa
2930 1814 3276 1886 hujusmodi
3311 1824 3487 1883 captu·

1932 1913 2187 1975 babeant,
2218 1927 2355 1981 quas
2380 1926 2478 1967 nos
2503 1918 2917 1981 cognoscentes
2957 1908 3178 1979 procul-
3201 1908 3357 1965 dubio
3376 1908 3485 1979 lugb-

1935 2005 2089 2060 nius?
2121 2002 2387 2060 Caeterum
2418 2012 2473 2057 et
2499 2003 2544 2057 si
2575 2001 2895 2073 quaesieris‚
2929 2016 3057 2056 non
3094 2001 3488 2070 invenientem-

1936 2105 2047 2150 tnm
2074 2109 2260 2150 eorum
2288 2107 2385 2172 nec
2409 2092 2749 2162 iniquitatem
2775 2090 3187 2161 corporaliter
3204 2091 3486 2146 mannaan.

1934 2188 2139 2256 Corpus
2170 2186 2313 2240 euim
2358 2192 2441 2241 est
2471 2186 2666 2239 animae
2700 2182 3005 2253 recipiens
3044 2184 3486 2255 malignitatem·-

1938 2295 2054 2333 rum
2085 2296 2098 2332 ι
2130 2293 2289 2347 qnmn
2320 2292 2442 2334 cnm
2467 2274 2797 2345 susceperit,
2829 2284 2987 2331 tunc
3019 2277 3072 2331 si
3102 2276 3480 2345 velitamina·

1940 2369 2058 2426 tnlo,
2081 2369 2233 2438 punit
2268 2383 2366 2438 per
2400 2382 2596 2436 corpus
2640 2366 2790 2422 istud
2828 2367 2896 2421 in
2949 2382 3076 2437 quo
3127 2383 3313 2424 sumus
3337 2366 3472 2422 utati-

1940 2461 2133 2521 tz'mteS.
2184 2456 2339 2517 Nunc
2390 2458 2591 2527 itaque,
2648 2455 2829 2521 lilioli,
2894 2473 3022 2513 nott
3075 2459 3335 2514 demusei
3355 2460 3454 2510 leru-

1940 2554 2125 2615 ullmn,
2156 2551 2401 2620 alioquin
2436 2550 2705 2606 nobismet
2740 2548 2841 2604 nei
2895 2552 3443 2609 excitabimusmd

1941 2645 2015 2700 illi
2043 2643 2443 2714 permiscentur
2472 2640 2527 2695 in
2554 2640 2808 2695 domibus
2837 2643 3080 2715 nostris
3105 2644 3358 2700 irridente.
3370 2654 3457 2703 sur,

1942 2731 2199 2809 quoulam
2230 2736 2334 2796 boc
2364 2742 2629 2789 noverunt
2655 2735 2803 2803 qnod
2850 2736 3218 2804 perditionis
3240 2747 3313 2792 est
3331 2746 3472 2792 nean.

1942 2844 2061 2898 quae
2086 2838 2263 2882 tamen
2295 2834 2348 2880 et
2383 2825 2494 2893 ipsa
2546 2823 2612 2878 de
2660 2824 2942 2892 proximo
2999 2828 3275 2892 consistit,
3315 2825 3483 2881 sientitt

1943 2918 2051 2972 vita
2080 2916 2146 2971 de
2176 2928 2361 2987 prope.
2391 2914 2521 2982 Quis
2546 2912 2690 2972 enim
2727 2928 3008 2985 unquam
3045 2917 3212 2973 Deum
3255 2915 3491 2985 aspexitu

261 3029 384 3069 rum
411 3030 426 3068 ι
458 3007 968 3091 praesiimptiotiibus
994 3003 1258 3075 siquidem
1283 3018 1416 3073 quas
1443 3004 1693 3075 ingerunt
1717 3017 1839 3058 cor·
1866 3041 1912 3100 c
1949 3013 2131 3068 videns
2156 3011 2517 3082 congauderet
2536 3011 2583 3065 ei
2607 3008 2673 3065 de
2698 3025 2764 3066 re
2788 3021 2977 3071 tauta
3019 3017 3152 3088 apuu
3175 3016 3494 3082 semetipsum.

266 3106 428 3160 dibus
467 3102 692 3166 nostris,
723 3099 777 3154 in
808 3097 1058 3168 superbia
1095 3094 1214 3150 duri
1248 3095 1428 3150 cordis
1455 3104 1754 3162 exstantes,
1786 3104 1843 3149 et

266 3199 499 3252 invicem
531 3203 879 3273 spernentes,
904 3189 1329 3279 ¹amaritudinem
1368 3189 1669 3267 habentesg
1693 3186 1839 3250 omui

264 3291 402 3346 liora
425 3287 790 3365 vituperantes
817 3282 1160 3348 alterutrum,
1208 3286 1264 3337 et
1308 3294 1416 3335 ιιοιι
1446 3278 1849 3348 ηοςιῐιειίριοῃ

263 3384 555 3454 opinantes
581 3379 819 3441 laborem
847 3386 1088 3431 nostrum
1113 3389 1177 3430 ex
1204 3373 1420 3442 propria
1455 3380 1707 3428 constare
1737 3370 1841 3424 vir-

266 3484 402 3540 tute,
426 3473 635 3543 jmlices
667 3470 999 3527 exsistentes
1035 3464 1468 3528 manifestorum,
1497 3473 1669 3518 totum
1700 3463 1842 3516 intra

265 3567 481 3622 domum
519 3572 758 3626 nostram
806 3562 1123 3616 immutante
1160 3558 1410 3622 l·atrone;
1453 3564 1507 3610 et
1552 3555 1603 3608 in
1647 3552 1846 3624 jurgiis

268 3668 433 3728 atque
465 3655 829 3712 simultatibus
867 3653 1236 3725 adversusque
1270 3647 1592 3705 alterutrum
1638 3643 1846 3698 affecti·

269 3751 393 3813 bus,
427 3750 596 3804 donec
622 3760 928 3801 sermonem
962 3742 1237 3812 proprium
1277 3747 1529 3793 constare
1557 3736 1844 3802 faciamus,

271 3851 334 3894 ut
357 3853 643 3908 pareamus
671 3839 723 3891 in
753 3844 1044 3904 conspeetu
1088 3842 1274 3886 nostro
1298 3828 1609 3909 j'ustillcati,
1639 3827 1848 3882 animo-

273 3933 486 3986 sitatem
541 3927 695 3984 nobis
744 3928 1051 3995 praebentes
1079 3937 1145 3977 ac
1199 3922 1456 3984 facientes
1503 3918 1700 3974 studia.
1729 3934 1848 3986 qua:

276 4032 453 4074 tamen
485 4017 815 4088 impossibile
849 4025 931 4071 est
976 4015 1137 4086 geri:
1172 4012 1551 4080 intempestive
1583 4012 1726 4068 enim
1771 4009 1850 4062 l'a-

273 4112 476 4168 rrientes
502 4127 602 4167 nos
628 4110 842 4173 resolvi,
877 4111 947 4163 ob
983 4109 1034 4162 id
1069 4108 1215 4175 qiiod
1239 4119 1428 4163 suimus
1458 4119 1524 4159 ex
1560 4103 1677 4167 illo,
1708 4104 1848 4173 qnod

274 4203 619 4257 eiiiolmnenti
652 4211 736 4256 est
767 4200 965 4256 nobis?
1002 4197 1231 4267 Propter
1261 4210 1383 4274 qnae
1427 4195 1606 4258 ridere
1636 4210 1733 4249 nos
1768 4193 1849 4246 sa-

276 4300 425 4350 riunt
473 4305 712 4363 tempore
757 4289 933 4354 fletus,
963 4301 1016 4345 et
1053 4290 1182 4346 llere
1217 4290 1268 4342 in
1306 4297 1545 4357 tempore
1579 4285 1722 4344 risus
1756 4294 1849 4339 :et

1945 3119 2012 3160 ne
2048 3104 2188 3160 sorte
2225 3103 2508 3172 aufugeret
2545 3116 2691 3166 eum,
2735 3102 2842 3158 sed
2905 3116 2978 3161 nt
3028 3106 3348 3178 adiudicaret
3381 3107 3497 3159 etia·

1943 3197 2087 3250 velut
2122 3195 2388 3253 habitanti
2430 3195 2482 3250 in
2533 3193 2635 3250 boc
2664 3196 2937 3263 pondere
2978 3201 3179 3257 tanto?
3204 3210 3291 3254 aut
3315 3199 3411 3269 quis
3428 3196 3493 3249 ali-

1943 3287 2163 3358 qnando
2191 3286 2401 3357 aspexit
2435 3284 2714 3341 diabolum
2746 3300 3204 3362 oppugnantem
3226 3301 3486 3357 nosem-

1946 3375 2217 3433 bibentem
2261 3372 2519 3430 benellcia
2572 3372 2829 3443 adlpisci‚
2893 3381 3472 3441 adversante-wisa

1945 3477 2176 3523 stantem
2222 3467 2275 3521 iu
2308 3466 2424 3523 loco
2465 3465 2737 3535 corporali
2765 3481 3040 3540 secreto,
3074 3484 3139 3528 ut
3173 3464 3468 3545 pratensi·-

1947 3570 2101 3629 gcret
2131 3561 2199 3615 ab
2229 3560 2379 3630 ipso?
2418 3559 2525 3615 Sed
2560 3559 2635 3613 illi
2690 3561 2938 3629 quidem
2979 3565 3315 3621 habitantia
3331 3559 3472 3619 autito·

1949 3667 2048 3708 iios
2072 3664 2246 3709 autem
2276 3651 2616 3721 propalamus
2647 3665 2749 3707 eos
2774 3667 2889 3721 per
2925 3657 3130 3712 studia
3162 3658 3376 3712 meliora.

2021 3745 2130 3800 vu.
2166 3744 2428 3810 Quoniam
2460 3745 2626 3814 igitur
2662 3757 2733 3797 ex
2768 3760 2895 3802 uno
2929 3746 3223 3806 creatore
3243 3751 3445 3804 sunta&

1948 3839 2242 3895 secundum
2271 3836 2574 3893 sensualem
2600 3838 2963 3895 exstantiam
2992 3857 3225 3906 eorum,
3252 3843 3305 3898 in
3325 3828 3432 3907 ψ

1950 3946 2080 3987 vero
2109 3946 2205 3987 eos
2229 3945 2260 3984 a
2278 3930 2409 3993 Deo,
2427 3937 2482 3983 et
2510 3927 2676 3984 multa
2705 3928 3039 3991 diversitas
3063 3937 3237 3992 estin
3267 3926 3451 3989 illisdt'fl

1949 4026 2018 4078 ob
2036 4024 2275 4079 diversas
2290 4020 2631 4090 operationes
2645 4019 2947 4091 ipsorum,
2966 4026 3194 4083 idcirco
3209 4012 3460 4081 auteantmi²

1951 4116 2066 4178 boec
2090 4115 2302 4170 nomina
2325 4113 2530 4183 adjecta
2552 4120 2678 4166 sunt
2699 4111 2862 4182 istis,
2886 4129 3144 4188 propter
3165 4113 3466 4179 ιιιιίιικιῑιήῑὲθΒ

1952 4222 2139 4262 eorum
2179 4205 2547 4274 operationem
2578 4221 2598 4264 :v
2624 4202 2753 4258 ideo
2780 4214 2848 4259 et
2892 4224 3060 4266 nime
3093 4209 3467 4282 quius-mitum

1954 4308 2220 4358 vocantur
2250 4296 2589 4364 archangeli,
2615 4295 2707 4349 alii
2739 4298 2951 4367 sedes,
2986 4313 3051 4358 et
3084 4296 3472 4361 donzinatiuuestl·

279 4397 336 4442 ut
388 4384 558 4441 semel
604 4392 766 4457 atque
818 4381 1136 4450 simpliciter
1186 4379 1439 4441 dixerim,
1492 4388 1855 4446 transponunt
1888 4375 1940 4434 D.
1958 4398 2274 4460 potestates,
2292 4399 2347 4442 et
2368 4387 2667 4445 cherubim,
2696 4384 2834 4443 ΗΜ,
2870 4403 3088 4450 amem
3117 4398 3198 4452 eis
3225 4387 3473 4448 mimum

280 4493 494 4547 semper
526 4492 558 4530 e
594 4486 739 4531 recta
790 4474 870 4527 via
907 4474 960 4529 in
996 4472 1117 4528 aliis
1171 4486 1330 4541 quant
1373 4468 1617 4546 plurimis
1645 4469 1849 4524 errori-

284 4571 404 4630 bus,
436 4583 528 4636 per
571 4567 749 4620 oninia
786 4579 884 4620 nos
919 4564 1061 4633 ipsos
1090 4546 1306 4619 sibimet
1347 4563 1397 4605 i·-
1434 4561 1666 4617 famulos
1701 4563 1854 4615 rede·

285 4670 496 4728 ;.ernnt,
545 4674 772 4726 qnorum
810 4665 1020 4725 tempus
1056 4670 1159 4708 non
1205 4662 1287 4706 est
1333 4654 1385 4706 in
1423 4653 1705 4725 propatulo
1737 4653 1850 4706 lieri

287 4749 464 4805 modo.
504 4750 637 4805 tlnm
671 4763 801 4802 vero
846 4747 930 4799 liis
970 4744 1221 4808 omnibns
1254 4731 1431 4803 corda'
1463 4752 1647 4798 nostra
1683 4740 1853 4816 reple-

286 4846 480 4906 verint,
539 4852 594 4897 ct
633 4839 882 4898 inebriati
938 4836 1197 4898 fuerimus
1244 4836 1391 4895 illis:
1442 4846 1570 4889 tnnc
1615 4834 1857 4903 indulget

289 4940 448 5003 Dens,
483 4935 719 5005 quandiu
767 4934 906 5004 gerit
951 4931 1151 4988 malitia
1191 4941 1412 4997 nostra;
1456 4946 1520 4985 ac
1548 4931 1615 4985 de
1651 4928 1856 5005 reliquo

287 5030 653 5085 visitationem
688 5026 871 5083 'nostri
927 5023 1131 5089 faciens
1185 5022 1508 5087 resolutione
1550 5020 1854 5095 gravissimi
1901 5017 1906 5022 ’

287 5120 531 5189 eorporis
597 5115 755 5182 liujus
807 5115 1233 5191 relinquentibus
1261 5113 1410 5178 illud,
1455 5122 1579 5165 tum:
1626 5110 1856 5180 inaligna

287 5224 452 5280 opera
475 5224 593 5278 quae
616 5207 937 5276 gerebamus
961 5205 1121 5269 male,
1141 5206 1341 5260 revelat
1372 5205 1528 5259 nobis
1557 5204 1609 5258 in
1634 5220 1858 5274 corpore

218 5342 225 5349 .
289 5314 461 5369 poeuae
491 5298 738 5370 exposito
779 5300 919 5368 quod
955 5298 1122 5352 induti
1154 5297 1416 5351 fuerimus
1461 5313 1555 5366 pet·
1587 5297 1868 5369 indulgeu-

292 5394 422 5447 tiam
453 5393 761 5448 Condituris
795 5411 808 5446 z
847 5403 971 5448 tunc
997 5393 1162 5446 etiam
1196 5391 1329 5469 [iant
1365 5392 1647 5447 novissima
1681 5401 1867 5458 nostra

291 5485 475 5557 pejoru
509 5484 828 5549 priorihvs⁸.
859 5483 1083 5553 Propter
1114 5490 1252 5553 qnod
1304 5486 1465 5539 nolite
1507 5483 1671 5554 assstgi
1707 5488 1864 5539 obsc-

366 5665 539 5725 *λεια
572 5677 651 5731 xi,
684 5662 772 5721 26.

1962 4467 2297 4548 addita,'pro
2322 4493 2388 4534 eo
2422 4480 2565 4549 quod
2593 4476 2936 4537 Conditoris
2969 4489 3190 4558 proprii
3214 4477 3461 4540 matteum

1962 4571 2305 4631 voluntatem.
2339 4569 2469 4625 item
2513 4570 2582 4625 ob
2625 4569 2856 4631 crimen
2908 4575 3171 4633 aliorum
3193 4572 3458 4631 §ww-'¹⁰‘

1960 4663 2257 4720 cessarium
2293 4661 2392 4715 snit
2434 4660 2698 4719 nominari
2743 4662 2936 4719 etiam
2988 4669 3158 4735 istos,
3176 4673 3336 4738 'reptet
3357 4650 3474 4707 malt·

1962 4768 2097 4824 guas
2123 4751 2532 4807 adinventiones
2560 4751 2838 4823 ipsorum,
2892 4758 3201 4821 diabolum
3222 4753 3492 4811 usmitan.

1967 4846 2138 4902 Porro
2158 4844 2248 4898 alii
2277 4846 2563 4913 nuncupati
2604 4852 2732 4898 suut
2762 4846 3089 4909 daeinxones
3122 4853 3409 4922 gpffimsqne
3428 4848 3494 4889 mt-

1965 4936 2114 5005 lignj,
2146 4937 2309 4991 etiam
2340 4937 2545 5003 muudi,
2577 4935 2732 4995 ssatus
2757 4943 3019 5007 erroris,
3075 4946 3337 5015 principes
3363 4940 3487 5004 quoqt

1965 5026 2144 5094 saecnli
2181 5028 2365 5096 hujus,
2410 5027 2636 5095 aliaeque
2661 5030 3003 5099 complures
3037 5036 3099 5090 in
3128 5038 3214 5092 eis
3235 5028 3502 5088 adversita&s

1965 5120 2254 5175 exsistunt.
2285 5117 2519 5178 Rursum
2560 5132 2692 5172 vero
2739 5128 2802 5183 et=
2846 5126 2955 5194 qui
2993 5112 3509 5188 obviavgmnijllisifl

1966 5211 2287 5280 gravissimo
2317 5225 2541 5279 corpore
2574 5209 2676 5264 isto
2718 5212 2771 5262 iu
2805 5227 2929 5281 quo
2952 5227 3016 5271 et
3049 5232 3258 5277 sumus
3285 5211 3512 5269 inhabitaa-

1968 5312 2076 5370 tes,
2112 5315 2167 5358 et
2214 5302 2311 5371 ipsi
2352 5303 2515 5357 etiam
2553 5305 2856 5371 nuncupati
2915 5320 3059 5369 sum
3103 5308 3323 5377 qnidam
3353 5297 3516 5373 pariat·

1968 5396 2106 5459 clim,
2132 5395 2222 5448 alii
2246 5408 2374 5448 vcro
2398 5392 2671 5463 prophetae
2694 5402 2752 5450 et
2784 5409 2962 5465 reges
2985 5412 3059 5452 ac
3083 5398 3406 5454 sacerdotes.
3433 5398 3518 5440 ¹⁸⁰⁰·

1972 5485 2098 5540 nulli
2133 5485 2345 5554 judices
2372 5495 2426 5540 el
2455 5481 2709 5553 apostoli,
2742 5496 2922 5557 alque
2951 5488 3054 5547 alii
3090 5490 3247 5546 ηιιιΙιί
3274 5485 3412 5543 electi
3437 5475 3523 5530 effe·
