3725 6125
210 304 325 362 ¹193

1250 290 1533 349 nontLtA
1570 293 1661 351 ln.
1702 293 2069 353 ADVERSUS
2110 297 2512 373 AVARmAM.

3365 312 3466 372 ¹8AE

217 416 574 487 ὲκλάδοιμεν,
603 410 737 485 μετὰ
772 409 875 482 τὴν
900 408 1106 463 ἐνθένδε
1152 410 1513 480 μετάστασιν,
1540 413 1663 464 οὗτε
1698 411 1791 464 τοῦ
1820 421 1867 475 Α
1896 414 2112 481 cadunt,
2155 417 2465 482 parabolam
2492 418 2631 473 hanc
2662 419 3081 492 interpretemur
3110 444 3126 481 ε
3179 428 3266 484 ubi
3300 435 3464 489 semei

221 508 543 579 προσαιτεῖν
597 499 798 573 καιρός.
851 498 961 552 Καὶ
1002 496 1092 551 διά
1131 497 1293 551 τοῦτο
1342 497 1527 570 μηδεὶς
1564 498 1788 566 λεγέτω·

228 600 534 657 Σκάπτειν
556 598 656 652 οὐκ
673 594 887 664 ἰσχύω.
909 590 1028 647 Κᾶν
1055 591 1163 663 γὰρ
1189 591 1433 663 δύνηται,
1463 593 1635 657 οὐδεὶς
1664 610 1794 661 συγ-

231 694 426 764 χωρεῖ.
474 692 529 744 Ὅ
558 687 672 759 βίος
725 679 879 750 οὗτος
927 684 1041 756 ἔχει
1088 684 1197 738 τῶν
1230 685 1458 738 ἐντολῶν
1485 684 1583 755 τὴν
1616 701 1794 754 γεωρυ

235 780 398 847 γίαν·
423 781 450 833 ό
483 778 537 831 δὲ
570 774 804 847 μέλλων,
839 773 940 844 τὴν
976 772 1295 827 ἀπόλαυσιν.
1331 773 1495 825 Ὥστε
1534 775 1583 826 εί
1627 772 1791 845 μηδὲν

238 871 459 943 εἰργάσω
484 867 746 932 ἐνταῦθα,
779 865 1076 936 ἀπέμεινον
1107 867 1161 919 αἱ
1188 866 1439 936 ἄμπελοι,
1474 868 1569 919 καὶ
1607 882 1792 937 περιτ-

233 962 332 1024 τῶς
359 957 662 1031 φροντίζεις
706 957 836 1027 περὶ
874 955 973 1026 τῆς
1020 956 1337 1026 σκαπὰνης·
1376 954 1501 1009 οὔτε
1540 954 1598 1009 δὲ
1625 972 1794 1026 προσ-

222 1051 376 1103 αιτῶν
402 1050 711 1120 ὠφελήσεις
738 1064 793 1099 τι
823 1047 1034 1101 σαυτόν.
1071 1046 1183 1101 Καὶ
1210 1045 1399 1100 τούτου
1429 1047 1596 1116 σαφὲς
1657 1048 1789 1116 ἡμῖν

211 1141 519 1212 ’ὑπόδειγμα
552 1139 914 1212 παραδέδοται
937 1180 953 1205 ,
982 1137 1043 1192 τὸ
1083 1138 1192 1192 τῶν
1232 1139 1431 1212 μωρῶν
1480 1137 1787 1211 παρθένων·

210 1233 412 1295 αἵτινες
447 1231 657 1303 ἀπορία
683 1232 1024 1285 καταστᾶσαι
1048 1229 1141 1283 τοῦ
1165 1230 1370 1296 ὲλαίου,
1406 1229 1637 1294 ἀναιδῶς
1661 1230 1791 1302 ᾔτη-

207 1340 307 1377 σαν
355 1322 509 1393 παρὰ
545 1320 656 1375 τῶν
702 1321 982 1394 φρονίμων
1009 1338 1022 1351 ·
1077 1320 1296 1393 ὤνησαν
1338 1321 1394 1375 δὲ
1444 1322 1619 1387 οὐδὲν,
1673 1319 1790 1374 ἀλλ’

199 1409 650 1485 ’ἀπεστράφησαν
689 1414 997 1486 ἄπρακτοι·
1041 1413 1347 1477 δεικνύντος
1371 1411 1467 1467 τοῦ
1495 1412 1676 1481 λόγου,
1706 1412 1788 1465 ότι

201 1503 479 1575 ’ἀλλοτρίῳ
521 1503 684 1576 ὲλαίῳ
722 1506 782 1558 ὲν
811 1508 879 1577 τῇ
917 1505 1189 1577 παρουσία
1231 1502 1324 1557 τοῦ
1354 1502 1589 1573 νυμφίου
1616 1501 1792 1565 οὐδεὶς

210 1596 522 1666 κέχρηται·
587 1596 889 1660 τούτέστιν,
948 1595 1212 1667 ἀλλοτρίῳ
1272 1591 1660 1665 κατορθώματι
1711 1592 1792 1655 είς

1897 504 2022 559 hinc
2042 505 2472 575 migraverimus,
2507 525 2678 582 neque
2714 517 2971 583 operandi
2995 527 3205 588 tempus
3228 530 3334 591 est,
3365 538 3465 579 ne-

1894 608 1999 662 que
2020 596 2396 664 mendicandi;
2432 614 2605 669 eoque
2655 617 2816 657 nemo
2864 606 3050 663 dicat:
3106 608 3311 667 Fodere
3357 630 3464 669 uon

1894 682 2057 739 valeo.
2090 682 2155 738 Ut
2180 686 2320 739 enim
2363 688 2595 744 maxime
2646 690 2825 747 valeas
2854 733 2869 758 ‚
2918 709 3075 752 nemo
3132 702 3463 767 permiserit.

1894 768 2080 826 Cultus
2121 783 2174 826 et
2246 774 2551 833 observatio
2604 780 2976 837 mandatorum
3049 786 3208 855 hujus
3245 792 3464 860 propria

1894 859 2015 912 vitae
2048 869 2164 925 est;
2196 859 2381 917 fruitio
2410 878 2538 919 vero
2560 864 2777 925 suturae.
2810 870 2987 936 Quare
3013 874 3057 927 si
3103 873 3191 930 hic
3221 878 3355 931 nihil
3401 893 3464 936 os

1892 960 2563 1018 operatus,remanserunt
2613 957 2769 1022 vites,
2800 974 2865 1014 ac
2906 960 3179 1018 incassum
3225 965 3292 1020 de
3343 966 3461 1025 sos-

1894 1040 2047 1095 sione
2092 1042 2355 1100 sollicitus
2408 1060 2485 1100 es.
2527 1047 2596 1101 At
2643 1064 2742 1103 nec
2768 1052 3128 1111 mendicando
3165 1059 3461 1129 quidquam

1895 1132 2207 1200 profeceris,
2245 1135 2411 1203 llujus
2435 1136 2587 1192 nobis
2616 1140 2824 1197 illustre
2852 1147 3158 1214 exemplum
3202 1151 3458 1206 traditum

1893 1231 1994 1287 est,
2025 1224 2261 1293 quinque
2297 1226 2422 1280 illud
2449 1226 2720 1285 fatuarum
2760 1233 3029 1304 virginum
3052 1236 3136 1306 ⁸¹3
3167 1254 3300 1309 quae,
3333 1256 3459 1297 cum

1893 1313 2068 1367 oleum
2097 1314 2227 1383 ipsis
2254 1316 2485 1384 deesset,
2515 1321 2854 1391 impudenter
2902 1326 3079 1383 oleum
3115 1344 3144 1383 a
3198 1332 3456 1401 sapienti·

1893 1404 1992 1458 bus
2020 1406 2307 1473 petierunt,
2343 1424 2442 1463 nec
2462 1412 2754 1482 quidquam
2781 1424 2960 1472 tamen
2989 1429 3115 1475 sunt
3138 1432 3456 1490 consecutae,

1894 1493 1987 1547 sed
2018 1510 2073 1548 re
2107 1494 2298 1551 insecta
2336 1498 2606 1556 abierunt.
2669 1502 2785 1572 Quo
2860 1507 3135 1570 docemur.
3192 1512 3457 1568 neminem

1894 1582 2067 1638 alieno
2100 1585 2172 1639 uti
2198 1586 2315 1641 oleo
2338 1588 2392 1641 iu
2416 1590 2646 1644 adventu
2680 1593 2889 1660 sponsi,
2920 1594 2970 1648 id
3001 1607 3102 1661 est,
3135 1597 3326 1652 alienis
3349 1613 3461 1654 tne-

210 1686 350 1739 ἰδίαν
399 1686 719 1742 &vamum
754 1688 1031 1750 Ἔχαπος
1081 1685 1186 1757 γὰρ
1212 1684 1309 1757 τὴν
1346 1684 1485 1738 ἰδίω,
1517 1681 1790 1736 πολιτείαν
1897 1674 2032 1738 ritiS‚
2063 1676 2129 1728 ad
2157 1691 2309 1730 suum
2332 1680 2501 1747 ipsius
2534 1683 2875 1737 commodum
2906 1700 2970 1740 ac
3002 1685 3253 1742 fructum.
3284 1689 3456 1757 Quam

218 1774 294 1836 ὡς
334 1774 548 1843 ἱματιον
591 1776 999 1847 περιδέδληται,
1029 1777 1136 1830 εἴτε
1164 1775 1411 1847 λαμπρὸν
1456 1775 1551 1828 καὶ
1590 1775 1787 1843 τίμιον,
1823 1756 1864 1809 Β
1894 1764 2122 1833 ‘lumine
2169 1767 2333 1835 8233st
2380 1770 2499 1823 ‘'5¹ae
2532 1774 2828 1839 talionem,
2873 1791 2970 1829 08¹¹
3020 1789 3220 1832 vesoeffl
3260 1781 3455 1848 indui!-

225 1866 338 1917 εἴτε
375 1864 576 1934 φαῦλον
624 1866 721 1918 καὶ
757 1867 855 1936 τῆς
901 1868 1173 1939 πτωχικῆς
1225 1868 1532 1939 ὲφεστρίδος
1583 1866 1786 1936 ὅμοιον.

241 1956 598 2010 Ἐκδύσασθαι
635 1957 693 2010 δὲ
719 1958 854 2010 αὑτὸ
879 1958 979 2011 οὐκ
1011 1960 1175 2021 ἔστιν,
1215 1958 1332 2013 οὔτε
1363 1957 1664 2023 ἀπαλλάξαι
1697 1956 1791 2009 καὶ

228 2046 615 2117 διαμείψασθαι
639 2047 779 2116 πρὸς
805 2047 1012 2118 ἓτερον,
1038 2047 1158 2101 οὔτε
1182 2050 1247 2101 ὲκ
1271 2049 1451 2113 δάνους
1482 2050 1516 2120 ἢ
1545 2050 1789 2120 χρήσεως

229 2141 292 2193 ἐν
314 2139 395 2211 τῷ
423 2137 597 2211 καιρῷ
623 2140 724 2210 τῆς
744 2140 980 2209 κρίσεως
1009 2140 1442 2195 καλλωπίσασθαι
1467 2142 1554 2194 καὶ
1584 2158 1790 2213 κοσμη-

227 2230 408 2302 θῆναι.
445 2230 609 2285 Μένει
633 2230 692 2285 δὲ
720 2230 953 2295 ἕκαστος
976 2225 1089 2295 οἷος
1112 2233 1205 2285 ἐπὶ
1236 2235 1333 2303 τῆς
1349 2231 1593 2303 ἀληθείας
1615 2232 1784 2295 ἐστὶν,

217 2321 331 2374 εἴτε
377 2322 547 2392 πένης
585 2321 831 2389 ἀγαθῶν,
867 2320 977 2374 εἴτε
1020 2321 1288 2385 πλούσιος.
1334 2323 1440 2375 Καὶ
1472 2321 1638 2377 ταῦτα
1688 2322 1788 2393 μὲν

213 2408 310 2461 ἐπὶ
343 2410 614 2463 τοσοῦτον.

281 2499 350 2551 Τί
397 2500 442 2552 δ’
467 2498 535 2553 ἂν
586 2500 841 2570 εἴποιμεν
898 2499 1027 2570 περὶ
1075 2499 1174 2571 τῆς
1224 2502 1620 2574 συγχωρήσεως
1679 2502 1785 2557 τῶν

211 2587 406 2661 χρεῶν,
431 2589 496 2659 ἠν
523 2589 818 2660 ἐπενόησεν
859 2589 889 2641 ό
917 2588 1198 2660 οἰκονόμος
1227 2592 1325 2662 τῆς
1354 2590 1585 2655 ἀδικίας,
1617 2609 1786 2663 παρα-

213 2679 412 2752 μυθίαν
464 2679 640 2750 ἑαυτῷ
690 2679 801 2735 τῶν
846 2679 1032 2734 κακῶν
1091 2681 1226 2751 πρὸς
1284 2682 1409 2744 τοὺς
1461 2681 1784 2752 ὁμοδούλους

217 2773 780 2843 πραγματευσάμενος
803 2786 819 2837 ;
855 2772 930 2825 Οὐ
958 2771 1066 2844 γάρ
1094 2772 1241 2825 ἐστιν
1269 2772 1487 2826 εὔκολον
1513 2776 1593 2838 είς
1623 2774 1785 2846 ἀλλη-

219 2862 410 2933 γορίαν
444 2861 727 2916 ἀκόλουθον
772 2864 1172 2934 μετασκευάσαι
1205 2862 1285 2935 τῷ
1315 2865 1685 2936 γεγραμμένῳ
1714 2866 1782 2925 ⁸¹.

222 2953 293 3007 Ὀ
337 2954 395 3009 δέ
445 2971 535 3027 μοι
592 2953 759 3008 πολλὰ
811 2954 1209 3027 σκοπησαμένῳ
1246 2954 1490 3027 παρέστη
1512 2996 1527 3020 ,
1577 2954 1785 3010 τοιοῦτο

1892 1853 2006 1906 sive
2027 1854 2358 1923 splendidam
2393 1859 2536 1914 illam
2588 1879 2651 1917 ac
2694 1866 3006 1932 pretiosam,
3047 1867 3159 1923 sive
3192 1869 3348 1924 vilem
3391 1885 3457 1926 ac

1893 1947 2209 2014 palipertino
2231 1951 2416 2019 sagulo
2446 1953 2710 2011 similem:
2744 1973 2840 2012 uec
2872 1974 3066 2014 exuere
3096 1976 3212 2014 eam
3250 1960 3328 2015 fas
3352 1970 3455 2029 est,

1892 2045 1981 2087 aut
2001 2035 2100 2088 alia
2130 2052 2460 2095 commutare
2485 2060 2500 2108 ;
2535 2059 2632 2098 ncc
2662 2049 2880 2102 omniuo
2907 2050 2989 2104 vel
3023 2066 3088 2105 ex
3122 2054 3263 2107 dono
3286 2054 3365 2109 vei
3390 2070 3457 2110 ex

1890 2129 2225 2182 commodato
2263 2130 2451 2196 judicii
2499 2143 2737 2204 tempore
2789 2152 3039 2194 ornatum
3090 2145 3459 2213 mundumque

1889 2217 2174 2273 asciscere.
2224 2220 2402 2275 Manet
2442 2225 2668 2294 quisque
2725 2228 2898 2297 qualis
2958 2246 3145 2285 revera
3203 2241 3305 2294 est.
3340 2235 3458 2292 sive

1888 2310 2149 2363 bonorum
2178 2326 2400 2381 egenus,
2422 2313 2533 2368 sive
2564 2316 2712 2370 dives
2734 2326 2789 2370 et
2807 2319 3077 2388 copiosus.
3110 2321 3175 2375 Et
3200 2326 3313 2379 lunc
3338 2327 3456 2394 qni·-

1888 2398 2006 2452 dem
2046 2399 2321 2455 hactenus.

1958 2489 2223 2563 Quidjam
2253 2494 2494 2549 dicemus
2515 2492 2579 2547 de
2609 2498 2998 2555 condonatione
3027 2517 3087 2556 ac
3128 2503 3450 2560 remissione

1887 2584 2210 2646 debitorum,
2252 2602 2412 2656 qnam
2440 2587 2740 2657 iniquitatis
2770 2604 3082 2647 oecouomus
3115 2605 3451 2649 commentus

1885 2684 1985 2741 est,
2017 2686 2073 2730 ut
2094 2677 2343 2731 solatium
2385 2680 2599 2750 aliquod
2639 2690 2692 2734 et
2722 2683 2978 2737 auxilium
3005 2683 3056 2736 in
3108 2685 3259 2738 lua-lis
3311 2685 3450 2753 apud

1886 2780 2174 2823 conservos
2201 2768 2299 2824 sibi
2327 2773 2702 2841 compararet?
2725 2773 2844 2828 Non
2872 2776 3015 2828 enini
3040 2791 3170 2830 sane
3195 2777 3452 2847 proclive,

1886 2859 2027 2928 quod
2063 2860 2133 2912 ita
2163 2862 2420 2929 scriptum
2451 2872 2532 2917 est
2561 2863 2616 2916 in
2647 2863 2959 2935 allegoriam
2994 2880 3120 2921 vero
3158 2884 3451 2925 consonam

1885 2963 2219 3005 convertere.
2256 2951 2439 3007 Dicam
2489 2966 2666 3011 tamen
2699 2957 2838 3028 quod
2890 2956 3052 3011 multa
3107 2958 3341 3015 volventi
3395 2962 3449 3016 in

215 3043 505 3116 τυγχάνει·
554 3044 758 3109 Πάντες
810 3043 1119 3117 ἄνθρωποι,
1166 3044 1281 3098 ὅσοι
1328 3044 1425 3117 τήν
1483 3044 1781 3118 μέλλουσαν
1889 3055 2120 3097 mentem
2155 3045 2318 3099 venit.
2360 3050 2561 3104 ornnes
2593 3064 2709 3116 uos,
2744 3059 3005 3118 quotquot
3032 3048 3261 3104 suturam
3294 3051 3450 3108 nobIs

210 3139 425 3200 ἑαυτοῖς
452 3136 638 3192 ἄνεσιν
672 3137 1171 3210 πραγματευόμεθα
1193 3179 1208 3204 ,
1243 3136 1497 3208 ἀλλότρια
1526 3137 1778 3206 διδόντες,

208 3233 246 3306 ἢ
280 3233 714 3306 συγχωροῦντες,
745 3236 941 3288 οἰκεῖον
983 3233 1317 3306 ποριζόμεθα
1343 3233 1554 3304 κέρδος.
1600 3231 1783 3285 ’Δλλό-

207 3340 335 3397 τρια
379 3324 438 3377 δὲ
470 3324 646 3394 λέγω,
697 3324 768 3378 τά
807 3323 901 3377 τοῦ
940 3325 1233 3377 Δεσπότου.
1277 3323 1442 3376 Οὐδὲν
1485 3323 1594 3393 γάρ
1636 3324 1785 3377 ἐστιν

212 3418 500 3489 ἡμέτερον·
531 3415 668 3471 ἀλλά
714 3415 890 3469 πάντα
918 3415 1017 3486 τῆς
1057 3414 1271 3469 ἐκείνου
1297 3413 1613 3475 δεσποτείας
1650 3414 1784 3484 κτή-

218 3527 382 3580 ματα.
418 3511 548 3565 Ὅτε
581 3508 646 3565 ἂν
672 3504 765 3565 οὖν
796 3524 880 3570 τις
917 3506 1237 3578 αἰσθόμενος
1269 3505 1368 3577 τῆς
1403 3504 1656 3574 τελευτῆς
1692 3503 1784 3556 καὶ

212 3599 316 3670 τῆς
362 3598 573 3654 ὶνθένδε
621 3600 1033 3671 μεταστάσεως,
1079 3597 1344 3659 εὐποιίαις
1386 3595 1616 3665 κουφίσῃ
1674 3593 1783 3649 τῶν

199 3691 502 3762 -ἁμαρτιῶν
521 3691 584 3744 τδ
608 3693 838 3763 φορτίον,
867 3691 899 3760 ἢ
926 3690 1226 3762 χρεωσταῖς
1251 3687 1607 3758 συγχωρήσας
1630 3685 1788 3757 όφλή-

231 3799 383 3851 ματα
405 3821 420 3844 ,
467 3782 503 3853 ἢ
542 3785 650 3846 τοῖς
679 3783 990 3854 πενομένοις
1029 3781 1344 3853 χορηγήσας
1370 3779 1469 3849 τὴν
1502 3778 1783 3851 εὐπορίαν,

236 3872 308 3924 τὰ
328 3872 418 3925 τοῦ
444 3874 701 3928 Δεσπότου
728 3874 921 3938 διδοὺς,
949 3872 1134 3943 φίλους
1163 3871 1355 3923 κτᾶται
1383 3867 1631 3930 πολλοὺς.
1657 3867 1785 3930 τοὺς

231 3964 517 4035 μέλλοντας
542 3968 688 4039 αὐτῷ
719 3968 1161 4040 προσμαρτυρεῖν
1192 3963 1344 4035 παρὰ
1373 3961 1450 4034 τῷ
1484 3963 1658 4033 Κριτῇ
1685 3961 1783 4032 τὴν

219 4056 614 4130 ἀγαθωσύνῃν,
663 4061 759 4114 καὶ
804 4059 893 4113 διὰ
938 4059 1036 4129 τῆς
1097 4055 1399 4128 μαρτυρίας
1446 4051 1784 4124 εὐτρεπίζειν

214 4148 530 4219 ἀναψύξεως
554 4150 917 4220 καταγώγιον.
955 4149 1245 4220 Μάρτυρες
1280 4145 1336 4198 δὲ
1363 4144 1610 4213 λέγονται
1641 4146 1690 4196 oi
1724 4138 1782 4196 εὗ

219 4239 485 4304 παθόντες
531 4241 683 4313 παρα
706 4241 785 4312 τῷ
807 4243 1008 4313 Κριτῇ,
1031 4241 1090 4293 οὐ
1121 4240 1342 4308 φωναῖς,
1367 4237 1442 4301 ὡς
1465 4235 1782 4306 ἀγνοοῦντα,

214 4332 559 4397 διδάσκοντες
581 4373 599 4398 ,
634 4332 749 4387 ἀλλ’
778 4334 853 4397 ὡς
897 4333 998 4402 τῆς
1026 4333 1153 4404 περὶΙ
1185 4331 1382 4393 αὐτοὺς
1409 4328 1659 4400 πράξεως
1687 4327 1785 4398 τῆς

1887 3136 2128 3204 requiem
2158 3150 2474 3205 cortlparare
2508 3139 2821 3205 studemus,
2853 3139 3153 3195 alienarum
3199 3141 3447 3196 donatio-

1888 3242 2008 3280 nem
2040 3241 2101 3280 ac
2123 3226 2524 3281 concessionem
2584 3244 2785 3292 rerum,
2838 3228 3040 3284 lucrum
3079 3246 3142 3285 ac
3188 3242 3445 3302 quaestum

1886 3318 2159 3387 proprium
2185 3316 2427 3372 snt-imus,
2460 3320 2682 3389 Appello
2729 3329 2909 3375 autem
2946 3321 3139 3385 aliena,
3175 3338 3292 3390 quae
3346 3323 3450 3378 Do-

1887 3408 2016 3461 mini
2042 3418 2186 3464 sunt.
2215 3404 2362 3464 Nihil
2406 3410 2549 3463 cuiun
2584 3411 2803 3465 omnino
2834 3420 3093 3472 nostrum.
3126 3414 3216 3465 sed
3247 3413 3448 3475 omnia.

1888 3497 2028 3550 illius
2048 3508 2171 3551 sunt
2203 3500 2443 3554 dominio
2467 3502 2771 3571 mancipata
2804 3502 2961 3554 bona.
2994 3502 3125 3556 Cum
3176 3502 3295 3571 quis
3347 3503 3449 3574 igi-

1888 3599 1994 3654 tur,
2023 3591 2340 3644 moriturum
2384 3590 2496 3645 sore
2523 3591 2919 3661 persentiscens
2970 3607 3031 3645 ac
3068 3591 3447 3660 migraturum,

1888 3688 2227 3749 peccalorum
2258 3694 2394 3733 onus
2431 3680 2780 3734 beneficentia
2809 3680 2987 3733 levare
3031 3682 3231 3746 studet,
3274 3696 3338 3735 ac
3366 3684 3449 3737 vel

1886 3768 2188 3823 debitorum
2211 3770 2310 3824 sibi
2337 3771 2610 3823 nominum
2634 3769 2857 3837 gratiam
2886 3769 3033 3832 facit,
3053 3771 3134 3823 vel
3168 3773 3451 3839 egentibus

1887 3862 2129 3933 largitur,
2156 3879 2219 3917 ea
2245 3865 2495 3919 donando
2537 3878 2657 3934 quae
2687 3875 2811 3920 sunt
2864 3865 3096 3932 Domini,
3139 3856 3320 3936 plures
3344 3871 3446 3924 sibi

1886 3953 2088 4007 amicos
2119 3954 2393 4017 conciliat,
2431 3959 2518 4022 qui
2561 3955 2813 4009 honitatis
2841 3952 2955 4022 ejus
2999 3969 3062 4009 ac
3115 3957 3450 4014 liberalitatis

1889 4044 2023 4112 apud
2046 4042 2286 4098 «iudicem
2318 4055 2477 4098 testea
2513 4043 2674 4098 futuri
2714 4047 2839 4110 sint,
2884 4062 2944 4100 nc
2982 4048 3284 4102 testimonio
3315 4064 3435 4114 suo,

1889 4133 2156 4204 renigoti}
2194 4134 2366 4188 locum
2393 4137 2650 4204 paraturi.
2684 4137 2847 4190 Porro
2871 4147 3040 4192 testes
3069 4138 3324 4193 dicuntur
3356 4143 3449 4196 be-

1890 4224 2079 4279 neficio
2108 4225 2282 4280 affecti
2324 4228 2461 4296 apud
2512 4224 2789 4291 ludiceuu
2823 4244 2927 4282 non
2957 4229 3193 4290 vocibus,
3232 4238 3288 4282 ut
3322 4238 3444 4284 tan-

1888 4331 2045 4387 quam
2076 4317 2318 4385 ignarum
2346 4317 2611 4382 doc-enum
2671 4316 2762 4371 sed
2795 4319 2938 4387 quod
2973 4318 3024 4372 iu
3061 4332 3154 4373 eos
3208 4319 3446 4373 exhibita

212 4427 486 4497 τιμωρίας
509 4427 636 4490 τοὺς
656 4427 1079 4500 ἁμαρτήσαντας
1104 4423 1512 4494 ἐξαιρουμένης,
1548 4422 1642 4475 Ὃν
1674 4418 1783 4492 γὰρ
1816 4427 1863 4487 D
1889 4409 2049 4473 actio,
2084 4422 2333 4463 auctores
2387 4422 2512 4462 suos
2560 4423 2587 4461 a
2636 4408 2920 4463 criminum
2977 4422 3136 4478 poeua
3196 4413 3395 4465 eximat
3428 4429 3445 4466 z

211 4517 417 4591 τρόπον
461 4518 523 4573 τό
564 4515 703 4591 αἷμα
737 4518 830 4572 τοῦ
883 4517 1048 4571 Ἀὄελ
1093 4514 1305 4583 ἐλέγετο
1343 4511 1470 4584 βοᾷν
1520 4511 1656 4583 πρὸς
1691 4509 1783 4563 τὸν

212 4611 370 4676 Θεὸν,
400 4610 602 4683 ὁμοίως
632 4611 727 4665 καὶ
752 4610 814 4663 τὸ
844 4607 1046 4677 ἀγαθὸν
1090 4606 1249 4679 ἔργον
1276 4604 1594 4677 λεχθήσεται
1636 4617 1780 4673 μαρ-

212 4703 398 4772 τυρεῖν
432 4700 514 4771 τῷ
567 4698 950 4772 κατωρθωκότι
998 4698 1054 4750 ἐν
1101 4693 1323 4767 Χριστῷ
1385 4692 1559 4765 Ἰησοῦ
1593 4690 1784 4762 Κυρίῳ

214 4792 372 4862 ήμῶν
391 4808 406 4822 ·
425 4784 472 4861 ᾧ
497 4793 533 4863 ή
556 4791 684 4856 δόξα
704 4793 786 4857 εἰς
803 4791 929 4853 τοὺς
955 4788 1154 4850 αἰῶνας
1175 4784 1282 4839 τῶν
1311 4782 1543 4840 αἰώνων.
1584 4782 1780 4854 Ἀμήν.

960 4970 1032 5022 Γ’.

602 5061 833 5130 ‘Optata
859 5060 1007 5113 κατὰ
1039 5055 1410 5121 πλεονεξίας.

289 5151 520 5224 Ἄνδρες
582 5152 932 5225 Χριστιανοὶ,
1000 5151 1094 5206 καὶ
1159 5149 1401 5220 κλήσεως
1454 5144 1772 5216 ἐπουρανίου

1891 4513 2014 4552 nam
2051 4514 2155 4567 qua
2188 4499 2389 4553 ratione
2410 4499 2626 4570 sanguis
2654 4499 2783 4554 Abel
2816 4499 3050 4554 clamare
3072 4503 3136 4553 nd
3168 4501 3447 4558 Dominum

1891 4589 2063 4643 dictus
2080 4597 2165 4644 est
2181 4589 2247 4657 ⁸⁸,
2272 4590 2458 4645 eodem
2486 4591 2644 4646 modo
2668 4606 2828 4660 opera
2857 4593 2995 4648 bona
3018 4593 3065 4646 ei
3086 4593 3448 4649 testimouium

1892 4683 2174 4750 perhibere
2197 4684 2459 4748 dicentur,
2485 4684 2575 4754 qui
2604 4683 2799 4739 meruit
2818 4698 2882 4738 ac
2896 4684 3151 4752 praeclara
3184 4684 3370 4753 gessit,
3393 4681 3447 4736 in

1890 4775 2106 4831 Christo
2152 4773 2280 4831 Jesu
2323 4775 2558 4832 Duiu‘iuo
2607 4787 2792 4832 nostro
2813 4817 2828 4840 ,
2856 4777 2941 4831 cui
2972 4777 3140 4847 gloria
3169 4775 3224 4829 in
3251 4773 3447 4830 saecula

1889 4866 2225 4921 saeculorum.
2252 4868 2439 4923 Amen.

2623 4957 2709 5012 lll.

2177 5049 2406 5104 {lomina
2449 5049 2694 5104 adversus
2720 5048 2999 5102 avaritiam
3030 5046 3159 5118 (19).

1961 5140 2069 5195 Viri
2100 5141 2418 5204 Christiani.
2461 5155 2665 5211 vosque
2693 5139 2930 5195 coelestis
2986 5138 3279 5193 vocationis
3318 5151 3445 5206 par-

286 5291 330 5324 ⁸¹
361 5289 489 5360 Leg.
538 5290 601 5343 τὸ
651 5288 1053 5362 γεγραμμένον.
1127 5287 1171 5318 ⁸¹
1201 5285 1387 5340 blatta.
1440 5297 1588 5347 xxV,
1619 5282 1645 5336 t
1702 5295 1819 5351 sqq.
1912 5278 2117 5334 ⁸³ch.
2182 5293 2254 5343 tv,
2321 5279 2406 5336 10.

288 5429 403 5501 (ts)
443 5427 739 5485 Occasione
780 5426 1154 5488 nundinarum,
1199 5438 1316 5492 quae
1364 5421 1415 5474 in
1474 5428 1769 5489 martyrum

212 5499 493 5557 solemniis
529 5501 722 5552 crebro
751 5496 927 5566 populi
959 5508 1219 5548 concursu
1258 5492 1368 5561 jam
1405 5499 1512 5544 tum
1558 5490 1768 5551 tierent,

215 5569 471 5625 nonnulla
527 5567 767 5622 avaritiae
809 5565 1016 5633 specie,
1066 5562 1438 5640 exagitandam
1483 5561 1597 5641 ‘hoc
1654 5557 1770 5612 loco

217 5639 466 5694 Asterius
497 5638 736 5706 suscepit
758 5635 1060 5699 avaritiam,
1100 5634 1153 5686 in
1172 5646 1334 5702 quam
1360 5630 1530 5710 pridie
1560 5641 1772 5709 quoq-ue

216 5709 464 5765 invectus
492 5717 679 5764 esset:
706 5708 797 5762 sed
832 5720 933 5759 uon
966 5709 1138 5759 exstat
1172 5701 1342 5756 altera
1380 5698 1468 5753 nlla
1499 5706 1767 5754 tractatio.

1879 5417 1951 5469 lle
1985 5415 2069 5468 iila
2108 5414 2283 5484 populi
2321 5413 2580 5469 effusione
2622 5410 2684 5466 ad
2738 5422 3031 5484 martyrum
3078 5421 3233 5467 extra
3284 5413 3444 5467 urbes

1877 5485 2195 5538 celebranda
2232 5494 2453 5552 tropaea.
2495 5498 2559 5537 ac
2629 5488 2682 5536 in
2719 5481 3009 5552 MartyriiS.
3053 5497 3271 5537 nounun
3316 5498 3433 5535 uani

1876 5555 2314 5624 chrysostomus,
2343 5562 2540 5606 utcum
2570 5553 2636 5607 de
2663 5563 2851 5607 sancto
2876 5552 3102 5624 Raima,
3135 5562 3240 5607 etc.
3322 5559 3444 5605 rant

1878 5622 2128 5694 Martyria
2172 5630 2322 5677 extra
2372 5621 2553 5685 urbes,
2599 5622 2743 5691 quod
2795 5620 3000 5691 legibus
3042 5620 3298 5676 Romanis
3335 5634 3442 5675 nou

1880 5695 2065 5748 liceret
2099 5691 2256 5747 condi
2281 5691 2332 5746 iu
2360 5690 2583 5749 urbibus
2612 5691 2885 5748 cadavera.
