3725 6125
252 305 364 364 3⁹3

1293 293 1576 352 Hostius
1613 297 1704 355 ln.
1744 299 2111 359 ADVERSUS
2152 303 2554 362 AVARtTtAM.

3408 321 3509 382 iu

258 418 617 489 ἐκλάδοιμεν,
647 413 778 488 μετὰ
810 412 914 485 τὴν
939 410 1149 466 ἐνθένδε
1194 414 1554 484 μετάστασιν,
1580 417 1704 469 οὔτε
1739 417 1833 470 τοῦ
1861 425 1910 479 A
1937 420 2155 485 eadunt,
2197 424 2507 489 parabolam
2533 425 2673 480 hanc
2703 426 3123 499 interpretemur
3151 453 3168 490 ι
3221 437 3309 493 ubi
3342 444 3507 498 seins!

261 510 587 580 προσαιτεῖν
640 502 837 576 καιρός.
889 501 1002 556 Καὶ
1043 499 1134 555 διὰ
1174 500 1334 555 τοῦτο
1383 502 1568 575 μηδεὶς
1605 503 1829 571 λεγέτω·

268 602 576 659 suasum·
597 601 695 654 οὐκ
712 598 926 667 ἰσχύω.
948 594 1069 650 Κᾶν
1096 595 1204 667 γάρ
1228 595 1475 667 δύνηται,
1504 597 1675 662 οὐδεὶς
1704 613 1836 667 συγ-

272 696 469 765 χωρεῖ.
516 694 569 746 Ὅ
597 689 711 761 βίος
764 683 918 753 οὗτος
966 687 1081 759 ἔχει
1129 687 1238 742 τῶν
1270 688 1499 742 ἐντολῶν
1525 688 1623 760 τὴν
1656 706 1835 759 γεωρ-

276 782 439 848 γίαν·
464 783 489 834 ό
523 779 576 833 δὲ
607 777 843 849 μέλλων,
878 776 979 847 τὴν
1016 776 1335 831 ἀπόλαυσιν.
1371 777 1536 830 Ὥστε
1574 778 1622 830 εί
1667 777 1832 851 μηδὲν

279 872 496 944 εἰργάσω
521 869 784 934 ἐνταῦθα,
818 868 1117 940 ἀπέμεινον
1146 870 1201 922 αἰ
1226 869 1479 939 ἄμπελοι,
1513 871 1610 923 καὶ
1646 886 1833 943 περιτ-

272 963 368 1025 τῶς
394 959 699 1032 φροντίζεις
746 960 875 1030 περὶ
913 959 1012 1031 τῆς
1058 960 1377 1030 σκαπάνης·
1416 957 1540 1013 οὔτε
1579 959 1637 1013 δὲ
1665 976 1834 1031 προσ-

260 1051 411 1105 αιτῶν
437 1051 750 1123 ὠφελήσεις
776 1067 831 1102 τι
862 1050 1074 1104 σαυτόν.
1110 1050 1223 1103 Καὶ
1248 1048 1440 1103 τούτου
1467 1052 1636 1120 σαφὲς
1696 1053 1829 1121 ἡμῖν

249 1141 557 1214 ’ὑπόδειγμα
590 1142 992 1214 παραδέδοται,
1021 1140 1083 1195 τὸ
1122 1141 1231 1195 τῶν
1272 1142 1470 1215 μωρῶν
1518 1141 1826 1214 παρθένων·

246 1234 448 1297 αἰτινες
482 1234 694 1305 ἀπορίᾳ
720 1234 1063 1288 καταστᾶσαι
1088 1232 1181 1286 τοῦ
1207 1234 1409 1298 ἐλαίου,
1445 1233 1676 1297 ἀναιδῶς
1700 1233 1830 1306 ᾔτη-

244 1341 341 1377 σαν
389 1324 547 1395 παρὰ
582 1322 694 1377 τῶν
739 1324 1022 1396 φρονίμων
1048 1340 1061 1354 ·
1116 1323 1335 1396 ὤνησαν
1376 1324 1434 1377 δὲ
1483 1325 1659 1390 οὐδὲν,
1713 1323 1830 1377 ἀλλ’

242 1414 688 1487 ἀπεστράφησαν
727 1417 1002 1488 ἄπρακτοι
1023 1434 1038 1448 ·
1080 1415 1385 1480 δεικνύντος
1409 1414 1506 1469 τοῦ
1533 1415 1716 1484 λόγου,
1745 1415 1827 1468 ὄτι

245 1505 514 1577 ἀλλοτρίῳ
557 1505 722 1578 ἐλαίῳ
761 1508 820 1560 ὲν
850 1510 921 1579 τῇ
959 1507 1228 1579 παρουσία
1269 1505 1362 1560 τοῦ
1392 1506 1629 1576 νυμφίου
1655 1504 1831 1569 οὐδεὶς

246 1597 518 1668 κέχρηται
542 1610 559 1625 ·
625 1598 930 1662 τούτὲστιν,
990 1597 1252 1670 ἀλλοτρίῳ
1308 1595 1698 1668 κατορθώματι
1750 1596 1831 1659 είς

1938 509 2063 565 binc
2083 512 2514 581 migraverimus,
2549 531 2719 588 neque
2755 526 3012 590 operandi
3037 534 3247 598 tempus
3270 541 3376 602 est,
3407 548 3506 589 nc·

1934 613 2040 667 que
2060 602 2436 671 mendicandi;
2473 621 2647 676 eoque
2696 625 2857 665 nemo
2905 614 3091 671 dicat:
3151 617 3354 676 Fodere
3399 640 3505 679 non

1934 687 2098 745 valeo.
2130 688 2195 743 Ut
2220 692 2361 745 euim
2404 696 2636 751 maxime
2686 698 2866 755 valeas
2895 741 2911 765 ,
2959 718 3117 760 nemo
3174 712 3504 776 permiserit.

1934 773 2121 831 Cultus
2161 789 2214 832 et
2288 780 2591 840 observatio
2645 788 3018 846 mandatorum
3089 794 3249 864 hujus
3286 802 3504 870 propria

1933 865 2055 917 vitae
2089 876 2205 931 est;
2237 866 2420 924 fruitio
2451 886 2578 926 vero
2600 871 2818 932 suturae.
2851 877 3027 944 Quare
3054 882 3100 936 si
3144 882 3232 939 hic
3262 888 3396 941 nibil
3442 903 3505 947 es

1932 965 2604 1023 operatus,remanserunt
2654 965 2810 1031 vites,
2840 982 2906 1022 ac
2945 968 3219 1027 incassum
3265 975 3333 1030 de
3384 976 3502 1035 fos-

1933 1045 2087 1101 sione
2131 1048 2395 1106 sollicitus
2448 1066 2525 1106 es,
2568 1053 2636 1108 At
2683 1072 2782 1111 nec
2809 1061 3168 1119 mendicando
3206 1069 3501 1139 quidquam

1934 1138 2246 1205 profeceris,
2286 1142 2451 1209 liujus
2474 1144 2629 1199 uobis
2656 1146 2864 1206 illustre
2892 1156 3197 1222 exemplum
3240 1160 3498 1216 traditum

1932 1236 2033 1291 est,
2064 1229 2301 1300 quinque
2336 1231 2462 1287 illud
2489 1232 2760 1292 fatuarum
2801 1241 3068 1312 virginum
3092 1245 3174 1315 ⁸⁸;
3206 1263 3340 1319 quas,
3372 1265 3498 1307 cum

1931 1318 2107 1372 oleum
2137 1320 2266 1389 ipsis
2292 1322 2525 1390 deesset,
2555 1327 2895 1397 impudenter
2941 1335 3118 1391 oleum
3153 1354 3183 1392 a
3237 1341 3496 1410 sapienti·

1932 1408 2031 1462 bus
2059 1411 2347 1478 petierunt,
2383 1431 2481 1470 nec
2501 1420 2794 1489 quidquam
2820 1431 2999 1480 tamen
3028 1437 3154 1483 sunt
3177 1442 3495 1499 consecutae,

1933 1499 2025 1552 sed
2054 1516 2111 1554 re
2145 1500 2336 1557 insecta
2376 1504 2645 1563 abierunt.
2708 1509 2825 1579 Quo
2899 1515 3174 1580 docemur,
3230 1522 3496 1577 neminem

1932 1588 2106 1643 alieno
2138 1591 2211 1644 uti
2237 1591 2354 1648 oleo
2376 1594 2429 1647 iu
2454 1597 2685 1652 adventu
2719 1601 2927 1667 sponsi,
2959 1602 3009 1656 id
3039 1614 3140 1670 est,
3174 1605 3364 1662 alienis
3387 1624 3499 1664 me·

244 1687 384 1740 ἰδίαν
433 1687 756 1742 ἀπόλαυσιν.
792 1690 1073 1752 ,Εκαπος
1122 1688 1226 1759 γὰρ
1251 1688 1348 1761 τὴν
1385 1688 1522 1742 ἰδία.)
1553 1686 1829 1741 πολιτείαν
1936 1680 2070 1744 ritiS,
2102 1683 2167 1734 ad
2194 1698 2347 1737 suum
2372 1686 2539 1752 ipsius
2573 1691 2913 1745 commodum
2944 1708 3007 1746 ac
3038 1694 3292 1751 fructum.
3322 1698 3494 1766 Quam

252 1775 327 1837 ὡς
367 1776 584 1845 ἱμάτιον
627 1778 1041 1849 neptam-urm,
1071 1780 1178 1832 εἴτε
1203 1778 1449 1851 λαμπρὸν
1493 1780 1589 1832 καὶ
1626 1780 1826 1848 mum),
1861 1760 1903 1815 B
1933 1770 2159 1839 quisque
2206 1774 2370 1841 gessit
2417 1776 2537 1830 vitae
2569 1780 2868 1846 rationem,
2912 1798 3008 1838 ceu
3058 1797 3259 1841 vestem
3298 1790 3493 1857 induit,

259 1867 372 1918 εἴτε
408 1866 612 1935 φαῦλον
663 1868 758 1920 καὶ
794 1869 896 1938 τῆς
943 1871 1213 1943 πτωχικῆς
1263 1871 1569 1943 ὲφεστρίδος
1620 1870 1824 1941 ὅμοιον.

276 1958 637 2012 Ἐκδύσασθαι
673 1959 731 2011 δὲ
758 1960 894 2013 αὐτὸ
919 1960 1023 2014 ούκ
1054 1962 1214 2025 ιἐστιν,
1253 1960 1371 2015 οὔτε
1401 1962 1701 2027 ἀπαλλάξαι
1734 1961 1827 2014 καὶ

266 2047 653 2119 διαμείψασθαι
678 2048 818 2117 πρὸς
844 2049 1055 2120 ἓτερον,
1081 2049 1199 2104 οὔτε
1221 2052 1285 2105 ἐκ
1308 2051 1490 2117 δάνους
1519 2054 1554 2124 ἢ
1583 2054 1827 2125 χρήσεως

267 2141 328 2193 ἐν
349 2140 430 2212 τῷ
458 2139 636 2212 καιρῷ
663 2141 763 2211 τῆς
782 2141 1023 2211 κρίσεως
1052 2144 1480 2199 καλλωπίσασθαι
1505 2146 1592 2199 καὶ
1620 2162 1826 2217 κοσμη-

263 2230 443 2301 θῆναι.
479 2232 649 2286 Μένει
672 2231 730 2287 δὲ
758 2232 995 2297 ἕκαστος
1019 2227 1130 2298 οἶος
1154 2237 1243 2289 ἐπὶ
1273 2238 1370 2308 τῆς
1386 2235 1630 2307 ἀληθείας
1652 2236 1821 2301 ἐστὶν,

251 2321 364 2375 εἶτε
409 2323 583 2393 πένης
622 2322 867 2391 ἀγαθῶν,
904 2323 1018 2377 εἴτε
1062 2324 1325 2389 πλούσιος.
1370 2327 1478 2380 Καὶ
1506 2324 1674 2381 ταῦτα
1723 2328 1823 2398 μὲν

246 2408 341 2462 ἀπὶ
374 2410 649 2464 τοσοῦτον.

313 2500 381 2552 Τί
427 2500 473 2554 δ’
499 2500 567 2554 ἂν
618 2502 876 2572 εἴποιμεν
935 2502 1065 2574 περὶ
1113 2502 1211 2574 τῆς
1257 2507 1655 2578 συγχωρήσεως
1714 2507 1821 2562 τῶν

245 2589 438 2661 χρεῶν,
462 2590 528 2660 ἠν
554 2590 852 2661 ἐπενόησεν
893 2591 923 2643 δ
953 2591 1232 2663 οἰκονόμος
1261 2596 1360 2666 τῆς
1386 2595 1619 2659 ἀδικίας,
1651 2613 1822 2667 παρα-

248 2680 445 2752 μυθίαν
496 2680 671 2752 ἐαυτῷ
721 2681 833 2737 τῶν
878 2681 1069 2736 κακῶν
1127 2684 1260 2754 πρὸς
1318 2686 1442 2748 τοὺς
1494 2685 1820 2756 ὁμοδούλους

252 2774 810 2845 πραγματευσάμενος
835 2789 851 2839 ;
887 2774 965 2827 Οὐ
993 2772 1102 2846 γάρ
1128 2775 1275 2829 ἐστιν
1303 2775 1522 2831 εὔκολον
1547 2780 1627 2841 εἰς
1657 2778 1821 2852 άλλη-

255 2862 446 2933 γορίαν
480 2863 759 2918 ἀκόλουθον
803 2865 1204 2936 μετασκευάσαι
1239 2866 1318 2938 τῷ
1347 2869 1720 2940 γεγραμμένῳ
1748 2871 1815 2929 ⁸¹.

260 2953 329 3007 ⁸0
373 2954 430 3009 δέ
480 2972 568 3026 μοι
624 2956 790 3011 πολλὰ
842 2956 1243 3029 σκοπησαμένῳ
1279 2958 1524 3030 παρέστη
1545 2999 1560 3024 ,
1610 2958 1818 3014 τοιοῦτο

1930 1858 2044 1912 sive
2065 1860 2395 1928 splendidam
2431 1866 2573 1919 illam
2626 1885 2690 1923 ac
2732 1873 3043 1940 pretiosam,
3085 1875 3197 1932 sive
3230 1878 3385 1933 vilem
3430 1894 3495 1935 ac

1931 1953 2247 2020 paupertino
2268 1957 2452 2025 sagulo
2482 1960 2748 2018 similem:
2782 1980 2878 2019 nec
2910 1983 3103 2023 exuere
3133 1984 3250 2023 eam
3287 1968 3365 2025 l'as
3389 1980 3492 2037 est,

1929 2050 2019 2092 aut
2039 2040 2138 2093 alia
2168 2058 2536 2114 commutare;
2572 2065 2670 2104 nec
2699 2056 2917 2109 omnino
2944 2058 3027 2112 vel
3061 2074 3125 2113 ex
3160 2062 3299 2116 douo
3322 2063 3402 2118 vel
3427 2079 3493 2119 ex

1927 2134 2262 2187 commodato
2300 2135 2488 2201 judicii
2535 2148 2775 2211 tempore
2827 2159 3075 2202 ornatum
3127 2154 3495 2223 mundumque

1926 2223 2210 2278 asciscere.
2260 2224 2438 2281 Manet
2478 2231 2705 2300 quisque
2762 2236 2935 2303 qualis
2995 2253 3182 2293 revera
3240 2250 3340 2302 cst.
3376 2245 3493 2301 sive

1924 2315 2185 2368 bonorum
2214 2331 2435 2386 egenus,
2458 2320 2569 2374 sive
2601 2322 2749 2376 dives
2770 2332 2825 2376 et
2844 2326 3114 2395 copiosus.
3147 2330 3212 2383 Et
3238 2334 3348 2387 lucc
3374 2336 3492 2403 qui-

1924 2402 2042 2457 dem
2083 2404 2356 2460 hactenus.

1993 2494 2129 2562 Quid
2149 2497 2259 2568 jam
2288 2499 2529 2555 dicemus
2550 2500 2615 2553 de
2645 2504 3035 2561 condonatione
3064 2525 3124 2564 ac
3165 2511 3486 2568 remissione

1922 2587 2245 2651 debitorum,
2286 2608 2448 2661 qnam
2475 2593 2775 2663 iniqnitatis
2806 2611 3118 2654 oeeonontus
3150 2613 3487 2658 commentus

1920 2688 2020 2745 est,
2052 2690 2108 2734 nt
2129 2682 2377 2736 solatium
2420 2685 2635 2756 aliquod
2674 2697 2728 2740 et
2758 2689 3014 2745 auxilinm
3041 2692 3092 2744 in
3142 2691 3294 2747 malis
3346 2694 3485 2761 apud

1921 2786 2208 2829 conservos
2235 2774 2334 2828 sibi
2362 2780 2737 2847 coinpararet?
2759 2780 2878 2835 Non
2907 2784 3050 2835 enim
3076 2799 3206 2837 sane
3230 2786 3487 2855 proclive,

1921 2864 2062 2933 quod
2098 2865 2168 2916 ita
2198 2868 2456 2934 scriptum
2486 2879 2566 2923 est
2596 2870 2650 2924 iu
2682 2871 2994 2941 allegoriam
3029 2888 3155 2928 vero
3193 2891 3486 2933 consonam

1919 2968 2253 3011 convertere.
2291 2957 2473 3013 Dicam
2524 2971 2699 3017 tamen
2734 2964 2873 3034 quod
2925 2965 3087 3018 multa
3141 2966 3376 3022 volventi
3430 2971 3485 3025 in

252 3044 540 3116 τυγχάνει·
587 3045 790 3111 Πάντες
842 3045 1152 3119 ἄνθρωποι,
1200 3047 1314 3101 ὅσοι
1361 3048 1458 3120 τὴν
1516 3048 1814 3121 μέλλουσαν
1845 3096 1890 3154 C
1923 3058 2154 3102 mentem
2190 3051 2353 3105 venit.
2395 3056 2595 3110 onmes
2626 3070 2742 3122 ιιοε,
2778 3068 3039 3126 quotquot
3066 3055 3295 3111 suturam
3329 3060 3485 3117 nobis

244 3138 460 3202 ἑαυτοῖς
487 3137 670 3193 ἄνεσιν
702 3138 1205 3212 πραγματευόμεθα
1227 3181 1242 3207 ,
1277 3139 1531 3212 ἀλλότρια
1559 3141 1812 3210 διδόντες,

243 3234 278 3306 ἢ
311 3234 745 3307 συγχωροῦντες,
775 3237 976 3289 οἰκεῖον
1016 3235 1352 3310 ποριζόμεθα
1376 3235 1587 3308 κέρδος.
1633 3235 1817 3288 Ἀλλό-

239 3340 367 3397 τρια
410 3325 470 3378 δὲ
501 3325 677 3396 λέγω,
728 3325 799 3380 τὰ
839 3325 933 3379 τοῦ
974 3327 1266 3380 Δεσπότου.
1310 3326 1475 3380 Οὐδὲν
1518 3326 1627 3396 γάρ
1669 3327 1819 3381 ἐστιν

244 3418 532 3489 ἡμέτερον·
563 3416 699 3472 ἀλλὰ
744 3417 923 3471 πάντα
952 3417 1051 3489 τῆς
1089 3417 1303 3472 ἐκείνου
1330 3417 1645 3479 δεσποτείας
1683 3419 1817 3488 κτή-

248 3528 413 3581 ματα.
449 3512 579 3565 Ὅτε
613 3509 677 3567 ἂν
703 3505 796 3565 οὖν
828 3525 914 3572 τις
950 3510 1270 3581 αἰσθόμενος
1302 3508 1400 3580 τῆς
1436 3507 1689 3577 τελευτῆς
1726 3508 1818 3560 καὶ

242 3600 347 3671 τῆς
391 3598 607 3655 ἐνθένδε
653 3602 1065 3672 μεταστάσεως,
1111 3599 1377 3663 εύποιίαις
1419 3599 1649 3670 κουφίσῃ
1707 3597 1816 3653 τῶν

251 3692 534 3763 ἁμαρτιῶν
552 3692 616 3745 τὸ
640 3693 871 3764 φορτίον,
899 3693 932 3762 ἢ
958 3693 1258 3764 χρεωσταίς
1284 3691 1640 3761 συγχωρήσας
1662 3689 1820 3761 ὀφλή-

262 3799 414 3851 ματα
435 3823 450 3846 ,
498 3783 534 3853 ἢ
573 3786 680 3847 τοῖς
708 3785 1021 3856 πενομένοις
1060 3783 1376 3856 χορηγήσας
1402 3783 1502 3853 τὴν
1535 3782 1815 3855 εὐπορίαν,

267 3873 338 3925 τὰ
358 3873 449 3926 τοῦ
474 3875 733 3929 Δεσπότου
759 3876 953 3940 διδοὺς,
980 3874 1166 3944 φίλους
1193 3874 1386 3926 κτᾶται
1415 3869 1663 3933 πολλοὺς.
1690 3871 1817 3934 τοὺς

261 3965 547 4035 μέλλοντας
574 3968 719 4040 αὐτῷ
750 3971 1194 4041 προσμαρτυρεῖν
1223 3967 1376 4038 παρὰ
1403 3965 1482 4038 τῷ
1515 3967 1561 4021 K
1570 3968 1690 4036 ριτῇ
1718 3964 1816 4035 τὴν

248 4057 645 4132 ἀγαθωσύνῃν,
695 4063 791 4115 καὶ
836 4061 926 4115 διὰ
970 4061 1069 4131 τῆς
1129 4058 1431 4130 μαρτυρίας
1477 4055 1816 4129 εὐτρεπίζειν

243 4149 561 4220 ἀναψύξεως
585 4151 950 4221 καταγώγιον.
988 4151 1277 4222 Μάρτυρες
1311 4148 1368 4202 δὲ
1394 4147 1642 4215 λέγονται
1673 4149 1722 4200 οἱ
1755 4142 1814 4200 εὗ

247 4240 514 4306 παθόντες
561 4243 714 4314 παρὰ
738 4243 816 4313 τῷ
838 4244 1039 4315 Κριτῇ,
1062 4243 1123 4295 οὺ
1153 4243 1374 4310 φωναῖς,
1399 4240 1474 4304 ὡς
1497 4238 1813 4309 ἀγνοοῦντα,

244 4332 590 4397 διδάσκοντες
613 4373 630 4399 ,
666 4334 779 4388 ἀλλ’
809 4335 883 4398 ώς
928 4334 1030 4404 τῆς
1056 4335 1185 4405 περὶ
1217 4334 1412 4395 αὐτούς
1441 4331 1690 4403 πράξεως
1719 4331 1817 4402 τῆς

1921 3140 2162 3209 requiem
2192 3154 2507 3210 comparare
2542 3146 2855 3212 studemus,
2888 3146 3187 3203 alienarum
3234 3149 3483 3206 donatio·-

1922 3247 2041 3284 nem
2073 3246 2135 3286 ac
2157 3233 2557 3287 concessionem
2617 3250 2819 3298 rerum,
2871 3235 3075 3292 lucrum
3114 3254 3177 3293 ac
3223 3249 3480 3310 quaestum

1920 3323 2192 3392 proprium
2219 3322 2460 3378 sat-imus.
2493 3327 2715 3396 Appelio
2761 3337 2943 3382 autem
2979 3330 3173 3393 aliena,
3208 3347 3326 3399 quae
3380 3331 3485 3388 Do-

1921 3412 2051 3465 mini
2076 3424 2219 3469 sunt.
2249 3410 2395 3469 Nihil
2439 3418 2581 3469 euim
2617 3419 2836 3473 omniuo
2867 3428 3128 3480 nostrum.
3159 3422 3250 3473 sed
3281 3423 3482 3485 omnia,

1921 3502 2061 3556 illius
2081 3514 2204 3557 sunt
2237 3507 2476 3561 ‹louiiuio
2501 3509 2804 3578 mancipata
2837 3509 2994 3562 bona.
3027 3510 3159 3565 Cum
3208 3511 3329 3579 quis
3382 3512 3483 3583 igi-

1922 3603 2027 3659 tur,
2055 3597 2374 3650 moriturum
2417 3597 2529 3652 sore
2555 3599 2952 3667 persentiscens
3003 3615 3065 3652 ac
3102 3599 3480 3669 migraturum,

1921 3693 2259 3753 peccatorum
2291 3701 2427 3738 onus
2464 3686 2813 3740 beneficentia
2842 3687 3020 3741 levare
3065 3691 3265 3755 studet,
3308 3705 3371 3743 ae
3399 3693 3483 3744 vel

1919 3774 2220 3829 debitorum
2243 3775 2343 3829 sibi
2369 3776 2643 3828 nominum
2666 3776 2891 3843 gratiam
2919 3778 3067 3840 facit,
3088 3779 3168 3832 vel
3201 3781 3484 3847 egentibus

1919 3867 2161 3938 largitur,
2189 3885 2252 3923 ea
2278 3870 2527 3925 donando
2569 3885 2689 3940 quae
2720 3883 2844 3926 sunt
2896 3872 3129 3939 Domini,
3174 3876 3352 3944 plures
3377 3880 3479 3933 sibi

1918 3958 2121 4011 anticos
2151 3960 2425 4023 conciliat,
2463 3965 2550 4029 qui
2593 3962 2847 4015 bonitatis
2874 3960 2988 4030 ejus
3032 3978 3095 4018 ac
3148 3964 3482 4022 liberalitatis

1921 4049 2055 4117 apud
2079 4048 2318 4104 «iudicem
2350 4061 2509 4104 testes
2545 4051 2706 4106 futuri
2747 4054 2872 4117 sint,
2917 4071 2977 4109 ac
3016 4057 3317 4111 testimonio
3348 4072 3467 4123 suo,

1920 4138 2188 4209 retrigvrii
2226 4140 2398 4194 locum
2425 4144 2682 4210 paraturi.
2718 4145 2880 4198 Porro
2903 4156 3071 4201 testes
3102 4147 3356 4202 dicuntur
3387 4151 3480 4204 be·

1922 4229 2111 4285 neticio
2140 4231 2314 4286 allecti
2356 4234 2493 4302 apud
2545 4232 2822 4301 Judiccm;
2855 4252 2958 4289 ιιοιι
2989 4237 3226 4298 vocibus,
3264 4247 3320 4290 ut
3354 4246 3476 4292 tan·

1920 4337 2077 4392 quem
2107 4323 2350 4391 ignarum
2378 4323 2643 4388 doce:int;
2702 4325 2794 4379 sed
2828 4327 2969 4394 qnod
3005 4326 3056 4379 in
3093 4340 3186 4380 eos
3239 4327 3478 4381 exhibita

242 4427 515 4500 τιμωρίας
539 4428 666 4491 τοὺς
687 4429 1111 4500 ἁμαρτήσαντας
1135 4425 1544 4497 ἐξαιρουμένης,
1579 4425 1674 4478 Ὃν
1706 4421 1814 4495 γὰρ
1846 4432 1895 4490 D
1921 4414 2080 4479 actio,
2116 4428 2365 4469 auctores
2418 4428 2543 4468 suos
2592 4431 2619 4468 a
2668 4415 2951 4470 criminum
3008 4430 3167 4486 poena
3227 4422 3427 4473 eximat
3458 4436 3475 4475 ι

242 4518 444 4591 τρόπον
490 4519 553 4573 τὸ
592 4515 732 4591 αἷμα
766 4519 861 4573 τοῦ
914 4518 1078 4572 ‘Max
1124 4517 1336 4586 ἐλέγετο
1373 4515 1501 4587 βοᾷν
1551 4514 1686 4587 πρὸς
1722 4514 1814 4567 τὸν

244 4612 396 4676 θεὸν,
427 4612 632 4684 ὁμοίως
663 4612 757 4665 καὶ
782 4611 844 4664 τὸ
874 4609 1077 4679 ἀγαθὸν
1121 4608 1280 4681 ἔργον
1307 4607 1624 4679 λεχθήσεται
1667 4622 1812 4676 μαρ-

244 4704 425 4772 τυρεῖν
461 4699 545 4772 τῷ
597 4699 980 4772 κατωρθωκότι
1028 4699 1085 4751 ἐν
1131 4696 1353 4770 Χριστῷ
1416 4695 1589 4767 Ἰησοῦ
1623 4694 1814 4766 Κυρίῳ

246 4792 400 4862 ἡμῶν
420 4808 435 4822 ·
453 4785 501 4861 ᾧ
527 4792 564 4862 ἡ
586 4791 711 4856 δόξα
733 4793 815 4857 είς
832 4791 959 4854 τοὺς
985 4789 1185 4853 αἰῶνας
1204 4786 1311 4841 τῶν
1341 4785 1574 4843 αἰώνων.
1614 4786 1810 4857 Ἀμήν.

990 4971 1061 5023 Γ’.

632 5061 862 5130 'Opalia
887 5060 1036 5114 κατὰ
1067 5058 1440 5124 πλεονεξίας.

316 5150 550 5224 ’Δνδρες
611 5152 961 5225 Χριστιανοὶ,
1029 5152 1123 5207 καὶ
1188 5151 1430 5223 κλήσεως
1484 5148 1801 5219 ἐπουρανίου

1922 4518 2045 4557 nam
2083 4519 2186 4573 qua
2218 4505 2420 4559 ratione
2441 4507 2658 4576 sangnis
2686 4508 2815 4561 Abel
2846 4507 3081 4562 clamare
3103 4511 3167 4561 ad
3199 4509 3479 4564 Donninum

1923 4594 2095 4649 dictus
2111 4595 2278 4662 est⁸⁸,
2304 4597 2488 4651 eodem
2517 4597 2675 4653 modo
2699 4614 2858 4667 opera
2887 4600 3027 4655 bona
3049 4601 3097 4654 ei
3118 4601 3480 4656 testiuoninm

1922 4688 2205 4756 perbibere
2228 4690 2490 4754 dicentur,
2516 4691 2605 4760 qui
2635 4691 2829 4744 meruit
2849 4705 2912 4745 ac
2926 4692 3183 4759 praeclara
3215 4692 3400 4761 gessit,
3423 4690 3478 4745 in

1921 4779 2136 4836 Cbristo
2183 4779 2311 4837 Jesu
2355 4782 2589 4839 Domino
2638 4794 2822 4840 nostro
2844 4825 2859 4848 ‚
2886 4784 2971 4838 cui
3003 4785 3170 4854 gloria
3199 4783 3253 4837 in
3281 4782 3477 4838 saccula

1919 4872 2253 4927 saeeulorum.
2282 4874 2470 4929 Amen.

2653 4965 2740 5020 tn.

2207 5055 2435 5110 nomilia
2479 5056 2723 5112 adversus
2750 5056 3028 5110 avaritiam
3060 5053 3188 5126 (¹9).

1991 5145 2100 5199 Viri
2130 5147 2447 5211 Christiani,
2489 5163 2695 5218 vosque
2723 5147 2959 5203 coelestis
3015 5145 3307 5201 vocationis
3347 5159 3473 5214 par-

314 5291 358 5325 ⁸⁸
389 5288 519 5360 Leg.
568 5291 630 5343 τὸ
680 5289 1082 5361 γεγραμμένον.
1154 5288 1199 5319 ⁸¹
1230 5286 1416 5341 itaut).
1469 5299 1618 5351 xxv,
1648 5287 1674 5340 t
1730 5298 1848 5355 sqq.
1942 5284 1985 5315 ³³
2014 5284 2147 5339 ch.
2212 5300 2283 5349 tv,
2351 5286 2435 5343 to,

316 5429 432 5500 (te)
471 5426 767 5484 Occasione
808 5427 1182 5489 nundinarum,
1226 5439 1344 5495 quae
1392 5423 1444 5476 in
1503 5430 1798 5492 martyrum

244 5498 522 5555 solemniis
559 5501 751 5552 crebro
780 5496 954 5565 populi
987 5510 1247 5550 concursu
1285 5493 1396 5563 jam
1433 5501 1541 5546 tum
1587 5493 1797 5556 tierent,

247 5568 500 5623 nonnulla
555 5566 795 5620 avaritiae
836 5567 1043 5632 specie,
1093 5563 1465 5632 exagitandam
1526 5563 1625 5616 boe
1682 5561 1800 5615 loco

248 5638 494 5692 Asterius
526 5637 764 5704 suscepit
786 5635 1088 5701 avaritiam,
1126 5635 1362 5704 inquam
1387 5632 1558 5701 pridie
1588 5644 1801 5712 quoq-uc

248 5707 492 5763 §invectus
521 5715 707 5762 esset:
734 5707 826 5761 sed
859 5719 960 5759 nou
994 5711 1166 5760 exstat
1200 5704 1368 5759 alters
1407 5701 1495 5755 illa
1526 5708 1796 5757 tractatio.

1908 5422 1981 5474 De
2013 5421 2100 5474 illa
2139 5420 2313 5490 populi
2350 5419 2610 5477 effusione
2651 5418 2715 5474 ad
2767 5431 3060 5492 martyrum
3107 5431 3260 5476 extra
3310 5422 3472 5476 urbes

1906 5490 2224 5544 celebranda
2261 5501 2483 5559 tropaea,
2525 5505 2589 5544 sc
2659 5496 2711 5544 in
2748 5489 3037 5560 Martyriis,
3082 5507 3297 5544 nounnn
3342 5508 3460 5544 uam

1905 5560 2343 5629 chrysostomus,
2372 5569 2429 5613 ut
2448 5574 2570 5614 cum
2599 5561 2665 5613 de
2693 5569 2880 5614 sancto
2905 5559 3131 5631 Babyla,
3163 5570 3267 5614 etc.
3350 5568 3472 5613 rant

1907 5627 2158 5699 Martyria
2201 5638 2350 5683 extra
2401 5629 2582 5692 urbes,
2629 5629 2772 5697 quod
2824 5628 3028 5699 legibus
3070 5628 3325 5683 Romanis
3362 5642 3469 5681 non

1909 5700 2094 5754 liceret
2128 5698 2285 5754 condi
2310 5699 2362 5754 in
2389 5697 2611 5755 urbibus
2641 5699 2913 5755 caderem
