3725 6125
227 308 369 366 1019

1339 288 1613 346 Fames
1651 283 1953 345 AEm't'Ttt
1991 280 2270 341 sfficttt
2310 283 2398 340 W.

3408 287 3518 342 1020

230 424 359 481 lesu
390 422 634 490 Christi,
669 429 722 477 et
765 418 831 474 ad
862 412 1217 488 operandum,
1262 421 1428 482 atque
1471 406 1810 465 offerendum
1840 405 1891 464 Α
1921 415 2056 473 quos
2082 400 2247 473 diligo
2274 415 2341 457 ex
2369 407 2483 457 toto
2505 402 2669 459 corde
2708 416 2861 470 meo,
2899 401 3083 474 cupio
3115 416 3248 460 esse
3280 408 3416 475 apud
3447 426 3522 467 vos

234 522 450 571 nosmet
498 514 643 584 ipsos
706 509 782 567 illi
820 508 1054 564 bostiam
1107 502 1518 574 acceptabilem.
1575 498 1814 569 Spiritus

234 621 470 678 namque
487 604 791 663 consolator
824 599 914 673 qui
942 599 1236 670 suscipitur
1263 598 1317 652 in
1345 593 1635 667 baptismo,
1658 591 1815 646 nobis

233 696 495 767 elargitur
532 694 744 766 operari
782 694 835 748 iu
878 690 1224 761 poenitentia,
1267 695 1327 743 ut
1371 687 1566 742 iterum
1599 699 1697 739 nos
1725 698 1815 738 re-

235 789 397 846 ducat
447 789 513 844 ad
588 787 875 859 pristinum
931 782 1292 856 principatum
1353 787 1598 836 nostrum
1642 787 1695 834 et
1748 779 1815 833 ad

238 879 610 936 haereditatem
688 884 1099 950 permanentem
1156 872 1529 930 obtinendam.
1610 868 1816 926 Scitote

239 969 439 1040 itaque,
499 972 642 1042 quod
695 984 885 1026 omnes
931 967 1023 1039 qui
1078 967 1132 1022 in
1186 965 1405 1021 Christo
1437 963 1816 1034 baptizantur,

155 1056 167 1068 '
233 1062 509 1118 Christum
554 1061 813 1127 induunt,
848 1070 907 1116 ut
954 1059 1130 1129 inquit
1170 1056 1369 1114 Paulus
1416 1054 1694 1128 apostolus
1733 1054 1816 1121 ⁸⁷,

236 1153 596 1225 adipiscentes
634 1154 863 1227 gratiam
906 1149 1143 1222 Spiritus
1184 1150 1382 1207 sancti.
1447 1148 1661 1204 Etenim
1706 1155 1816 1201 tam

239 1260 433 1302 servus
469 1261 632 1317 quam
674 1245 839 1310 liber,
875 1253 984 1298 tam
1021 1257 1137 1298 mas
1165 1256 1328 1311 quam
1360 1240 1585 1305 semina,
1633 1238 1816 1294 statim

234 1342 400 1407 atque
427 1336 569 1392 hanc
590 1334 944 1404 consequitur
966 1330 1224 1403 gratiam,
1261 1330 1566 1386 cessantab
1597 1344 1661 1384 eo
1696 1343 1818 1383 cor·

235 1427 444 1496 poralia
496 1427 613 1483 haec
655 1428 943 1491 idiomata;
988 1434 1044 1478 et
1116 1422 1352 1492 Spiritus
1399 1420 1575 1477 sancti
1624 1420 1821 1488 accipit

236 1519 538 1575 doctrinam
559 1533 625 1575 eo
642 1526 886 1588 tempore
911 1532 1019 1587 quo
1046 1515 1425 1587 adipiscuntur
1449 1512 1818 1568 haereditatem

235 1609 388 1680 regni
416 1603 677 1666 coelorum
711 1610 1101 1681 sempiternam
1138 1608 1432 1662 adorantes
1465 1603 1706 1668 l’atrem,
1739 1604 1817 1659 uti

235 1704 410 1770 decet,
439 1702 490 1756 in
523 1703 714 1772 spiritu
739 1712 791 1759 et
824 1702 1053 1756 veritate
1069 1699 1136 1754 ⁸⁸.
1157 1696 1268 1755 Nec
1286 1698 1556 1770 quispiam
1579 1709 1818 1753 vestrum

237 1793 414 1858 dicat,
457 1793 606 1849 illioli
645 1795 776 1858 mci,
813 1791 955 1862 quod
987 1790 1143 1847 nobis
1173 1805 1278 1846 non
1314 1790 1426 1845 erit
1463 1788 1728 1857 judicium
1765 1788 1819 1844 in

237 1883 325 1939 die
366 1883 631 1939 adventus
678 1881 892 1938 Domini
948 1881 1273 1937 novissimi:
1314 1895 1501 1936 verum
1557 1880 1817 1950 sciamus,

236 1973 382 2042 quod
418 1976 681 2029 adventus
717 1972 927 2027 Domini
966 1971 1138 2029 nostri
1180 1970 1383 2028 Christi
1429 1970 1639 2043 primus
1705 1970 1819 2041 jam

239 2066 398 2122 nobis
438 2066 799 2121 comminatus
839 2065 1000 2120 suerit
1042 2064 1307 2134 judicium
1354 2064 1408 2118 in
1443 2063 1530 2119 die
1567 2063 1678 2127 illa.
1715 2065 1820 2121 nisi

240 2157 385 2212 illius
423 2156 898 2227 adimpleverimus
936 2165 1228 2228 praecepta.
1280 2155 1348 2211 Et
1392 2156 1629 2223 scitote,
1677 2157 1820 2226 quod

239 2263 429 2305 omnes
461 2248 652 2320 spiritu
684 2249 856 2304 induti
893 2251 1135 2319 impense
1187 2262 1286 2319 pro
1322 2246 1481 2304 nobis
1523 2247 1826 2319 deprecan-

240 2352 359 2407 tur,
402 2352 460 2398 ut
498 2342 725 2400 Domino
771 2352 959 2399 nostro
1007 2342 1302 2409 uniamur,
1355 2353 1412 2398 et
1445 2344 1823 2401 haereditemus

237 2433 381 2504 quod
411 2433 567 2490 uobis
606 2436 672 2490 ab
700 2434 856 2490 initio
881 2433 1059 2488 luerat
1085 2432 1467 2500 constitutum,
1500 2432 1698 2490 iterum
1739 2434 1826 2490 iu·

238 2525 466 2585 (luentes
517 2538 759 2585 nostram
796 2526 1082 2600 pristinam
1125 2526 1535 2583 substantialem
1589 2527 1821 2584 sormam

237 2634 344 2690 qua
381 2634 479 2691 per
518 2619 935 2676 inobedientiam
959 2618 1106 2676 exuti
1138 2633 1348 2674 sumus.
1390 2618 1600 2690 Quippe
1645 2618 1825 2677 Patris

241 2726 348 2767 vox
390 2711 477 2766 bis
503 2711 693 2781 spiritu
722 2711 926 2770 indutis
966 2725 1183 2782 semper
1227 2726 1383 2767 suam
1428 2711 1645 2781 planam
1695 2713 1825 2768 iacit

245 2803 564 2869 bonitatem,
594 2801 645 2857 in
694 2818 877 2859 eornm
915 2806 1176 2861 reducens
1206 2805 1530 2859 memoriam
1581 2801 1826 2874 Scriptu-

248 2908 364 2949 ram
388 2891 658 2951 dicentem
695 2911 708 2948 z
740 2892 1092 2951 consolemini
1136 2896 1385 2966 populum
1430 2911 1624 2962 mettin,
1647 2912 1823 2950 socer·

243 2985 408 3054 dotes,
441 2993 493 3041 es
531 2985 807 3058 loquimini
846 2985 900 3039 in
934 2988 1089 3042 corde
1128 2986 1425 3042 Jerusalem
1463 3002 1486 3040 .·
1521 3002 1615 3057 eqo
1646 2997 1821 3040 autem

1915 494 2060 547 omni
2092 502 2354 563 tempore,
2378 501 2432 549 et
2471 505 2565 550 vos
2598 493 2791 551 videre
2830 509 2909 551 ac
2955 496 3329 556 benedicere.
3353 500 3524 574 Quippe

1919 585 2093 641 ioedus
2120 594 2361 643 vestrum
2393 587 2518 644 mihi
2546 588 2891 659 praestitum,
2937 588 3435 661 imitationemque
3458 612 3528 653 re-

1919 690 2086 733 sti-am
2112 676 2240 744 mei,
2266 692 2331 734 ac
2346 689 2585 735 vestram
2613 680 2679 737 ad
2704 680 2891 737 Deum
2930 682 3360 753 reversionem,
3385 700 3530 743 rectas

1918 772 2133 843 quidem
2161 786 2284 829 esse
2303 774 2507 843 aspicio
2525 792 2541 844 ;
2562 775 2726 830 etiam
2756 775 3120 832 inhabitatis
3147 776 3208 831 in
3253 779 3412 835 corde
3439 797 3533 837 ntes

1919 865 2174 922 omnibus
2222 868 2419 924 modis.
2475 866 2614 924 lline
2671 877 2867 926 autem
2931 885 3082 941 rogo
3161 869 3344 926 Deum
3389 889 3528 930 meum

1921 974 2082 1013 causa
2119 960 2287 1015 vestri
2317 970 2477 1016 noctu
2519 962 2752 1034 diuque,
2787 976 2851 1020 ut
2898 964 3250 1033 elargiatur
3289 966 3424 1022 vobis
3448 983 3521 1023 stu

1922 1050 2060 1105 dona
2090 1065 2213 1120 quae
2257 1052 2388 1107 mibi
2422 1052 2642 1110 indulsit
2691 1071 2787 1111 sua
2830 1056 3143 1111 duntaxat
3204 1058 3400 1129 gratia,
3427 1079 3507 1119 son

1922 1146 2103 1194 autem
2137 1139 2275 1195 meis
2309 1142 2535 1199 meritiS.
2593 1143 2807 1198 Etenim
2844 1146 2975 1201 haec
3003 1157 3163 1201 sus-t
3215 1165 3392 1222 magn
3413 1153 3491 1211 ιιι,

1920 1235 2127 1289 divitiae
2156 1249 2292 1304 quas
2323 1234 2453 1289 mihi
2489 1237 2760 1293 concessit
2786 1237 3099 1297 Dominus
3135 1251 3351 1307 noster.
3379 1261 3481 1316 qn·

1921 1327 2164 1401 supplico
2198 1338 2256 1383 ut
2284 1344 2376 1385 eas
2415 1328 2564 1386 vobis
2593 1345 2811 1403 quoque
2851 1336 3165 1391 concedat
3192 1353 3212 1404 ;
3245 1348 3303 1392 et
3333 1339 3416 1396 bar
3437 1353 3490 1397 m

1920 1436 2135 1476 summa
2188 1421 2579 1477 desideriorum
2618 1437 2877 1479 meorum
2923 1434 2988 1481 et
3053 1430 3386 1500 deprecatio
3425 1448 3504 1488 uta

1922 1520 2082 1569 noctu
2108 1514 2327 1584 diuque,
2374 1523 2432 1569 ut
2464 1515 2583 1571 sitis
2619 1532 2836 1573 nzecmn
2892 1518 2951 1573 in
3014 1517 3159 1577 loco
3210 1522 3267 1578 in
3311 1538 3408 1596 quo
3427 1540 3511 1591 aa.

1922 1622 2043 1662 cum
2085 1607 2390 1664 discessero
2421 1624 2487 1664 ex
2533 1609 2636 1665 hoc
2681 1625 2953 1679 corpore.
3003 1612 3301 1673 Dominus
3343 1619 3516 1689 quide-

1926 1707 2113 1753 uostcr
2137 1712 2351 1769 semper
2379 1700 2604 1756 exaudit
2628 1716 2715 1756 me
2746 1718 2774 1757 a
2829 1719 2964 1758 mca
3017 1708 3278 1776 pueritia
3309 1725 3459 1782 usqne
3481 1713 3517 1767 is

1928 1789 2247 1844 hodiernum
2280 1790 2443 1859 diem,
2495 1801 2551 1847 et
2589 1794 2703 1847 scio
2744 1810 2984 1866 quoqne
3049 1800 3216 1868 quod
3267 1799 3373 1858 ltoc
3411 1803 3517 1858 alind

1925 1900 2022 1940 sua
2055 1883 2428 1941 misericordia
2458 1886 2588 1942 mihi
2624 1888 2943 1956 praestabit.
3010 1889 3160 1949 llaec
3194 1909 3331 1951 sane
3366 1899 3516 1964 scripsi

1926 1973 2115 2041 vobis,
2158 1974 2304 2029 lilioli
2345 1976 2487 2044 mci,
2530 1975 2600 2032 ob
2637 1977 2871 2032 nimiam
2911 1981 3129 2039 cordis
3163 1984 3274 2041 mei
3302 1999 3419 2055 erga
3454 2002 3519 2041 ros

1924 2063 2244 2122 charitatem
2270 2082 2284 2129 ;
2314 2068 2746 2138 quandoquidem
2777 2070 3001 2128 vestris
3030 2075 3432 2132 certaminibus
3448 2092 3526 2147 pro

1927 2157 2154 2215 Domino
2185 2159 2287 2215 mei
2311 2159 2611 2217 imitatores
2643 2159 2698 2216 in
2726 2163 3016 2220 omnibus
3053 2166 3375 2225 exstitistis.
3399 2168 3522 2223 Seia·

1929 2251 1997 2305 tis
2026 2250 2227 2323 itaque,
2265 2253 2405 2321 quod
2435 2250 2693 2308 Dominus
2708 2264 2907 2310 noster
2931 2255 3225 2316 Christus
3251 2259 3416 2334 (cujus
3434 2277 3516 2316 me-

1925 2344 2113 2399 moriae
2144 2343 2410 2415 adoratio)
2445 2344 2514 2399 ob
2563 2345 2787 2399 nimiam
2822 2362 3000 2403 suam
3039 2351 3376 2409 charitatem
3403 2354 3515 2410 sirei-

1924 2436 2048 2492 liter
2076 2445 2331 2507 operatus
2380 2446 2462 2492 cst
2502 2437 2615 2492 suis
2670 2437 3000 2509 discipulis,
3063 2449 3224 2499 cum·
3252 2447 3377 2502 dixit
3407 2448 3501 2501 eis.-

1927 2526 2120 2600 Utique
2147 2545 2250 2584 nott
2283 2547 2403 2585 roco
2433 2547 2516 2586 vos
2546 2546 2744 2594 sert-os,
2782 2533 2885 2587 sed
2915 2534 3177 2604 fratres,
3202 2550 3255 2595 et
3277 2543 3489 2602 ntiae!

1925 2620 2063 2688 filios
2085 2621 2153 2675 ⁸⁰.
2190 2620 2433 2688 Cumque
2467 2621 2591 2675 sacti
2620 2632 2810 2677 essent
2833 2624 2888 2680 ei
2923 2626 2990 2681 in
3031 2627 3216 2699 titios,
3248 2633 3482 2704 rogantem

1927 2714 2008 2768 eis
2045 2712 2257 2767 Patren»
2296 2712 2481 2769 dicens
2513 2730 2526 2766 :
2562 2711 2743 2780 Pater,
2773 2716 2900 2772 volo
2934 2728 3002 2773 ut
3074 2723 3196 2778 sim
3236 2726 3321 2780 isti
3343 2725 3407 2778 sii
3432 2741 3495 2777 m

1927 2815 1975 2859 et
2004 2821 2098 2876 eqo
2121 2821 2140 2859 .·
2166 2806 2413 2875 qnoniam
2436 2822 2529 2876 eqo
2554 2823 2668 2860 sum
2693 2808 2745 2862 in
2769 2819 2848 2875 ee,
2879 2821 2936 2865 et
2974 2814 3080 2870 isti
3094 2816 3153 2871 in
3180 2835 3283 2882 me,
3320 2828 3370 2872 ιιι
3387 2818 3506 2872 sinu

1928 2911 2107 2949 omues
2133 2894 2354 2965 perfecti
2380 2897 2433 2949 in
2463 2893 2661 2949 unitate
2693 2896 3150 2966 ‘¹.„Considera
3187 2905 3352 2975 igitur
3383 2904 3513 2957 etin·

1934 2986 2132 3055 tellige,
2165 3000 2270 3056 qua
2327 2985 2535 3041 ratione
2590 2987 2806 3057 rogavit
2844 2989 3138 3049 Dominus
3161 3004 3347 3049 noster
3384 2993 3520 3049 lesus

243 3077 451 3132 mittam
494 3079 540 3134 ei
568 3093 746 3147 pacem
800 3076 858 3130 in
887 3076 1251 3132 misericordia
1277 3077 1411 3148 ejus,
1441 3078 1586 3132 ouini
1626 3087 1822 3146 tempo-
1854 3103 1897 3161 Ε
1929 3078 2178 3135 Christus
2224 3079 2435 3135 Patrem
2466 3095 2621 3135 suuni
2651 3095 2750 3150 pro
2784 3082 3110 3157 discipulis
3143 3089 3274 3154 suis,
3307 3105 3371 3144 co
3401 3091 3522 3159 quod

245 3167 386 3223 re⁸’.
419 3168 521 3235 Qui
562 3170 749 3224 invisit
789 3177 1069 3224 creaturas
1102 3183 1230 3224 suas
1283 3169 1636 3225 manifestans
1665 3169 1716 3223 in
1745 3170 1824 3224 eis

247 3274 400 3314 suant
457 3260 774 3326 bonitatem,
824 3259 1127 3333 elargiatur
1182 3263 1335 3320 vobis
1388 3262 1711 3335 sapientiam
1769 3271 1824 3316 et

249 3348 532 3407 scientiam
550 3361 605 3409 et
639 3355 867 3424 gratiani
902 3366 953 3410 et
975 3352 1224 3425 spiritum
1266 3356 1611 3411 discretionis
1637 3355 1703 3410 ad
1738 3356 1824 3411 in-

243 3443 589 3516 telligendum
620 3462 739 3517 quae
782 3446 973 3516 scripsi
1010 3447 1160 3503 vobis
1184 3464 1247 3503 ex
1279 3451 1565 3519 praeceptls
1589 3448 1821 3515 Domini,

242 3545 299 3592 ct
323 3550 387 3592 ea
415 3539 677 3606 doceatis,
712 3548 770 3595 ut
811 3554 907 3595 vos
956 3555 1121 3609 puros
1159 3548 1379 3595 servent
1414 3556 1583 3608 nsque
1613 3541 1678 3593 ad
1724 3556 1811 3595 no·

245 3627 526 3684 vissimum
573 3632 847 3700 spiritum.
881 3629 1105 3700 ipseque
1136 3629 1396 3699 suscipiat
1428 3645 1456 3682 a
1512 3644 1596 3684 nie
1636 3646 1826 3699 preces

249 3718 349 3773 bas
371 3734 518 3774 meas
542 3737 659 3790 quae
683 3731 808 3776 suut
835 3739 932 3793 pro
963 3734 1141 3778 vestra
1173 3723 1414 3777 omniunt
1440 3722 1635 3787 salute,
1674 3723 1822 3779 lilioli

246 3813 351 3867 inei
390 3814 730 3870 dilectissimi
766 3817 820 3871 iu
850 3820 1097 3875 Domino.
1141 3818 1237 3874 Cui
1279 3818 1449 3890 gloria
1484 3830 1534 3873 et
1567 3820 1823 3890 majestas

247 3905 299 3957 ln
321 3911 599 3959 aetcrnum.
639 3907 833 3963 Atuenss

777 4045 1110 4104 EPISTOLA
1155 4045 1291 4102 vlit.

247 4154 409 4214 Fs‘lit‘s
440 4160 549 4215 suis
580 4164 843 4218 monachis
864 4207 877 4227 ,
924 4166 1151 4219 incitans
1179 4180 1267 4217 eos
1307 4164 1376 4216 ad
1406 4166 1733 4232 cei-landum,
1769 4176 1824 4219 ιιι

318 4244 699 4300 consequantur
747 4229 833 4288 hic
873 4233 1129 4299 Spiritum
1183 4247 1417 4288 sanctum
1471 4237 1718 4302 iquenm,
1767 4247 1816 4290 et

316 4301 473 4355 simul
508 4305 810 4357 cont-eninm
845 4306 975 4357 illic.
1009 4302 1119 4357 Nec
1151 4320 1255 4357 nou
1302 4306 1357 4357 iu
1400 4321 1580 4358 eorum
1610 4316 1814 4365 reuocat

316 4373 620 4425 meritoriam
659 4390 753 4425 sua
785 4376 1097 4433 certamina,
1141 4372 1446 4442 siqns'licans
1478 4376 1552 4427 cis
1601 4392 1716 4444 quae
1746 4388 1821 4430 esc

316 4450 708 4503 consecuturus,
738 4451 793 4495 nt
826 4446 906 4496 leis
929 4443 1045 4495 illos
1072 4443 1270 4496 incitet.
1303 4443 1517 4512 Oportet
1549 4457 1739 4512 centem,
1767 4457 1822 4498 ιιι
1858 4440 1900 4494 t)

318 4509 522 4580 legatur
542 4513 628 4563 die
643 4511 754 4581 ejus
779 4514 969 4567 obitus.
992 4513 1138 4568 Dixit
1163 4525 1184 4564 .·

318 4643 658 4701 Dilectissiuii
687 4646 739 4700 in
793 4648 1042 4711 Domino,
1083 4645 1263 4702 scribo
1317 4647 1499 4713 vobis,
1558 4658 1814 4718 tanquam

248 4736 392 4806 liliis,
431 4739 543 4794 suis
571 4741 889 4811 parentibus
933 4739 1293 4797 chat-issimis.
1321 4740 1534 4797 Etenim
1574 4741 1668 4797 mii
1700 4759 1820 4798 car-

247 4831 416 4898 nales,
441 4833 486 4888 si
511 4850 729 4889 suorum
766 4844 1048 4905 pareutum
1075 4833 1374 4889 imitatores
1398 4835 1819 4905 obedientesque

247 4926 587 4995 exstiterint,
635 4942 730 4983 eos
778 4927 1005 4998 diligant
1055 4934 1306 4996 parentes
1355 4943 1418 4983 ex
1454 4938 1566 4988 toto
1609 4928 1816 4995 corde,

245 5029 568 5087 suiuntoque
593 5031 998 5088 prosequuntur
1035 5017 1267 5083 honore,
1294 5018 1410 5088 plus
1435 5036 1595 5089 quam
1629 5021 1818 5074 inube-

246 5106 454 5163 dientes
505 5111 607 5164 sibi
667 5108 824 5163 lilios.
885 5107 944 5164 Si
994 5109 1122 5179 quid
1154 5093 1280 5164 vero
1310 5110 1518 5178 pulchri
1566 5113 1802 5180 bonique

244 5199 423 5271 adi-pti
466 5201 688 5266 suerint,
729 5200 783 5254 id
818 5200 1004 5257 liberis
1047 5201 1151 5258 sibi
1199 5200 1575 5258 obedientibus
1619 5204 1815 5275 suique

246 5291 604 5347 imitatoribus
654 5300 935 5362 reponunt.
990 5293 1046 5348 Si
1100 5307 1232 5364 ergo
1263 5292 1511 5349 carnales
1559 5306 1812 5366 parentes

245 5380 302 5438 id
325 5392 605 5452 praestant,
632 5398 698 5439 eo
725 5385 898 5456 magis
929 5396 1113 5458 patres
1144 5385 1316 5441 nostri
1346 5385 1657 5454 spirituales
1685 5403 1820 5458 prte-

243 5483 394 5530 stare
422 5475 645 5544 cupiunt
692 5476 924 5533 honores
960 5477 1087 5532 liliis
1131 5476 1246 5533 suis
1291 5476 1393 5532 sibi
1445 5477 1818 5534 obedientibus

246 5566 440 5638 suique
471 5566 852 5625 imitatoribus.
889 5566 1088 5636 Quare,
1106 5567 1443 5624 dilectissimi
1478 5569 1534 5625 in
1567 5569 1815 5636 Domino,

1931 3173 2056 3228 sacti
2088 3183 2214 3228 suut
2246 3173 2293 3229 ei
2321 3173 2437 3238 lilii,
2463 3183 2521 3227 ut
2546 3174 2654 3228 sint
2679 3174 2957 3232 videlicet
2985 3196 3125 3237 cum
3153 3199 3218 3239 eo
3247 3183 3522 3254 ubicunque

1928 3266 2053 3321 erit.
2087 3264 2262 3321 Simili
2297 3267 2455 3320 modo
2488 3274 2569 3320 est
2593 3266 2922 3335 deprecatio
2960 3271 3096 3329 ltaec
3144 3292 3287 3339 inea,
3315 3276 3519 3331 dilectis-

1927 3357 2051 3414 situi
2085 3354 2237 3422 mihi,
2270 3366 2329 3411 ut
2362 3357 2531 3412 simus
2554 3370 2743 3413 omues
2770 3358 2955 3415 simul
2979 3364 3043 3420 in
3076 3365 3204 3423 loco
3235 3367 3343 3433 ilio,
3366 3367 3516 3438 inquo

1930 3442 2072 3505 nulla
2093 3456 2175 3506 est
2209 3449 2488 3515 moestitia,
2520 3463 2695 3519 neque
2721 3449 3071 3521 infirmitas,
3101 3474 3286 3532 neque
3301 3461 3509 3523 tenebre,

1930 3557 2104 3613 neque
2136 3540 2356 3611 spiritus
2399 3539 2557 3604 mali;
2605 3540 2699 3594 sed
2735 3550 2831 3596 est
2868 3549 3041 3602 omni
3081 3550 3328 3608 refertus
3349 3551 3497 3612 latitia,

1928 3642 1982 3689 et
2012 3633 2234 3697 lumine,
2265 3641 2320 3687 et
2350 3633 2456 3686 vita
2494 3641 2719 3697 aeterna,
2760 3642 2824 3687 et
2868 3641 3124 3697 coronis
3175 3641 3489 3712 incorruptibi-

1930 3725 2089 3788 libus‚
2130 3723 2358 3794 aliisque
2396 3739 2516 3793 quae
2549 3721 2745 3776 ibidem
2797 3737 3091 3798 exstant,
3150 3749 3283 3803 quae
3329 3736 3478 3789 bansta

1928 3816 2106 3883 lingua
2134 3829 2392 3869 ettarraoe
2419 3830 2521 3868 nou
2563 3823 2776 3882 potesl;
2818 3817 3120 3878 duratura
3167 3824 3448 3896 numqua!

1930 3908 1982 3960 in
2009 3905 2203 3960 saecula
2235 3905 2574 3961 saeculorum.

1999 3996 2178 4064 Quare
2210 4006 2382 4062 orate,
2420 3995 2562 4050 lilioli
2610 3995 2737 4062 mei,
2763 3996 3118 4072 Dominum,
3175 4018 3240 4063 ut
3266 4001 3475 4064 taeiteim

1928 4104 2105 4144 meunt
2156 4087 2223 4142 ad
2278 4102 2375 4143 vos
2409 4088 2601 4142 iterum
2642 4086 2862 4154 reddat,
2901 4102 2972 4146 ut
3015 4089 3483 4164 permanfflgnspusl

1929 4195 2026 4235 vos
2056 4177 2257 4248 aliquid
2292 4176 2572 4246 temporis.
2603 4175 2754 4230 llaud
2814 4179 2980 4236 enirn
3020 4200 3122 4241 me
3146 4187 3299 4250 latet,
3333 4188 3412 4240 boc
3438 4179 3485 4231 sd

1930 4279 2161 4325 vestram
2187 4269 2599 4324 aedificationem
2639 4279 2691 4322 et
2717 4270 3004 4337 gaudium
3034 4276 3095 4331 in
3137 4277 3247 4334 lide
3270 4272 3485 4340 serengo

1928 4378 2143 4434 quoquc
2177 4362 2441 4430 gaudebo,
2476 4375 2597 4415 cum
2637 4374 2842 4415 venero
2870 4365 2948 4419 ad
2993 4382 3125 4437 vos,
3161 4379 3224 4425 ut
3261 4362 3490 4440 gaudeatis

1930 4468 1982 4513 et
2008 4473 2123 4524 νος,
2147 4451 2522 4509 etassluentius
2548 4453 2817 4508 crescatis
2850 4454 2905 4509 in
2944 4457 3070 4516 tide
3091 4479 3107 4517 z
3128 4476 3225 4517 uec
3253 4473 3347 4513 son
3361 4456 3486 4524 plura

1931 4546 2170 4616 aperiam
2209 4541 2362 4597 vobis
2400 4555 2619 4605 arcana,
2643 4554 2765 4609 quae
2791 4540 2899 4597 hac
2938 4544 3005 4599 in
3034 4545 3252 4620 epistola
3279 4542 3477 4599 affluere

1931 4653 2159 4711 nequeo.
2221 4634 2486 4692 Gaudebit
2527 4646 2741 4704 quoque
2794 4633 2850 4688 in
2906 4640 3085 4696 vobis
3124 4646 3280 4694 nater
3315 4639 3473 4685 restra

1930 4731 2089 4793 Sara,
2126 4742 2247 4798 quae
2270 4734 2351 4783 est
2382 4726 2561 4780 anima
2599 4740 2741 4791 mea,
2779 4725 2901 4782 ltoec
2934 4747 3076 4800 qnae
3095 4725 3312 4804 perfecta
3334 4732 3417 4777 est
3431 4720 3493 4775 ἰιι

1928 4838 2026 4878 suo
2066 4834 2273 4886 amore,
2312 4828 2367 4875 et
2408 4817 2613 4890 peperit
2667 4816 2722 4872 in
2758 4818 2920 4874 vobis
2956 4826 3208 4879 divinum
3233 4817 3505 4890 Spit'ttum,

1929 4915 2194 4986 cupitque
2216 4927 2313 4968 vos
2338 4913 2602 4982 perlicere
2623 4949 2639 4977 ,
2684 4912 3169 4980 quemadmodum
3226 4914 3401 4985 rogari
3429 4925 3507 4980 pra

1927 5009 2114 5075 vobis,
2160 5020 2218 5063 ut
2263 5006 2524 5078 Spiritum
2570 5003 2720 5059 illum
2765 5002 2999 5076 igneum
3058 5023 3325 5081 magnum
3371 5019 3507 5076 quem

1927 5102 2166 5171 suscepi,
2187 5099 2496 5170 suscipiatis
2524 5107 2579 5152 et
2609 5112 2705 5151 vos
2726 5115 2739 5151 ε
2759 5113 2919 5167 quem
2949 5100 3000 5155 si
3030 5102 3328 5173 suscipere
3353 5098 3512 5158 vultis,

1926 5193 2001 5248 ita
2036 5204 2095 5246 ut
2123 5200 2339 5246 maneat
2369 5192 2422 5245 iu
2465 5189 2638 5254 vobis,
2679 5186 2873 5245 offerte
2921 5191 3084 5258 prius
3118 5208 3301 5262 opera
3345 5203 3516 5260 corpo·

1926 5286 2023 5352 ris,
2052 5293 2107 5340 et
2137 5283 2316 5340 cordis
2352 5281 2737 5347 bumilitatem,
2779 5291 2836 5337 et
2864 5292 3091 5338 vestras
3121 5283 3350 5341 elevate
3386 5280 3518 5351 cogi·

1927 5377 2161 5433 tationes
2200 5377 2255 5431 iu
2300 5376 2496 5430 coelum
2540 5383 2701 5428 noctu
2742 5374 2983 5445 dinque,
3029 5384 3090 5432 et
3129 5376 3375 5446 quaerite
3409 5385 3518 5429 euin

1925 5469 2108 5526 cordis
2133 5467 2460 5525 rectitudine
2489 5466 2752 5536 Spiritum
2806 5466 2954 5522 hunc
3003 5467 3266 5540 igneum,
3313 5477 3520 5535 tumque

1928 5564 2149 5622 dabitur
2179 5563 2354 5619 vobis.
2415 5561 2531 5616 llac
2559 5559 2703 5615 enim
2742 5560 2962 5616 ratione
2997 5560 3160 5617 illum
3202 5568 3519 5618 consecutus

308 5747 557 5814 ‘'Galat.
587 5769 671 5828 m,
715 5752 805 5826 27,
849 5751 937 5811 28.
1018 5751 1062 5785 ⁸⁰
1089 5750 1245 5811 inan.
1276 5767 1353 5820 tv,
1385 5750 1481 5808 ΞΖ».
1551 5751 1598 5783 ”
1625 5749 1730 5809 lsa.
1760 5765 1849 5817 st..
1880 5750 1937 5818 l,
1960 5747 2017 5801 2.
2092 5745 2137 5778 θ’
2175 5742 2329 5802 loau.
2370 5758 2489 5811 stu,
2517 5739 2602 5796 ¹5.
2680 5740 2725 5773 ⁸¹
2751 5740 2906 5799 Joan.
2939 5757 3080 5811 xvn,
3109 5742 3208 5807 24,
3245 5741 3337 5797 ἐι.
