3725 6125
383 309 490 380 sao

1652 326 1712 386 S.
1753 329 2031 389 ASTssmt
2069 330 2374 390 AMASEN!

3548 296 3652 404 ιὸο

388 450 672 507 admodum
711 449 944 504 membra
992 443 1265 517 corporis;
1305 451 1358 499 et
1403 456 1584 499 sermo
1625 451 1710 498 est
1752 442 1957 499 multo·
1990 449 2038 508 Α
2064 443 2211 500 ἐστὶν
2242 443 2421 514 λόγου,
2462 442 2534 509 ὡς
2563 445 2697 521 μέλη
2722 446 2973 521 σώματος
2992 466 3005 482 ·
3036 450 3130 505 καὶ
3153 449 3183 506 ὁ
3206 448 3306 523 μὲν
3336 447 3499 522 λόγος
3527 457 3654 511 πολ.

384 560 506 601 rum
557 543 842 599 verborum
867 541 912 573 ⁸⁰
935 538 1215 613 congeries
1242 536 1485 609 quaedam
1532 545 1588 593 et
1612 544 1957 607 conspectus3

385 637 548 692 verba
581 647 708 687 vero
743 640 909 699 guttae
946 639 1074 685 sunt
1107 638 1165 686 et
1193 628 1468 701 portiones
1507 635 1808 697 gustusque
1852 642 1960 682 ser-

387 726 560 782 monis
590 741 606 780 :
638 724 774 778 adeo
814 731 873 777 ut
914 722 1367 793 quemadmodum
1411 720 1591 776 multoe
1633 730 1794 792 guttae
1841 720 1958 777 effi·

384 820 534 876 ciunt
558 816 812 882 imbrem,
847 831 946 872 nee
977 824 1154 871 tamen
1188 816 1359 870 imber
1384 823 1548 884 guttae
1579 825 1955 885 comparatur:

382 908 460 963 sie
493 906 657 961 multa
693 908 857 963 verba
911 921 1217 961 sermonem
1267 915 1619 975 componunt,
1651 920 1832 962 sermo
1861 922 1960 961 an·

380 1011 486 1058 tem
520 999 573 1055 io
605 999 824 1055 nomina
851 1008 903 1055 et
935 1000 1100 1055 verba
1141 1010 1392 1064 secatum
1429 1006 1481 1053 et
1527 997 1689 1052 verba
1735 999 1956 1067 quidem

378 1092 750 1148 attribuuntur
773 1092 1036 1157 sermoni,
1070 1105 1175 1146 non
1205 1102 1384 1145 tamen
1417 1104 1600 1147 sermo
1632 1090 1832 1148 verbiS.
1853 1090 1958 1145 lta·

377 1201 485 1257 que
517 1184 784 1257 propbeta
812 1185 1070 1255 quoniam
1120 1184 1374 1239 bortatur
1416 1182 1610 1249 Deum,
1647 1192 1703 1238 ut
1751 1196 1959 1239 annuat

376 1279 444 1333 ad
477 1276 807 1348 particulare
839 1275 1125 1330 verborum
1166 1289 1388 1329 suorum
1425 1288 1675 1338 examen,
1711 1288 1957 1331 omnem·

376 1388 482 1445 que
513 1372 807 1429 dictionem
857 1384 1009 1425 suam
1061 1368 1353 1439 diligenter
1389 1379 1762 1438 recognoscat,
1793 1377 1849 1421 et
1878 1384 1958 1423 se·

375 1464 611 1520 cundum
665 1460 940 1532 recognita
976 1460 1242 1515 concedat
1279 1474 1399 1529 quae
1427 1469 1704 1530 petuntur.
1731 1475 1836 1515 non
1869 1461 1953 1514 di-

375 1557 455 1612 xit
489 1573 503 1609 ι
539 1553 845 1610 Sermonem
891 1567 1065 1606 meum
1112 1552 1330 1604 auribus
1361 1551 1564 1621 percipe
1588 1590 1603 1615 ‚
1634 1552 1727 1606 sed
1755 1549 1954 1606 :Verba

373 1662 486 1700 mea
524 1643 741 1699 auribus
768 1642 995 1712 percipe,
1026 1640 1267 1697 Domine.
1311 1639 1423 1696 lloe
1458 1651 1564 1705 est,
1596 1639 1848 1712 Singulas
1874 1642 1954 1694 «li-

372 1739 582 1794 etiones
604 1734 870 1792 orationis
899 1748 1031 1789 meae
1052 1732 1239 1788 sedulo
1272 1732 1393 1802 lege
1413 1747 1477 1787 ac
1503 1746 1845 1801 recognosce.
1877 1732 1953 1786 Ne

2065 536 2174 592 λῶν
2201 536 2481 608 ῥημάτων,
2521 539 2722 611 σωρεία
2749 540 2832 606 τίς
2874 541 3024 598 ἐστιν
3069 541 3168 597 καὶ
3212 543 3463 615 σύνοψις,
3494 546 3567 602 τὰ
3598 547 3656 604 δὲ

2068 628 2290 698 ῥήματα
2326 626 2554 698 ψεκάδες
2597 631 2734 685 εἰσιν
2766 630 2861 685 τοῦ
2899 633 3061 703 λόγου
3094 634 3191 689 καὶ
3227 634 3518 707 γεύματα·
3564 639 3657 693 καὶ

2065 716 2255 789 ὥσπερ
2287 719 2479 774 πολλαὶ
2510 721 2611 793 μὲν
2647 722 2883 793 ψεκάδες
2913 724 3068 779 ὑετὸν
3096 726 3526 798 ἀπαρτίζουσιν,
3558 730 3657 783 οὐκ

2065 808 2143 863 ἔτι
2172 809 2228 863 δὲ
2260 813 2288 865 ό
2316 813 2470 875 ύετδς
2494 812 2688 883 ψεκάδι
2720 814 3118 887 παρεικάζεται
3138 835 3153 850 ·
3189 818 3368 883 οὕτως
3388 819 3460 874 τὰ
3488 821 3656 875 πολλὰ

2067 901 2167 973 μὲν
2205 903 2425 973 ῥήματα
2461 904 2553 958 τὸν
2592 906 2749 975 λόγον
2802 907 3183 979 συντηροῦσιν,
3223 912 3253 964 ὁ
3297 910 3355 965 δὲ
3398 911 3557 981 λόγος
3576 914 3657 976 είς

2063 993 2302 1064 ὀνόματα
2333 987 2678 1067 καὶρήματα
2718 997 3009 1068 τέμνεται·
3051 999 3145 1053 καὶ
3179 999 3252 1054 τὰ
3292 1002 3392 1071 μὲν
3434 1004 3652 1075 ῥήματα

2065 1085 2160 1138 καίι
2188 1084 2336 1154 λόγοι
2364 1086 2634 1155 λέγονται,
2663 1088 2723 1142 ού
2753 1088 2861 1161 μὴν
2883 1090 2983 1162 μὲν
3012 1091 3238 1162 ῥήματα
3266 1090 3435 1162 λόγοι.
3469 1094 3527 1149 Ὅ
3556 1091 3651 1149 οὖν

2064 1180 2348 1251 προφήτης
2384 1182 2464 1243 εἰς
2492 1180 2592 1252 τήν
2630 1181 2769 1235 κατὰ
2805 1182 2970 1254 μέρος
2991 1183 3100 1237 τῶν
3135 1183 3300 1238 αὑτοῦ
3334 1184 3504 1253 λόγων
3555 1183 3645 1250 ἐξ·

2063 1270 2247 1324 έτασιν
2268 1270 2600 1343 παρακαλῶν
2634 1272 2915 1325 ἐπινεῦσαι
2972 1273 3062 1326 τδν
3110 1274 3415 1342 Θεὸν,’καὶ
3454 1277 3634 1330 πᾶσαν

2062 1358 2228 1412 αὑτοῦ
2261 1358 2406 1424 λέξιν
2438 1360 2680 1431 άκριδῶς
2711 1361 3040 1431 ἀναγνῶναι,
3070 1362 3166 1417 καὶ
3196 1362 3328 1435 πρὸς
3355 1362 3426 1418 τὰ
3446 1364 3620 1433 ἀναγι·

2061 1449 2384 1521 νωσκόμενα
2408 1450 2592 1505 δοῦναι
2624 1452 2691 1505 τὰ
2722 1452 3038 1525 αἰτούμενα,
3079 1455 3180 1509 οὐκ
3216 1451 3391 1515 εἶπεν.
3420 1457 3523 1509 Tou
3546 1457 3635 1510 λό-

2060 1559 2156 1611 γον
2196 1560 2298 1614 μου
2323 1544 2601 1610 ὲνώτισαι,
2633 1545 2791 1610 ἀλλὰ,
2825 1548 2901 1601 Τὰ
2941 1546 3176 1617 ῥήματά
3206 1566 3330 1619 μου
3349 1547 3642 1613 ὲνώτισαι,

2058 1637 2263 1704 Κύριε·
2292 1637 2412 1691 ἀντὶ
2438 1638 2556 1700 τοῦ,
2594 1639 2863 1708 Έκάστην
2891 1638 3032 1703 λέξιν
3067 1639 3176 1710 (79)
3211 1640 3315 1711 τῆς
3343 1641 3646 1712 προσευχῆς

2062 1746 2164 1798 μου
2195 1729 2439 1802 ἀκριόὧς
2473 1730 2764 1799 ἀνάγνωθι.
2796 1730 2887 1802 Μὴ
2915 1734 3159 1804 προσχῇς
3188 1733 3280 1802 ὑφ’
3306 1732 3364 1785 ἓν
3390 1732 3483 1785 τὸν
3517 1734 3649 1803 χάρ-

374 1840 482 1886 tmo
515 1837 810 1900 conspectu
841 1827 894 1880 in
932 1824 1179 1880 chartam
1210 1824 1479 1881 intendas,
1516 1821 1631 1878 Non
1663 1824 1806 1878 enim
1833 1823 1952 1877 nni-
1984 1818 2027 1879 B
2055 1837 2178 1891 την.
2223 1822 2299 1875 Οὐ
2352 1822 2462 1893 γὰρ
2512 1823 2642 1893 μίαν
2675 1823 2859 1896 δέησιν
2905 1823 3147 1895 περιέχει
3192 1840 3295 1895 μου
3347 1826 3383 1895 ή
3441 1823 3645 1896 δέησις.

372 1938 492 1978 cam
546 1918 983 1991 deprecationem
1034 1915 1413 1984 complectitur
1456 1929 1575 1969 mea
1613 1916 1807 1971 oratio.
1844 1912 1951 1970 Sed

372 2017 495 2085 qnia
522 2027 856 2083 unaquaeque
875 2011 1041 2066 dictio
1065 2009 1336 2080 propriam
1397 2009 1559 2063 habet
1618 2008 1950 2079 rogationem

373 2108 548 2180 (dives
585 2106 729 2161 enim
771 2118 835 2158 ae
880 2109 1075 2171 potens
1102 2109 1187 2155 est
1231 2115 1390 2170 quem
1427 2099 1601 2172 rogo),
1641 2098 1803 2155 l’erba
1838 2118 1951 2155 mea

372 2198 587 2250 mnibus
623 2193 849 2263 percipe,
895 2190 1137 2246 Domine.

442 2288 521 2343 Ac
561 2283 723 2341 sicuti
774 2298 872 2338 nos
919 2280 1134 2351 quando
1171 2277 1409 2334 libellum
1451 2277 1752 2347 supplicem
1779 2277 1949 2349 judici

371 2378 701 2452 explicatum
733 2374 1036 2439 offerimus,
1067 2371 1112 2428 si
1146 2371 1198 2426 in
1230 2371 1425 2425 charta
1461 2368 1616 2439 plura
1643 2370 1955 2424 continean-

371 2483 458 2527 tur
497 2471 696 2543 capita,
729 2468 808 2524 sic
852 2478 1106 2535 rogamus
1157 2476 1281 2518 eum
1314 2479 1329 2517 ι
1365 2459 1419 2514 ld
1479 2459 1681 2515 laboris
1709 2460 1950 2531 suscipe,

370 2564 608 2629 domiuo,
649 2570 820 2617 totum
869 2556 1115 2615 libellum
1161 2554 1227 2610 ad
1276 2553 1501 2622 verbnm
1557 2553 1741 2624 legito,
1785 2554 1951 2609 multa

368 2665 495 2713 sunt
533 2669 654 2725 quae
701 2659 987 2724 petuntur,
1027 2660 1095 2703 ne
1131 2646 1399 2719 scriptum
1445 2644 1590 2701 velut
1624 2660 1787 2701 uuam
1827 2660 1954 2701 nar-

372 2747 639 2805 rationem
689 2749 904 2813 reputes
934 2754 949 2792 ι
977 2739 1093 2812 pari
1147 2741 1305 2794 modo
1339 2738 1634 2809 Propheta,
1665 2739 1755 2811 qui
1785 2739 1951 2797 Deum

370 2841 621 2895 obsecret
651 2845 712 2892 ut
745 2832 1053 2891 consentiat
1100 2831 1154 2885 in
1210 2831 1598 2899 particularem
1632 2832 1951 2904 petitionum

369 2945 590 2988 suarum
637 2922 1122 2987 examinationem,
1177 2920 1298 2976 ait:
1336 2917 1507 2975 Verba
1562 2938 1679 2978 meo
1734 2922 1952 2977 auribus

370 3022 595 3093 percipe,
635 3017 878 3079 Domine,
922 3012 1154 3086 intellige
1209 3013 1492 3071 clamorem
1539 3031 1731 3072 meum.
1775 3015 1820 3072 0
1859 3016 1950 3072 Dei

371 3111 796 3184 benignitatem!
833 3107 858 3162 Ι
869 3105 1100 3177 nulliqe,
1129 3121 1248 3177 pm,
1275 3108 1950 3180 Animadverte.[melligi-

2068 1912 2285 1985 Ἐπειδὴ
2336 1913 2393 1967 δὲ
2454 1915 2661 1985 ἑκάστη
2722 1913 2870 1980 λέξις
2931 1914 3068 1969 ἰδίαν
3123 1915 3240 1987 ἔχει
3299 1915 3650 1989 παράκλησιν

2057 2001 2331 2074 (πλούσιος
2378 2003 2485 2075 γὰρ
2514 2005 2608 2058 καὶ
2644 2004 2868 2070 δυνατὸς
2922 2008 2950 2060 ὁ
3000 2003 3539 2078 παρακαλούμενος),
3573 2009 3652 2062 Τὰ

2051 2094 2285 2166 ῥήματά
2302 2114 2422 2166 μου
2446 2095 2744 2162 ὲνώτισαι,
2770 2099 2966 2169 Κύριε.

2125 2283 2238 2339 Καὶ
2288 2283 2477 2357 ὥσπερ
2523 2273 2687 2357 ήμὲῖς
2731 2288 2979 2359 ἐντυχίαν
3005 2287 3083 2359 τῷ
3129 2288 3362 2364 δικαστῇ
3399 2289 3643 2346 ἀναπτύ-

2054 2374 2246 2443 ξαντες
2272 2377 2407 2450 (80),
2452 2377 2551 2432 ἐάν
2587 2380 2645 2432 ὲν
2688 2380 2767 2451 τῷ
2798 2380 2976 2453 χάρτῃ
3010 2380 3185 2436 πολλὰ
3224 2383 3530 2455 ἐμφέρεται
3576 2381 3647 2438 τὰ

2054 2463 2363 2532 κεφάλαια,
2403 2466 2831 2539 παρακαλοῦμεν
2885 2469 3081 2523 αὐτόν·
3124 2470 3349 2543 Κάμοῦ,
3385 2472 3643 2538 δέσποτα,

2054 2554 2189 2627 πρὸς
2234 2556 2380 2625 λέξιν
2435 2558 2527 2612 τὸν
2577 2559 2784 2631 χάρτην
2835 2561 3130 2631 ἀνάγνωθι,
3182 2562 3361 2618 πολλά
3398 2566 3548 2617 ἐστιν
3576 2564 3643 2619 τά

2054 2644 2383 2719 ζητούμενα,
2411 2649 2487 2720 μὴ
2524 2650 2600 2714 ὡς
2642 2649 2700 2703 ἓν
2728 2652 2973 2723 διήγημα
3003 2651 3239 2728 νομίσῃς
3265 2653 3329 2709 τὸ
3356 2654 3643 2727 σύγγραμ-

2057 2756 2133 2810 μα
2151 2756 2166 2770 ·
2198 2739 2372 2805 οὕτως
2401 2743 2430 2795 ὀ
2458 2744 2743 2815 προφήτης
2774 2746 2855 2808 εἰς
2900 2744 2999 2816 τὴν
3028 2744 3174 2800 κατά
3209 2746 3381 2820 μέρος
3406 2748 3520 2803 τῶν
3547 2750 3644 2821 ζη-

2052 2832 2329 2903 τουμένων
2366 2833 2514 2905 αὐτῷ
2552 2836 2796 2901 ἐξέτασιν
2836 2837 3118 2892 ἐπινεῦσαι
3159 2838 3253 2893 τὸν
3283 2839 3421 2894 Θεὸν
3461 2857 3641 2913 παρα-

2054 2926 2255 2990 καλῶν,
2290 2926 2483 2999 φησίν·
2526 2928 2601 2983 Τά
2642 2929 2882 2999 ῥήματά
2924 2947 3045 2999 μου
3090 2931 3399 2999 Metam,
3446 2938 3640 3004 Κύριε,

2052 3019 2239 3085 σὺνες
2270 3019 2380 3090 τῆς
2412 3021 2681 3091 κραυγῆς
2723 3040 2864 3093 μου.
2895 3024 2964 3078 Ὤ
2992 3024 3094 3097 τῆς
3120 3026 3227 3086 ,τοῦ
3272 3027 3412 3084 Θεοῦ
3457 3029 3641 3098 φιλαν-

2054 3110 2300 3190 Θρωπὶας
2324 3112 2435 3182 (81)
2464 3113 2476 3166 2
2511 3113 2602 3179 Τὸ,
2631 3115 2838 3181 Σύνες,
2862 3115 2984 3169 ἀντὶ
3014 3115 3129 3182 τοῦ,
3156 3117 3389 3191 Νόησον.
3420 3123 3637 3175 Σύνετε

369 3216 419 3260 te
452 3203 592 3272 jam,
639 3198 944 3268 insipientes
987 3200 1041 3255 in
1080 3198 1297 3268 populo,
1331 3209 1404 3262 ee,
1457 3198 1631 3262 stulti.
1665 3200 1949 3270 aliquando
1978 3175 2019 3231 C
2052 3201 2152 3271 δὴ,
2180 3202 2441 3273 ἄφρονες
2465 3204 2534 3256 ἐν
2574 3203 2654 3270 τῷ
2688 3205 2836 3272 λαῷ,
2866 3206 3208 3276 amidae-pol,
3233 3209 3379 3264 ποτὲ
3402 3210 3630 3278 φρονή-

370 3291 624 3364 εαρίιε“.
651 3291 814 3362 Atqui
861 3303 959 3345 nos
1002 3302 1125 3344 cum
1152 3286 1455 3359 sapientem
1490 3289 1670 3347 virum
1720 3289 1954 3361 alloqui·

371 3401 511 3452 mur,
538 3400 641 3441 non
676 3383 937 3439 audemus
965 3382 1142 3438 dicere
1175 3399 1188 3435 ι
1221 3381 1604 3436 Animadverte
1633 3397 1755 3451 quae
1788 3383 1946 3448 dieo;

371 3493 440 3535 ne
489 3476 579 3533 ille
618 3487 871 3546 tanquam
924 3473 1197 3543 negligens
1223 3481 1316 3525 aut
1343 3473 1508 3526 tarda:
1554 3475 1747 3527 tuentis
1787 3473 1949 3528 Ιιυιιιο

369 3580 669 3643 reputetur.
705 3569 813 3625 Deo
844 3574 1022 3622 autem
1052 3567 1142 3635 qui
1178 3565 1344 3620 etiam
1373 3573 1534 3619 antea
1583 3564 1949 3634 cogitationes

371 3663 540 3728 novit,
593 3662 856 3733 propheta
908 3658 1045 3714 dixit
1075 3675 1087 3711 ι
1123 3655 1388 3725 ΙιιιεΙΙὶρε,
1417 3655 1807 3710 animadverte.
1843 3657 1945 3710 Sed

368 3756 818 3828 quemadmodum
848 3753 1064 3809 dicens:
1091 3749 1320 3804 Auribus
1344 3750 1572 3818 percipe,
1605 3749 1807 3804 sciebat
1840 3751 1947 3805 Deo

369 3861 711 3920 nequaquam
757 3859 879 3900 esse
919 3856 1081 3896 aures
1121 3839 1441 3904 sensibiles,
1495 3839 1574 3893 sie
1613 3838 1839 3893 dicendo
1879 3841 1946 3895 ad

371 3942 538 3997 Deum
563 3955 579 3993 ι
608 3937 872 4004 Intelliye,
914 3948 1020 3989 non
1058 3942 1315 4000 tanquam
1352 3931 1420 3985 ad
1452 3944 1575 3986 eum
1626 3931 1717 3999 qui
1758 3932 1946 3986 edoce-

369 4043 521 4090 retur
545 4047 610 4088 ae
638 4033 913 4101 ignoraret
946 4024 1288 4094 loquebatur,
1321 4023 1416 4077 sed
1442 4030 1698 4091 tauquam
1727 4023 1793 4077 ad
1817 4036 1942 4077 eum

369 4131 460 4202 qui
525 4123 960 4184 inenarrabiliter
992 4130 1048 4178 et
1085 4119 1416 4192 cogitatione
1464 4118 1628 4175 citius
1670 4121 1945 4192 cognoscit
1980 4151 1989 4161 ι

370 4220 662 4296 postulat-a,
692 4225 983 4287 antequam
1011 4214 1135 4284 quis
1162 4222 1328 4283 petat.
1362 4212 1472 4267 Aut
1502 4211 1663 4267 etiam
1695 4213 1820 4282 quia
1862 4212 1945 4280 jn-

368 4325 486 4371 stus
522 4312 629 4368 Deo
661 4308 992 4380 cogitatione
1017 4305 1360 4377 loquebatur,
1387 4314 1621 4376 eratque
1649 4302 1702 4359 ei
1735 4303 1943 4360 clamor

368 4412 623 4462 contenta
652 4400 851 4464 oratio,
880 4404 936 4456 et
964 4397 1290 4468 loquebatur
1312 4397 1427 4452 non‘
1449 4395 1701 4467 loquens,
1733 4393 1943 4450 elama-

2051 3304 2219 3348 σατσ.
2273 3295 2384 3349 Καὶ
2436 3296 2595 3366 ἡμεῖς
2643 3297 2742 3368 μὲν
2805 3298 2954 3370 σοφῷ
3003 3299 3157 3372 ἀνδρὶ
3195 3298 3473 3363 λαλοῦντες
3493 3341 3508 3363 ,
3560 3301 3624 3355 ού

2051 3384 2339 3457 τολμῶμεν
2385 3386 2584 3454 εἰπεῖν,
2607 3389 2819 3461 Νόησον
2849 3390 2885 3444 ἃ
2929 3390 3089 3460 λέγω,
3119 3390 3202 3445 ἱνα
3229 3390 3306 3462 μὴ
3333 3390 3616 3460 ὡςὸλίγω-

2052 3496 2145 3550 ρος
2176 3479 2209 3552 ἢ
2243 3479 2542 3552 βραδύνους
2567 3482 2820 3556 νομισθῇ.
2852 3483 2973 3556 Θεῷ
2997 3484 3059 3540 δὲ
3079 3475 3274 3558 &w
3297 3485 3403 3557 πρδ
3425 3486 3619 3540 τούτου

2047 3573 2147 3639 τάς
2172 3574 2499 3648 ἐνθυμήσεις
2538 3578 2699 3632 εἰδότι
2744 3579 2772 3631 ὁ
2817 3580 3105 3652 προφήτης
3151 3577 3358 3650 ἔλεγεν,
3409 3582 3630 3645 tat-rec.

2049 3666 2259 3737 νόησον.
2302 3668 2439 3722 Ἀλλ’
2474 3669 2662 3742 ὥσπερ
2691 3671 2770 3735 τὸ,
2811 3671 3144 3736 Ἐνώτισαι,
3180 3670 3369 3737 εἰπὼν,
3399 3675 3462 3727 ού
3497 3675 3635 3728 πάν·

2046 3775 2156 3821 τως
2182 3753 2295 3812 ὧτα
2322 3760 2557 3831 αἰσθητὰ
2595 3761 2685 3814 τὸν
2713 3761 2843 3816 Θεὸν
2873 3763 3014 3833 ἔχειν
3051 3764 3169 3835 ᾔδει
3196 3782 3210 3794 ·
3236 3763 3412 3826 οῦτως
3448 3767 3544 3819 καὶ
3582 3765 3639 3819 τὸ

2046 3852 2220 3903 εἰπεῖν
2247 3850 2326 3921 τῷ
2364 3851 2503 3922 Θεῷ,
2548 3854 2757 3920 Σάι-ες,
2788 3854 2885 3925 οὐχ
2919 3855 2994 3918 ὡς
3033 3854 3519 3928 ἀναδιδασκομένῳ
3552 3859 3638 3911 καὶ

2045 3940 2329 4009 ἀγνοοῦντι
2358 3941 2556 4007 ἐλάλει,
2589 3943 2705 3996 ἀλλ’
2751 3945 2827 4009 ὡς
2878 3946 3206 4018 ἀπορρήτως
3255 3948 3356 4001 καὶ
3385 3948 3635 4019 ὀξύτερον

2044 4031 2286 4098 διανοίας
2311 4033 2472 4088 εἰδότι
2501 4035 2569 4088 τὰ
2594 4037 2873 4107 αἰτήματα
2904 4038 3009 4109 πρὸ
3034 4036 3127 4090 τοῦ
3158 4039 3411 4110 αἰτῆσαι.
3448 4042 3515 4094 Ἥ
3544 4041 3632 4093 καὶ

2043 4124 2231 4196 ἐπειδὴ
2267 4125 2409 4179 κατὰ
2450 4125 2689 4181 διάνοιαν
2725 4130 2753 4182 ὀ
2790 4128 2995 4194 δίκαιος
3040 4127 3119 4200 τῷ
3151 4130 3275 4201 Θεῷ
3310 4131 3513 4196 ἐλάλει,
3541 4133 3627 4185 καὶ

2039 4212 2107 4288 ἦν
2133 4217 2280 4288 αύτῷ
2313 4218 2530 4289 κραυγὴ
2581 4220 2615 4290 ἡ
2660 4218 2913 4285 σύντονος
2955 4223 3256 4293 προσευχὴ,
3313 4224 3411 4279 καὶ
3459 4225 3627 4277 ἐλάλει

2045 4308 2119 4379 μὴ
2145 4293 2341 4374 λαλῶν,
2369 4309 2461 4363 καὶ
2490 4310 2717 4383 ἔκραζεν
2743 4312 2872 4366 ἀνευ
2903 4313 3116 4384 φωνῆς·
3138 4314 3321 4380 οὐδεὶς
3340 4317 3398 4371 δὲ
3426 4315 3629 4390 ἀνθρὼ-

2041 4413 2158 4451 πων
2179 4400 2288 4451 νοεῖ
2309 4397 2486 4471 ψυχῆς
2520 4399 2762 4472 κραυγὴν
2779 4402 3159 4474 ἀνεκλάλητον,
3184 4405 3235 4458 εί
3265 4407 3343 4478 μὴ
3379 4407 3514 4471 Θεὸς
3539 4407 3630 4477 μό-

313 4526 316 4530 ·
369 4500 572 4569 batqne
611 4496 731 4554 sine
757 4510 923 4561 voce3
951 4489 1232 4549 bominum
1269 4500 1452 4547 autem
1501 4489 1682 4546 nullus
1707 4488 1938 4559 percipit
1970 4529 2013 4584 D
2040 4505 2160 4554 νος·
2193 4488 2282 4543 διὰ
2317 4491 2476 4545 τοῦτο
2512 4493 2589 4563 τῷ
2622 4491 2767 4564 μόνῳ
2794 4493 3046 4549 ἀκούοντι
3077 4495 3188 4550 τῶν
3226 4496 3307 4568 μὴ
3332 4498 3630 4554 λαλούντων

367 4589 690 4650 ineffabilem
734 4588 928 4644 anlmoe
957 4586 1273 4650 clamorem,
1304 4585 1402 4640 sed
1436 4581 1584 4639 solus
1610 4581 1783 4647 neum
1815 4579 1937 4636 ideo
2044 4579 2227 4650 ἔλεγεν
2245 4596 2260 4613 ·
2286 4583 2475 4649 Σύνες
2499 4582 2609 4651 τῆς
2641 4583 2908 4655 κραυγῆς
2928 4604 3068 4656 μου.
3098 4587 3270 4643 -Σὺ
3289 4589 3425 4660 γὰρ,
3449 4591 3627 4660 φησιν,

366 4686 506 4744 dixit
533 4684 604 4740 ad
629 4697 752 4738 eum
796 4679 905 4750 qui,
925 4677 1076 4735 solus
1107 4690 1202 4733 eos
1233 4674 1327 4744 qui
1363 4687 1472 4729 non
1507 4671 1804 4742 loquuntur
1834 4687 1934 4725 au-
2042 4671 2225 4740 μόνος
2243 4672 2564 4728 ἐπίστασαι
2597 4675 2701 4741 τὰς
2726 4675 2972 4745 καρδίας
2994 4677 3112 4733 τῶν
3131 4681 3483 4750 ἀνθρώπων,
3515 4682 3630 4735 ἕλε-

437 4847 481 4880 ⁸¹
512 4843 656 4903 Psal.
685 4857 840 4906 xcnt,
867 4839 921 4894 8.

439 5008 551 5084 (79)
590 5004 786 5072 Λέξις.
819 4999 1019 5056 Vocem
1052 4995 1251 5064 λέξεως
1291 4994 1541 5052 retinebit
1572 4995 1662 5067 qui
1697 4995 1836 5050 volet
1879 4996 1931 5051 in
2038 4998 2361 5065 προγονικὸν
2414 4997 2515 5069 κλῆ
2584 5013 2613 5050 ν
2666 4996 3001 5070 ἀπολόμενον
3052 4997 3141 5051 διὰ
3195 4999 3329 5068 μιᾶς
3368 4998 3629 5072 εὐτυχίας

367 5081 769 5149 chrysostomo,
807 5080 947 5127 orat.
987 5067 1061 5122 De
1100 5066 1402 5132 poenitentia
1438 5077 1486 5120 et
1515 5068 1930 5133 compunctione,
2038 5067 2479 5138 ἀνακτησάμενε.
2564 5070 2650 5121 olo
2681 5069 2829 5122 enim
2863 5065 3049 5137 reponi
3093 5069 3368 5140 ἐντυχίας.
3409 5067 3467 5124 ld
3500 5083 3626 5129 est:

369 5158 392 5206 t
430 5150 601 5204 ledit.
627 5146 826 5208 Paris„
851 5155 976 5193 ιιιιιι.
1006 5136 1167 5201 1609,
1196 5151 1251 5206 p.
1277 5134 1411 5202 68ος
1437 5146 1492 5191 et
1518 5135 1638 5191 t.Vt
1661 5135 1935 5190 Saviliano
2041 5134 2087 5191 0
2124 5137 2264 5190 latro
2288 5140 2376 5206 qni
2408 5139 2601 5192 avitam
2636 5139 2993 5191 liat-redientem
3052 5141 3305 5193 aruinam
3345 5140 3511 5196 unico
3540 5158 3627 5213 pe-

369 5191 464 5275 seu
491 5216 677 5273 Gra-co
731 5232 783 5284 p.
811 5211 914 5268 774
964 5209 1000 5261 Ι.
1031 5223 1123 5272 xx,
1149 5207 1237 5262 ubi
1269 5207 1336 5261 de
1369 5205 1577 5262 Raltab.
1607 5207 1719 5276 Ego
1751 5216 1932 5261 antem
2040 5208 2228 5260 titione
2256 5208 2597 5277 recuperasti.
2626 5207 2794 5263 Porro
2819 5207 3028 5278 judic-es
3054 5209 3137 5262 ele·
3176 5218 3336 5264 auter
3362 5224 3392 5264 a
3420 5209 3621 5269 Graecis

370 5253 935 5351 eniendabo’aggemcf
979 5278 1181 5334 Locum
1231 5291 1336 5331 non
1376 5277 1658 5348 snbjnngo,
1694 5277 1818 5346 quia
1871 5277 1936 5332 iis
2041 5275 2379 5346 appellantur
2425 5277 2605 5348 κύριοι
2652 5277 2752 5348 τῆς
2784 5277 3085 5402 ²1³*2J02’:.¹.'¹
3170 5279 3471 5362 ollectione
3518 5282 3618 5337 no-

368 5366 512 5414 notre
543 5356 659 5409 istm
687 5357 1014 5416 scribuntur,
1054 5351 1142 5419 qui
1174 5348 1342 5402 libros
1379 5347 1599 5413 babent,
1627 5362 1828 5418 eosque
1858 5346 1937 5400 le·
2044 5363 2222 5411 mana,
2263 5356 2419 5415 parte
2445 5365 2483 5412 ι,
2519 5364 2570 5417 p.
2601 5349 2688 5413 15,
2722 5351 2783 5404 16
2810 5367 2825 5404 ι
2893 5347 3054 5402 ridicu
3084 5347 3313 5411 domim,
3347 5355 3622 5407 examino-

367 5435 497 5500 gere
521 5433 575 5479 et
611 5423 849 5492 relegere
877 5435 981 5476 nou
1013 5421 1062 5489 pi
1109 5426 1311 5472 rantur.
2043 5417 2201 5470 tionis
2250 5417 2511 5472 dominns.
2559 5418 2709 5484 Quod
2762 5420 2880 5472 ideo
2927 5421 3242 5483 observavi,
3296 5421 3427 5488 quia
3484 5421 3623 5493 apud

439 5495 552 5566 (80)
603 5492 924 5562 'Errvylar
948 5487 1030 5555 τῷ
1107 5486 1523 5557 amaracina
1563 5502 1744 5542 vocem
1780 5487 1935 5540 ἐντυ-
2034 5485 2332 5547 Pbilonem.
2386 5486 2525 5542 libro
2572 5490 2647 5541 De
2684 5488 2971 5556 Decoloqm
3026 5502 3079 5557 p.
3116 5487 3257 5553 764,
3324 5501 3626 5548 ›on-temo„

368 5567 495 5642 χίας
528 5580 630 5620 non
659 5547 824 5633 panca
856 5560 956 5615 viri
987 5561 1149 5614 docti.
1177 5557 1245 5612 lis
1283 5573 1377 5613 nos
1401 5560 1466 5613 de
1495 5573 1644 5613 more
1674 5571 1937 5637 suppres-
2035 5557 2297 5622 seriptum
2334 5558 2570 5637 inv-enies
2595 5559 2720 5640 τοὺς
2746 5557 3088 5640 κατηγόρους
3118 5558 3220 5636 τῆς
3249 5505 3460 5631 ψήφου.
3537 5630 3552 5644 0

368 5641 444 5694 sis
513 5634 849 5707 profereums
876 5646 940 5686 ex
991 5626 1316 5684 adversariis
1364 5629 1564 5684 nostris
1602 5631 1937 5682 emendatio·
2107 5627 2219 5697 (81)
2263 5628 2333 5680 Ὢ
2375 5644 2485 5695 της
2517 5645 2621 5682 του
2658 5630 2805 5682 Θεου
2860 5627 3351 5698 φιλανθρωπίας]
3401 5631 3620 5686 Plenius

369 5680 514 5768 nem.
557 5707 628 5760 Ea
677 5705 780 5758 erit
814 5707 863 5754 iu
899 5700 1211 5764 Athanasio,
1245 5699 1430 5755 ltomil.
1472 5699 1526 5752 in
1574 5695 1932 5758 Parosta-en.
2036 5709 2225 5753 catena
2254 5698 2307 5750 in
2336 5712 2365 5750 ι.
2394 5696 2621 5764 psalmos
2646 5713 2665 5750 .·
2697 5695 2743 5752 0
2770 5701 3028 5767 ingentem
3067 5699 3334 5762 propheta·
3361 5698 3613 5772 loquendi

367 5793 491 5834 cum
537 5776 796 5831 latronem
853 5775 1047 5826 bouum
1092 5770 1164 5824 ita
1195 5769 1497 5838 compellat,
1523 5762 1594 5821 *ss
1621 5766 1814 5841 λῃστά,
1842 5767 1934 5822 τὸν
2036 5767 2358 5824 libertatem!
2391 5782 2420 5820 o
2464 5767 2651 5822 miram
2685 5767 2781 5822 Dei
2815 5767 3221 5837 benignitatem!
