3725 6125
617 268 676 323 S.
716 262 995 323 ANTONtt
1033 264 1103 323 M.
1146 260 1435 321 smmis
1474 253 2021 323 SENTEN'rtARmt
2060 264 2452 326 Exposmo.

1523 383 1570 441 A
1600 379 1874 435 internum
1951 388 2228 436 certamen
2280 381 2604 451 intellectus,
2642 385 2814 455 quies,
2863 389 3035 445 oratic
3085 397 3201 449 sine

514 381 890 454 Ittterroqatio.

191 482 392 530 anetus
419 471 592 527 abhas
622 472 892 528 Antonius
918 488 932 524 ε
970 470 1091 525 Victi
1121 485 1297 524 onmes
1319 468 1505 523 diabo-

191 581 197 613 ι
236 578 401 633 super
430 569 573 616 terra
614 569 863 624 structos,
902 560 1236 630 inqentttiqtte
1284 557 1425 621 ideo,
1453 567 1501 611 et

213 654 393 725 qenert'
417 654 650 707 hnmano
672 654 693 707 .'
718 655 836 724 quis
866 652 1053 725 poterit
1084 650 1218 719 eripi
1246 650 1312 704 ab
1340 648 1454 703 istis
1476 650 1502 703 Ρ

191 755 259 802 int
286 746 417 803 mihi
439 761 460 800 .·
484 742 780 800 amitttat
808 744 979 800 soleat
1021 743 1086 798 ab
1122 744 1259 807 istis,
1296 759 1391 797 nec
1432 744 1502 797 oct

191 838 377 909 tingere
413 836 609 892 metent.
653 836 934 905 Quomodo
967 835 1101 891 vidit
1147 844 1373 891 sanctus
1401 836 1503 889 iste

191 930 374 988 diaboli
409 948 424 995 ;
469 929 891 994 sensibiliterue,
932 944 1001 982 an
1030 927 1502 983 intellectualiter?

192 1038 206 1076 t
233 1030 358 1077 sunt
381 1021 479 1088 illi,
507 1021 597 1090 qui
625 1020 877 1076 dixerunt
907 1020 1005 1090 ipsi
1033 1036 1048 1075 t
1075 1018 1369 1074 Humilitas
1387 1020 1498 1073 sal·

191 1129 240 1179 s,
278 1128 370 1168 nee
406 1112 474 1167 ad
503 1111 655 1165 illam
672 1113 963 1182 pertinqere
992 1110 1208 1167 valent?

423 1184 429 1190 ¹
529 1202 850 1272 Responsio.
918 1195 920 1198 ’

215 1295 530 1353 macharius
586 1293 780 1363 maior,
827 1292 1149 1366 AEgyptiuS,
1201 1292 1498 1364 discipulus

191 1389 415 1455 tutonii,
448 1389 581 1443 vidit
622 1403 839 1459 quoque
882 1391 934 1443 in
977 1390 1194 1445 deserto
1253 1387 1496 1443 interiori

198 1494 391 1537 omnes
436 1479 659 1550 laqueos
700 1480 1036 1549 passionum,
1072 1494 1208 1547 quos
1255 1477 1389 1533 vidit
1433 1491 1500 1533 eo

191 1570 246 1628 S.
291 1570 460 1627 abbas
511 1570 801 1625 Antonius.
838 1568 984 1626 vidit
1030 1569 1229 1640 quippe
1278 1566 1500 1623 Maelia-

191 1663 304 1720 olos
354 1663 409 1718 iu
471 1662 834 1719 similitudine
895 1662 1128 1717 duorum
1192 1660 1498 1724 hominum,

191 1771 307 1812 mus
328 1754 601 1828 perforata
624 1763 744 1810 erat
769 1754 990 1810 indutus
1017 1762 1190 1817 veste,
1225 1753 1311 1808 cui
1342 1754 1493 1824 qnae-
1532 1747 1576 1803 B

191 1862 411 1905 ersorum
458 1846 704 1903 colorum
765 1856 924 1903 erant
975 1848 1214 1913 inserta;
1269 1845 1498 1900 alterius

196 1951 314 1998 este
362 1950 533 1999 totum
584 1955 783 2010 corpus
829 1940 1302 1997 circumamictum
1355 1945 1497 2000 erat,

191 2050 254 2091 ue
283 2042 400 2091 rete
427 2034 702 2106 quoddam
733 2034 1096 2106 ampullarum
1122 2033 1339 2102 plenum
1371 2046 1385 2083 ε
1414 2029 1498 2085 liis

193 2137 217 2183 t.
245 2126 407 2194 alius,
435 2127 530 2199 qui
557 2128 658 2183 alis
686 2128 859 2183 instar
893 2126 1217 2197 operimenti
1248 2133 1500 2194 contege·

191 2232 248 2275 os
273 2217 493 2289 quidem
524 2215 888 2287 corporaliter
917 2214 1090 2270 oculis
1113 2212 1393 2283 corporeis
1421 2211 1498 2267 vi-

216 2309 548 2377 Macbarius3
587 2319 814 2366 sanctus
864 2323 992 2364 vero
1028 2306 1298 2362 Antonius
1329 2304 1498 2361 abbas

193 2401 420 2459 ellectus
457 2401 592 2458 vidit
628 2416 726 2472 per
778 2401 1001 2457 modum
1035 2399 1263 2455 visionis
1306 2412 1499 2455 omnes

191 2493 287 2551 llos
327 2490 526 2549 diaboli
571 2508 710 2565 quos
741 2507 960 2561 semper
991 2490 1279 2547 monachis
1312 2490 1495 2553 struit,

191 2601 217 2643 s
233 2584 515 2657 aucupari,
531 2584 750 2642 irretire
774 2593 937 2654 atque
957 2582 1218 2653 impedire
1238 2581 1499 2637 obnititur

191 2700 196 2731 ι
224 2677 557 2747 perficiendo
583 2676 636 2732 in
668 2676 756 2732 via
786 2675 1024 2739 virtutis,
1042 2672 1202 2730 sicuti
1236 2673 1495 2743 scriptum

192 2767 249 2820 ia
272 2781 388 2822 meo
413 2766 802 2822 absconderunt
840 2765 970 2819 mihi
998 2764 1237 2835 loqueos,
1261 2770 1312 2818 et
1343 2762 1496 2832 [unes

191 2865 260 2910 int
305 2857 484 2912 itineri
542 2871 655 2912 meo
681 2856 747 2912 ⁸⁸.
783 2856 936 2912 vidit
971 2856 1156 2926 itaque
1188 2867 1380 2910 omnes
1420 2853 1497 2907 la-

191 2944 315 3001 tholi
366 2959 529 3015 super
581 2958 725 3004 terra
779 2954 1020 3002 structos
1058 2958 1124 3000 eo
1177 2943 1340 2999 modo
1387 2957 1496 3013 quo

191 3036 310 3097 lunt
364 3035 495 3098 seris
539 3048 850 3098 venatores.
876 3035 1032 3106 Quod
1069 3034 1283 3108 quidem
1311 3033 1498 3093 ridens

191 3146 214 3186 s
259 3141 365 3196 est,
419 3145 484 3187 ac
520 3130 802 3201 obstupuit
835 3130 905 3185 ob
948 3127 1344 3183 multitudinem
1377 3141 1497 3182 cas-
1523 3109 1568 3167 C

191 3222 394 3290 etinm;
425 3223 626 3294 quihus
658 3223 707 3277 si
733 3219 901 3277 semel
947 3220 1164 3290 capitur
1192 3219 1329 3287 sera,
1366 3234 1496 3288 pet-..r

195 3314 388 3370 vadere
423 3315 622 3382 poterit.
661 3313 733 3369 ob
782 3327 944 3373 ausas
1002 3316 1180 3373 varias
1234 3324 1291 3371 et
1324 3328 1499 3369 nexus

191 3421 251 3461 as.
287 3404 492 3479 Abbati
525 3412 708 3461 autem
743 3401 979 3459 Antonio
1015 3418 1138 3459 sese
1180 3403 1498 3459 obtulerunt

192 3508 311 3546 ram
351 3491 596 3544 omnium
637 3491 952 3558 passionum
1002 3495 1247 3565 corporis
1283 3503 1340 3551 et
1375 3497 1496 3551 ani-

191 3583 305 3645 :ies,
338 3581 540 3649 quihus
567 3581 767 3637 diaboli
815 3598 1127 3658 oppugnant
1157 3589 1494 3655 monacltos;

192 3681 388 3726 anctos
425 3673 644 3743 angelos
670 3676 757 3745 qui
795 3676 895 3734 sibi
913 3680 1155 3750 singulos
1183 3681 1496 3751 passionum

203 3762 518 3819 nominatim
587 3767 958 3836 ostendebant,
1006 3786 1200 3842 nempe
1246 3773 1493 3842 laqueum

192 3855 362 3911 entris
399 3871 491 3912 seu
535 3857 688 3928 gulae,
735 3861 939 3917 amoris
997 3864 1260 3933 pecuniae,
1295 3865 1498 3920 amoris

191 3946 327 4013 onis,
361 3948 532 4005 inanis
560 3949 764 4019 gloriae,
788 3953 1057 4022 superhiae
1081 3964 1138 4009 et
1165 3954 1494 4026 reliquarum

191 4053 258 4092 m.
296 4037 654 4097 Ostenderunt
684 4042 759 4097 illi
797 4053 1060 4113 praeterea
1092 4060 1286 4101 omnes
1326 4054 1493 4113 artes,

191 4146 234 4186 tc
261 4133 501 4201 astutias,
530 4134 731 4206 quibus
781 4137 970 4192 hostes
999 4153 1127 4194 suos
1162 4147 1378 4194 struunt
1417 4137 1497 4193 la-

230 4223 472 4290 insidias,
515 4227 714 4295 quibus
767 4227 1066 4297 impediant
1120 4228 1340 4294 fratres,
1370 4227 1496 4283 illa·

191 4315 555 4386 ·etardentque
597 4317 666 4372 ab
703 4318 899 4374 itinere
928 4335 1122 4388 magno
1145 4320 1352 4375 amoris
1375 4319 1490 4375 Dei.

222 4406 522 4464 admiratus
543 4420 706 4474 esset,
740 4419 793 4465 et
822 4421 1042 4478 stupore
1074 4411 1378 4481 perculsus,
1406 4411 1491 4466 in-

3062 280 3201 338 1090

1610 470 2022 528 intermissione
2052 489 2175 527 cum
2216 474 2455 544 perlecta
2487 474 2819 546 humilitate,
2851 492 3078 538 cunctas
3105 498 3199 539 su·

1609 572 1802 632 perant
1854 565 2142 633 passiones
2188 580 2253 621 ac
2299 566 2602 636 daemones,
2638 584 2741 625 nec
2773 571 2840 626 ad
2873 575 3199 631 monachum

1609 654 1696 710 his
1724 656 2011 726 praeditum
2049 658 2357 729 pertingere
2386 659 2591 728 valent,
2616 666 3074 731 quemadmodum
3104 682 3202 723 an·

1609 745 1713 816 geli
1754 746 1812 803 S.
1840 748 2079 806 Antonio
2102 750 2288 806 abbati
2314 751 2587 808 dixerunt.

2212 863 2590 937 Interroqatio.

1620 973 1625 977 ·
1679 951 1824 1008 Dixit
1855 952 1914 1009 S.
1948 953 2216 1011 Antonius
2246 958 2416 1011 abbas
2448 980 2460 1015 :
2486 957 2547 1014 Si
2573 962 2902 1018 caruerimus
2948 966 3200 1019 certami-

1607 1061 1699 1109 ne,
1730 1044 2020 1114 plurimum
2069 1047 2215 1103 nobis
2263 1050 2550 1104 timendum
2596 1063 2717 1125 9⁸13
2759 1070 2952 1125 nosque
2994 1067 3196 1124 oportet

1606 1136 1758 1192 valde
1782 1138 2060 1193 humiliari
2089 1157 2268 1195 coram
2290 1142 2419 1207 Deo,
2450 1145 2576 1214 quio
2609 1162 2726 1199 cum
2753 1147 2861 1214 ipse
2885 1150 3009 1203 bene
3028 1165 3195 1219 ‹tyno-

1605 1241 1717 1283 scot
1756 1240 1993 1286 nostram
2037 1233 2427 1302 infirmitatem,
2459 1252 2553 1290 nos
2587 1249 2817 1306 proteget
2858 1240 3045 1294 dextra
3072 1257 3194 1301 sna,

1609 1332 1655 1374 et
1700 1323 1956 1376 custodiet
1987 1339 2005 1376 .·
2036 1334 2091 1377 ct
2134 1325 2182 1378 si
2232 1327 2477 1394 superbia
2511 1328 2815 1397 efferamur,
2847 1347 2996 1384 suam
3033 1349 3064 1385 a
3098 1347 3195 1384 no-

1612 1412 1694 1467 bis
1722 1415 1955 1469 retrahet
1986 1417 2383 1485 protectionem,
2417 1430 2464 1473 et
2494 1419 2798 1486 peribimus.
2826 1420 3082 1489 Quisnam
3110 1433 3194 1481 est

1615 1504 1778 1576 hujus
1810 1506 1951 1562 beati
1981 1497 2268 1566 seutenti'ae
2294 1512 2523 1569 sensus?

2254 1619 2554 1692 Responsio.

1675 1706 1789 1764 Nos
1817 1709 2091 1767 humiliari
2137 1728 2352 1787 semper
2388 1726 2619 1788 oportet,
2665 1728 2779 1775 tam
2813 1702 3055 1795 tempore
3086 1741 3187 1781 an·

1605 1802 1923 1873 gustiarum,
1961 1805 2324 1864 tribulationis
2355 1824 2418 1865 ac
2453 1813 3013 1886 certaminnm,‹1uam
3050 1828 3187 1873 tem-

1605 1909 1737 1964 pore
1774 1897 1924 1965 pacis
1957 1906 2011 1953 et
2042 1899 2243 1971 quietis
2272 1915 2302 1954 a
2335 1902 2761 1972 certatninibus;
2788 1908 2990 1963 etenim
3040 1910 3186 1966 omni

1608 1996 1853 2056 tempore
1889 1988 2197 2047 humilitate
2228 1991 2385 2047 nobis
2413 2007 2552 2062 opus
2594 2004 2698 2050 est.
2734 1996 3184 2070 Quandoquidem

1607 2075 1723 2132 haec
1761 2087 2004 2148 tempore
2030 2081 2346 2136 certaminis
2372 2082 2530 2138 nobis
2554 2086 2758 2154 praebet
2795 2102 2981 2159 opem,
3011 2090 3189 2145 addit-

1605 2182 1713 2237 que
1763 2168 1933 2223 robur
1973 2171 2040 2226 ad
2070 2172 2412 2228 subeundum
2445 2175 2723 2246 patientiae
2755 2180 2965 2248 pondus
3000 2193 3016 2233 τ
3045 2187 3187 2235 tent-

1607 2272 1741 2327 pore
1767 2273 1897 2314 vero
1931 2260 2077 2330 pacis
2109 2272 2165 2318 et
2193 2262 2399 2334 quietis
2432 2279 2461 2318 a
2507 2268 2909 2333 certaminibus,
2942 2283 3041 2323 nos
3074 2277 3191 2323 tue·

1607 2360 1692 2405 tur
1722 2366 1752 2405 a
1793 2353 2072 2423 superbia,
2107 2362 2161 2409 et
2188 2355 2419 2411 sustinet
2461 2368 2536 2413 ne·
2572 2359 2849 2414 cadamus.
2880 2358 2947 2414 Et
2969 2360 3186 2429 quidem

1606 2452 1828 2515 propter
1876 2443 2297 2501 dissolutionem
2347 2455 2588 2503 nostram
2624 2457 2681 2503 et
2711 2448 3039 2504 oblivionem
3079 2463 3185 2517 qna

1603 2535 1847 2603 capimur
1873 2532 1996 2602 Dei,
2034 2536 2346 2593 humilitate
2379 2552 2597 2609 semper
2641 2538 2796 2594 nubis
2824 2552 2960 2608 opus
2982 2546 3087 2605 est,
3127 2548 3184 2591 ut

1604 2636 1788 2684 nostra
1810 2628 2028 2696 cognita
2053 2628 2371 2685 inilrmitate
2404 2643 2624 2700 operam
2652 2629 2940 2685 humilitati
2972 2629 3185 2695 demus,

1603 2726 1660 2774 et
1712 2720 2024 2791 superbiam
2057 2721 2380 2777 amoliamur
2406 2738 2435 2777 a
2467 2723 2648 2779 nobis.
2678 2720 2821 2778 Deus
2847 2736 3100 2792 namque,
3129 2732 3191 2777 at

1602 2811 1748 2867 omni
1802 2821 2046 2883 tempore
2084 2813 2347 2884 angustiis
2396 2829 2735 2884 premamur,
2784 2814 3012 2870 minime
3054 2816 3189 2882 vnit,

1603 2893 1701 2954 sed
1725 2914 1822 2955 sua
1852 2902 2127 2958 interdum
2164 2903 2364 2974 pietate
2397 2912 2453 2961 et
2483 2903 2773 2960 clementia
2804 2919 2903 2959 nos
2929 2905 3187 2975 protegit,

1603 3006 1927 3064 cessareque
1966 2991 2099 3051 tacit
2141 3009 2175 3051 a
2215 2993 2371 3053 nobis
2420 3004 2719 3053 certamina
2774 2996 3087 3070 passionum
3132 3000 3188 3045 ct

1601 3081 1941 3140 diabolorum
1975 3086 2376 3142 crudelitatem.
2413 3085 2471 3143 Si
2509 3089 2691 3158 itaque
2718 3096 2960 3158 tempore
2983 3099 3178 3161 puguae

1599 3184 1654 3229 et
1696 3174 2016 3230 certaminis
2060 3173 2128 3229 ad
2182 3175 2548 3232 humilitatem
2597 3178 2928 3233 recurrimus
2968 3191 3190 3250 propter

1598 3266 1838 3336 pericula
1891 3275 1948 3323 et
1985 3264 2370 3335 difficultatem
2415 3279 2659 3340 tempore
2680 3285 2810 3325 vero
2841 3271 3190 3343 tranquillita-

1600 3351 1671 3408 tis
1702 3361 1760 3408 et
1790 3352 2103 3408 securitatis
2126 3366 2156 3406 a
2188 3354 2583 3410 certaminibus
2616 3356 2782 3412 Deum
2814 3359 3189 3416 obliviscimur

1597 3452 1652 3500 et
1689 3442 1966 3499 efferimur
2014 3445 2265 3514 superbia
2302 3463 2316 3500 :
2347 3460 2498 3501 suam
2530 3448 2720 3516 procul
2765 3449 2930 3502 dubio
2955 3465 2986 3505 a
3017 3455 3175 3509 nohis

1597 3536 1884 3593 contrahet
1940 3517 2352 3606 protectionem,
2389 3544 2446 3592 et
2494 3536 2647 3591 ruina
2685 3552 2751 3593 ac
2801 3539 3181 3610 desperatione

1601 3629 1918 3699 peribimus.
1952 3625 2169 3685 Nullum
2206 3631 2372 3701 igitur
2402 3639 2613 3700 tempus
2663 3638 2768 3698 cst,
2817 3646 2924 3702 quo
2967 3633 3186 3688 humili-

1599 3729 1706 3777 tate
1739 3720 1897 3786 ‚nobis
1928 3736 2065 3792 opus
2105 3736 2209 3778 nun
2247 3722 2348 3790 sit;
2386 3724 2841 3793 quemadmodum
2872 3726 3020 3781 omni
3064 3726 3184 3783 loco

1597 3822 1651 3867 et
1686 3813 1937 3870 omnibus
1958 3814 2013 3868 in
2042 3814 2351 3871 actionibus
2380 3829 2442 3871 ea
2477 3815 2698 3872 omniuo
2730 3816 3051 3886 indigemus.

2192 3928 2567 4001 Interroqatio.

1673 4022 1902 4090 Quidam
1930 4024 2206 4080 seniorum
2252 4023 2544 4095 postulavit
2579 4038 2609 4079 a
2641 4024 2772 4092 Deo,
2804 4035 2860 4081 ut
2887 4025 2961 4082 illi
2996 4035 3179 4084 oston-

1596 4114 1749 4171 deret
1793 4131 1983 4172 omnes
2036 4115 2257 4174 Patres:
2309 4117 2399 4187 qui
2446 4128 2626 4173 autem
2671 4133 2766 4174 eos
2808 4134 2996 4175 omnes
3020 4121 3177 4188 vidit,

1597 4217 1794 4278 praeter
1840 4194 1906 4264 S.
1953 4207 2205 4264 abbatem
2238 4201 2571 4275 Antonium3
2614 4220 2671 4264 et
2717 4209 2857 4264 dixit
2912 4219 3041 4266 tunc
3084 4212 3177 4268 ille

1595 4301 1687 4373 qui
1732 4315 1828 4357 eos
1877 4301 1977 4372 ipsi
2008 4302 2363 4357 ostenderat:
2391 4297 2492 4355 vn·
2510 4309 2587 4356 est
2617 4300 2781 4368 Deus,
2810 4301 2883 4356 ibi
2907 4312 2981 4357 est
3010 4302 3173 4358 abbas

1595 4392 1878 4447 Antonius.
1915 4390 2197 4458 Quomodo
2229 4390 2364 4446 vidit
2392 4405 2582 4448 omnes
2634 4391 2846 4460 Patres,
2902 4401 2959 4449 et
3005 4408 3177 4465 qnare

191 4507 229 4554 :t
270 4497 418 4556 flevit
458 4501 684 4558 dicens:
725 4501 817 4558 Voe
849 4504 995 4558 nobis
1037 4505 1330 4572 monachis,
1365 4521 1496 4576 quo·
1524 4462 1570 4518 D
1599 4498 1706 4539 ‘¹⁰¹¹
1737 4483 1870 4539 Vidit
1900 4484 2151 4540 ²bb²¹0¹¹¹
2184 4481 2527 4539 3⁰¹⁰¹¹5⁰¹¹¹²

191 4607 396 4647 ssumtts
439 4595 680 4660 expediri
727 4603 775 4648 et
813 4596 1009 4649 salvari
1039 4598 1104 4648 ab
1138 4596 1375 4652 omnibus
1413 4595 1495 4652 Itis

191 4685 291 4738 *uin
313 4687 638 4755 capiantur?
663 4687 928 4742 Dixerunt
962 4687 1038 4742 illi
1067 4687 1240 4757 angeli
1271 4705 1285 4742 z
1312 4686 1500 4742 Humi-

191 4776 252 4831 tt’s
291 4779 532 4833 omnibus
571 4777 776 4844 solenh·
810 4788 858 4834 et
887 4779 976 4849 qui
1001 4779 1093 4834 illa
1117 4790 1195 4834 est
1219 4782 1492 4850 proedittts,

191 4869 307 4926 adet
339 4880 430 4925 ont
460 4870 857 4940 ilioquenbitur.
885 4871 957 4925 At
982 4887 1091 4926 uon
1122 4871 1235 4927 sola
1275 4872 1496 4928 humili-

191 4962 310 5018 erari
355 4964 640 5033 passiones
665 4973 720 5020 et
755 4964 1049 5033 daemones,
1080 4964 1370 5030 dixerunt;
1400 4980 1495 5021 ve·

238 5070 456 5126 quoqne
500 5070 667 5128 opera
697 5064 754 5112 et
781 5056 1078 5113 certamina
1106 5072 1210 5112 una
1245 5073 1366 5114 cum
1400 5059 1498 5114 ltu·

200 5146 573 5215 requiruntur.
617 5145 897 5217 Siquidem
949 5146 1224 5204 humilitas
1272 5150 1384 5205 sola
1426 5164 1492 5207 ac

191 5236 352 5293 ullius
379 5247 464 5293 est
484 5238 832 5294 emolumenti
857 5257 873 5307 ;
899 5254 1064 5310 opera
1090 5255 1218 5297 vero
1238 5241 1357 5298 siue
1388 5242 1490 5297 hu·

196 5329 312 5384 tihil
336 5338 601 5401 prosunt;
637 5338 764 5388 suut
791 5331 937 5387 enim
968 5333 1172 5402 absque
1218 5332 1328 5401 illa,
1361 5347 1489 5389 caro

199 5421 271 5477 ita
312 5429 367 5478 et
408 5437 514 5478 non
562 5422 698 5489 sale,
740 5422 982 5495 adeoque
1025 5421 1183 5480 facile
1240 5422 1490 5482 soetorem

216 5520 272 5568 et
304 5511 695 5584 corrumpitur.
733 5509 922 5585 ltaque
945 5526 1114 5584 opera
1146 5514 1484 5586 corporalia,

192 5729 194 5740 .
228 5687 536 5765 eunapii„

2236 4595 2542 4668 Responsio.

1674 4690 1768 4747 Vel
1803 4690 2044 4747 senioris
2083 4689 2391 4748 intellectus
2420 4691 2473 4746 in
2515 4691 2820 4761 paradisum
2852 4703 3037 4762 raptus
3069 4705 3172 4760 est,

1558 4780 1564 4785 '
1597 4789 1653 4836 ct
1691 4781 1760 4836 ihi
1794 4780 1927 4835 vidit
1952 4777 2186 4845 Patres3
2225 4779 2307 4834 vel
2345 4779 2445 4849 ipsi
2481 4777 2670 4835 Patres
2699 4790 2962 4836 venerunt.
3006 4783 3073 4837 ad
3105 4783 3171 4838 il-

1598 4873 1744 4940 lum;
1780 4872 1863 4926 vel
1898 4870 2119 4942 angelus
2154 4871 2395 4928 ostendit
2443 4871 2563 4926 illos
2614 4871 2713 4941 ipsi
2759 4873 3053 4927 secundum
3082 4890 3172 4929 or·

1601 4967 1755 5021 dines
1782 4965 2072 5021 visionum.
2105 4962 2222 5020 Non
2254 4974 2338 5019 est
2367 4972 2545 5019 autem
2582 4963 2731 5019 visus
2762 4965 2813 5018 ei
2860 4965 3026 5020 abbas
3055 4965 3171 5021 An·

1603 5057 1782 5113 tonius
1805 5056 2018 5112 duabus
2043 5052 2114 5110 de
2139 5055 2339 5119 causis,
2372 5062 2487 5109 tum
2509 5063 2728 5125 propter
2748 5056 3167 5125 magnitudinem

1601 5147 1824 5206 honoris
1857 5146 1917 5203 S.
1948 5147 2165 5206 abbatis
2190 5146 2435 5215 Antonii,
2459 5154 2572 5200 tum
2602 5154 2660 5201 ut
2684 5146 3060 5204 humiliaretur
3086 5163 3173 5204 se·

1601 5243 1723 5299 nior
1767 5240 1877 5304 ille,
1910 5249 1967 5297 et
2000 5255 2107 5296 non
2145 5237 2433 5296 efferretur
2473 5238 2747 5306 superbia,
2782 5239 2923 5309 qnod
2949 5239 3172 5296 vidisset.

1601 5346 1790 5389 omnes
1810 5330 2021 5387 Patres.
2050 5328 2188 5394 Nam
2224 5343 2287 5384 ea
2318 5328 2523 5384 visione
2555 5326 2777 5384 Pati-um
2809 5327 3070 5385 iustruxit
3109 5330 3172 5384 il·

1601 5424 1709 5479 lum
1741 5421 1898 5488 Deus,
1939 5430 1999 5475 ut
2024 5419 2169 5492 ipsos
2205 5418 2529 5485 imitaretur,
2558 5417 2676 5489 ejus
2702 5416 3007 5487 adimplens
3029 5418 3173 5489 peti·

1601 5517 1823 5574 tionem.
1849 5513 2005 5583 Quod
2040 5525 2169 5570 vero
2197 5524 2304 5570 nott
2333 5507 2595 5567 meruerit
2633 5505 2900 5564 visionem
2923 5503 3169 5576 Antonii,
