3725 6125
146 248 220 304 37
847 257 851 262 ·
1074 237 1481 297 manuario
1522 236 1593 295 m
1629 235 1986 298 esurienti
2023 238 2507 301 csnrtconuu.
3356 252 3432 308 3⁸

146 366 257 421 ἀπὸ
311 359 615 435 προσώπου
673 357 1004 430 Εὗπρεπείῦς
1067 358 1226 429 δόξης
1289 359 1490 414 αὺτοῦ·
1543 378 1562 411 Φ
1623 361 1722 432 τὴν
1763 361 2066 433 ὕπερδολὴν
2110 363 2211 433 τῆς
2249 362 2550 435 εὑτρρασίας
2585 345 2709 420 τῶν
2743 367 2835 422 τοῦ
2902 367 3037 425 Θεοῦ
3105 369 3297 445 λογίων
3337 376 3430 429 ὲκ-

146 460 553 531 emmonem<-

220 550 298 603 P.
328 547 427 601 Στ.
467 544 530 615 β’.
561 542 671 599 Καὶ
707 541 868 612 ὀσμὴ
889 541 1096 611 μύρων
1120 557 1238 597 σου
1267 541 1419 612 ὑπὲρ
1448 541 1645 596 πάντα
1668 541 1742 596 τὰ
1772 550 1816 606 Α
1919 536 2007 591 ltt.
2051 533 2217 591 Vens.
2256 536 2311 590 2.
2354 534 2420 591 Et
2448 538 2582 593 odor
2605 550 2986 611 unquentorum
3030 552 3240 601 tuorum
3279 564 3433 620 super

151 644 189 696 ἀ
249 642 457 709 optata.

190 660 329 795 ρ(Εἰς
375 727 704 801 προτροπὴν,
752 720 929 796 οἶμαι,
973 726 1074 795 τῆς
1122 724 1449 797 Ἐκκλησίας
1489 724 1551 778 τὸ
1589 724 1745 792 ἅγιον

165 821 385 892 Πνεῦμα
420 816 647 872 τοιαῦτα
682 815 914 887 μελῳδεῖ
951 813 1063 885 (46)
1096 813 1175 885 τῷ
1204 814 1395 885 Κυρίῳ
1421 829 1436 842 ·
1490 813 1554 867 ἵν’
1581 813 1745 884 ἡμεῖς

165 912 410 983 τοιαύτης
445 908 674 971 εὐωδίας
706 906 1042 976 αἰσθόμενοι,
1071 906 1168 975 τὴν
1192 906 1459 960 δυσωδίαν
1492 906 1602 959 τῶν
1643 923 1744 977 μυ-

167 1002 340 1076 σαρῶν
366 1000 784 1073 ἁμαρτημάτων
815 995 1242 1066 ἀποπτύσωμεν·
1283 995 1384 1068 τὴν
1425 996 1483 1049 δὲ
1517 995 1746 1048 εὐωδίαν

159 1096 249 1166 τῆς
273 1093 374 1148 τοῦ
417 1089 661 1164 Χριστοῦ
693 1087 1041 1157 δικαιοσύνης
1081 1088 1161 1150 εἰς
1200 1086 1427 1150 ἑαυτοὺς
1470 1086 1747 1155 ἀντλήσω-

155 1202 276 1256 μεν.
312 1203 331 1235 ι
379 1180 554 1251 Ὀσμὴ
613 1177 805 1250 μύρων
857 1193 971 1240 σου,
1014 1196 1034 1228 ι
1085 1174 1270 1246 φησιν,
1321 1193 1336 1226 ι
1379 1175 1518 1246 ὑπὲρ
1569 1173 1746 1227 πάντα

153 1275 444 1348 ἀρώματα.
486 1291 506 1325 ι
541 1270 619 1324 Τὸ
654 1268 847 1341 μύρον,
890 1266 1110 1336 ἀδελφοὶ
1153 1266 1289 1336 (47),
1326 1266 1420 1318 ἐπὶ
1461 1261 1747 1334 βασιλικῆς

156 1386 216 1423 τε
244 1368 339 1421 καὶ
360 1362 643 1438 ἱερατικῆς
667 1360 826 1425 ἀξίας
846 1358 1102 1430 τετάχθαι
1124 1359 1232 1413 ἀπὸ
1255 1357 1364 1411 τῶν
1390 1356 1563 1425 ἁγίων
1586 1355 1749 1427 ᾐσθή-

162 1461 304 1533 μεθα
331 1457 584 1531 Γραφῶν.
620 1456 736 1509 Οὐκ
767 1453 979 1525 ἄσημον
1019 1451 1127 1522 γὰρ
1160 1452 1288 1522 ὑμῖν
1320 1449 1464 1504 δοκῶ
1501 1452 1614 1513 τοῖς
1646 1466 1744 1501 πο-

158 1552 481 1625 λυμαθέσιν,
510 1550 595 1603 ὅτι
623 1549 674 1601 οἱ
702 1549 762 1601 ὲν
786 1549 905 1610 ταῖς
934 1546 1177 1615 Γραφαῖς
1212 1542 1452 1614 βασιλεῖς
1477 1540 1556 1611 τῷ
1582 1538 1748 1610 ἐλαίῳ

158 1647 257 1717 τῆς
297 1644 528 1716 χρίσεως
567 1638 871 1712 βασιλεύειν
896 1636 1238 1692 καθίσταντο.
1272 1635 1512 1688 Κάκεῖνο
1535 1631 1593 1685 δὲ
1619 1632 1749 1702 ὑμῖν

165 1736 401 1807 φανερὸν
430 1732 569 1788 εἱναι
618 1732 901 1802 βούλομαι,
932 1730 1014 1784 ὅτι
1043 1729 1207 1783 καιοὶ
1236 1727 1358 1781 τότε
1387 1728 1555 1801 ἱερεῖς
1591 1723 1752 1795 μύρῳ

174 1827 476 1899 χριόμενοι,
527 1821 588 1874 τί,
636 1819 927 1890 ἱερατεύειν
975 1816 1276 1889 ὲλάμδανον
1322 1814 1457 1886 (48).
1529 1810 1749 1884 Ἐπειδὴ

1849 630 2032 684 omnin
2061 636 2325 681 aromata.

1923 720 2003 774 Ad
2034 718 2447 782 cohortandam,
2485 727 2545 774 ut
2588 721 2803 791 opinor,
2846 723 3149 781 Ecclesiam
3195 726 3435 798 Spiritus

1851 822 2077 868 sanctus
2112 810 2236 864 talia
2270 812 2416 863 canit
2447 810 2704 879 Dnmino;
2742 824 2802 868 ut
2839 830 2937 870 nos
2960 816 3223 887 ejttsmodi
3258 821 3435 875 suavi·

1853 903 1980 958 tatis
2006 905 2173 958 odore
2214 902 2365 966 tacti,
2417 901 2749 971 impurorum
2811 904 3038 963 fetorem
3078 920 3430 979 peccatorum

1853 1011 2189 1059 aversemur,
2220 1004 2274 1049 et
2300 994 2597 1066 jucundum
2628 996 2854 1066 justitiae
2888 999 3087 1056 Christi
3118 1003 3342 1058 odorem
3378 1005 3432 1059 in

1853 1104 1954 1145 nos
1986 1088 2319 1143 hauriamus·
2344 1104 2363 1137 ι
2389 1084 2591 1151 Odor-‚t
2627 1089 2820 1160 inquit,
2856 1109 2874 1142 ι
2896 1103 3285 1163 unguentorum
3315 1106 3435 1150 tuo-

1854 1194 1972 1234 rum
2012 1192 2174 1247 super
2222 1176 2404 1232 omnia
2456 1177 2778 1233 aromata.'»
2837 1178 3210 1252 Unguentum,
3253 1184 3430 1241 dilecti

1856 1269 2075 1332 iratres,
2102 1269 2169 1322 ad
2202 1269 2407 1338 regiam
2439 1279 2494 1322 et
2521 1270 2913 1327 sacerdotalem
2939 1273 3249 1345 dignitatem
3278 1276 3435 1331 insti·

1855 1372 2028 1417 tutum
2056 1376 2176 1417 esse
2200 1376 2229 1415 a
2265 1362 2436 1415 sacris
2454 1361 2752 1430 Scriptnris
2781 1365 3061 1431 novimus;
3094 1366 3255 1436 idque
3283 1368 3435 1422 vobis

1854 1453 2183 1508 doctissimis
2221 1453 2353 1506 viris
2393 1453 2671 1523 cognitum
2707 1468 2829 1509 csse
2874 1457 3132 1523 arbitror,
3184 1458 3329 1527 qnod
3381 1459 3435 1513 in

1854 1546 2029 1602 sacris
2090 1545 2387 1615 Scriptus-is
2444 1560 2600 1614 reges
2650 1561 2746 1614 per
2806 1546 2984 1603 oleum
3041 1549 3316 1605 unction'is
3367 1551 3436 1604 ad

1859 1639 2189 1710 regnandum
2212 1637 2713 1692 constituebantur.
2746 1637 2877 1692 illud
2904 1639 3070 1694 etiam
3103 1655 3199 1694 vos
3226 1641 3437 1695 nescios

1855 1745 1981 1786 esse
2029 1729 2173 1795 nolo,
2210 1730 2350 1798 quod
2390 1729 2704 1784 sacerdotes
2754 1745 2970 1800 qnoque
3018 1740 3129 1784 tum
3180 1732 3437 1800 temporis

1857 1824 1977 1878 oleo
2004 1823 2252 1893 peruncti
2275 1822 2642 1877 sacerdotium
2678 1824 3068 1895 suscipiebam.
3105 1824 3239 1878 Cum
3272 1824 3436 1894 igitur

179 1917 359 1971 τοίνυν
389 1912 529 1967 κατὰ
581 1912 746 1982 νόμον
795 1909 944 1980 μύρῳ
985 1910 1225 1980 ἐχρίοντο
1282 1906 1511 1979 βασιλεῖς
1538 1921 1598 1958 τε
1641 1901 1752 1975 (49)
1786 1911 1829 1966 Β
1859 1914 1911 1968 in
1946 1915 2061 1985 lege
2106 1924 2217 1968 tum
2261 1928 2431 1985 reges,
2472 1922 2584 1967 tum
2629 1916 2939 1969 sacerdotes
2966 1924 3236 1985 inignento
3266 1930 3435 1986 unge·

181 2008 273 2063 καὶ
302 2008 487 2078 ἱερεῖς,
528 1999 801 2073 λαμπρῶς
835 1998 934 2070 ἠδη
980 1999 1076 2069 τὴν
1115 1997 1401 2069 περιὸολὴν
1446 1996 1545 2066 τῆς
1597 1992 1751 2063 βασι·

175 2101 325 2163 λείας
354 2097 466 2167 (50)
496 2096 593 2149 καὶ
634 2091 904 2163 ἱερατείας
931 2089 1023 2143 τοῦ
1056 2087 1388 2156 Μονογενοῦς
1419 2086 1688 2141 ἐκτίθεται
1713 2086 1748 2155 ἡ

174 2191 300 2245 θεία
330 2190 371 2242 Γ
377 2188 544 2261 ραφὴ,
577 2204 596 2239 ι
645 2183 820 2255 Ὀσμὴ
848 2180 1033 2253 μύρων
1066 2197 1182 2244 σου,
1217 2197 1237 2231 t
1270 2179 1517 2247 λέγουσα,
1558 2197 1576 2230 ι
1610 2177 1751 2250 ὑπὲρ

176 2286 354 2337 πάντα
384 2281 453 2333 τὰ
475 2275 747 2352 ἀρώματα
770 2293 789 2326 ι
823 2275 900 2338 ὡς
930 2274 1121 2327 εἰπεῖν·
1150 2271 1323 2342 Ὸσμὴ
1351 2270 1451 2342 τῆς
1472 2270 1570 2340 σῆς
1597 2270 1751 2341 βασι-

168 2374 320 2436 λείας
358 2373 452 2425 καὶ
496 2366 912 2443 ἀρχιερωσύνης
959 2364 1098 2436 ὑπὲρ
1136 2363 1316 2426 πάσας
1352 2363 1450 2426 τὰς
1478 2361 1753 2432 βασιλείας

168 2467 261 2521 καὶ
294 2461 702 2537 ἀρχιερατείας·
737 2457 916 2521 καθὼς
947 2454 1194 2526 ὀΔανιήλ
1213 2470 1395 2525 φησιν·
1433 2472 1451 2505 ι
1493 2454 1756 2525 Ἀναστή-

169 2574 250 2611 σει
281 2558 310 2610 ὁ
331 2555 464 2619 Θεὸς
489 2552 586 2607 τοῦ
621 2549 855 2622 ούρανοῦ
886 2547 1183 2620 βασιλείαν,
1215 2546 1336 2616 ἥτις
1364 2546 1616 2617 ὑπερέξει
1649 2544 1755 2599 πά-

171 2669 269 2715 σας
302 2650 400 2713 τὰς
431 2644 709 2718 βασιλείας
751 2642 855 2713 τῆς
889 2641 1015 2712 γῆς·
1046 2658 1065 2693 t
1101 2640 1214 2705 καὶ,
1257 2658 1276 2691 ι
1323 2640 1397 2692 Σὺ
1445 2638 1625 2712 ἱερεὺς
1673 2639 1754 2702 εἰς

171 2745 264 2799 τὸν
315 2741 490 2797 αἰῶνα
550 2737 694 2793 κατὰ
738 2736 835 2805 τὴν
881 2734 1038 2801 τάξιν
1095 2732 1450 2803 Μελχισεδὲκ,
1496 2750 1515 2783 ι
1563 2731 1751 2802 φησίν.

180 2857 200 2891 ι
245 2834 422 2906 Ὀσμὴ
454 2831 642 2905 μύρων
685 2846 829 2893 ooo.»
863 2827 1048 2897 φησὶν,
1086 2844 1103 2877 ι
1128 2825 1270 2896 ὑπὲρ
1306 2825 1484 2878 πάντα
1508 2823 1577 2877 τὰ
1608 2820 1754 2893 ἀρώ-

183 2947 348 3002 ματα.
388 2947 408 2981 »
449 2926 523 2980 Τὸ
562 2924 751 2997 μύρον,
793 2921 1011 2990 ἀδελφέ,
1043 2918 1162 2975 καθ’
1191 2918 1250 2972 ὃν
1285 2917 1450 2971 τόπον
1493 2916 1751 2988 ὑπάρχει,

178 3022 354 3076 ἐκεῖσε
392 3019 485 3074 καὶ
526 3018 625 3089 τὴν
659 3014 885 3070 εὑωδίαν
915 3011 1166 3085 παρέχει.
1205 3010 1440 3082 Χριστὸς
1484 3009 1542 3063 δὲ
1570 3008 1755 3063 τοίνυν

175 3117 231 3169 ἐν
262 3111 473 3185 οὐρανῷ
501 3112 597 3165 καὶ
623 3112 692 3181 γῇ
722 3109 815 3162 καὶ
840 3106 1083 3178 θαλάττῃ
1117 3104 1294 3159 πάντα
1327 3102 1616 3174 περιέχων,
1657 3101 1756 3171 τὴν

175 3205 488 3260 δεσποτείαν
515 3202 630 3273 (St)
663 3197 830 3254 αὑτοῦ
860 3199 954 3251 καὶ
987 3194 1261 3268 βασιλείαν
1291 3195 1468 3263 πάντη
1504 3192 1615 3263 (52)
1662 3190 1758 3246 καὶ

1859 2004 2076 2070 bantur,
2107 2004 2387 2073 perspicue
2416 2004 2528 2073 jam
2564 2017 2721 2059 sacra
2756 2005 3035 2075 Scriptura
3062 2015 3116 2061 ct
3147 2009 3345 2077 regiam
3382 2015 3437 2063 ct

1857 2094 2246 2149 sacerdotalem
2293 2095 2608 2163 dignitatem
2653 2097 2704 2150 in
2752 2095 3037 2167 Unigenito
3071 2099 3289 2165 exponit
3319 2113 3439 2156 esse

1862 2186 2227 2255 conjunctam.
2262 2203 2278 2238 ι
2308 2187 2455 2241 Odor
2498 2197 2890 2257 unguentorum
2926 2199 3159 2255 tuorum,
3188 2210 3207 2243 ι
3245 2192 3437 2260 inquit,

1866 2296 1887 2331 ι
1915 2294 2075 2347 super
2102 2280 2281 2334 omnia
2325 2288 2568 2333 aromata
2598 2294 2612 2333 :
2648 2298 2666 2331 ι
2701 2281 2856 2349 qnasi
2894 2280 3034 2336 dicat
3063 2300 3077 2336 :
3110 2282 3257 2337 Odor
3291 2282 3440 2351 regni

1858 2380 1913 2426 et
1942 2370 2231 2426 sacerdotii
2276 2372 2354 2425 tui
2389 2386 2553 2439 snper
2593 2374 2778 2428 omnia
2817 2386 2978 2443 regna
3012 2383 3064 2426 ct
3098 2376 3438 2441 sacerdotia;

1860 2463 2313 2533 quemadmodum
2352 2463 2426 2516 ait
2462 2461 2646 2517 Daniel
2679 2481 2694 2519 :
2743 2482 2761 2515 ι
2791 2464 3087 2518 Suscitabit
3122 2467 3262 2519 Deus
3310 2466 3436 2521 coeli

1861 2568 2085 2623 regnum
2125 2553 2268 2624 qnod
2294 2554 2568 2623 superabit
2592 2557 2772 2611 omnia
2803 2570 2963 2625 regna
2991 2562 3148 2610 terrae
3173 2556 3252 2623 ¹⁸;
3282 2575 3300 2608 ι
3334 2567 3385 2609 οι
3419 2575 3435 2611 ι

1867 2665 1884 2698 ι
1917 2644 1995 2699 Tu
2029 2646 2282 2700 sacerdos
2325 2646 2375 2698 in
2407 2655 2670 2700 :eternum
2705 2646 3000 2701 secundum
3030 2647 3272 2701 ordinem
3306 2646 3437 2700 Mc!-

1861 2738 2113 2794 cltisedee
2129 2737 2196 2790 ²⁹.
2212 2753 2333 2787 ι-ι
2358 2734 2503 2791 Odor
2526 2747 2916 2807 unguentorum
2940 2746 3206 2804 tuoruum
3246 2739 3439 2810 inquit,

1866 2847 1887 2882 ι
1916 2843 2077 2899 super
2106 2827 2288 2882 omnia
2336 2838 2597 2884 aromata.
2625 2848 2645 2882 ι
2679 2827 3016 2900 Unguentum
3036 2870 3052 2892 .
3114 2831 3299 2897 frater,
3335 2847 3443 2902 qno

1862 2916 1982 2971 loco
2009 2926 2115 2979 est,
2145 2915 2215 2969 ibi
2243 2930 2465 2971 suavem
2494 2916 2697 2987 praebet
2724 2920 2971 2975 odorem.
3024 2919 3300 2976 Christum
3343 2922 3445 2994 igi-

1866 3018 1954 3060 tur
1992 3006 2045 3060 in
2076 3004 2218 3061 coelo
2254 3013 2309 3059 et
2348 3006 2400 3061 in
2450 3016 2590 3063 terra
2621 3016 2673 3065 et
2706 3009 2759 3064 in
2807 3010 2942 3066 mari
2993 3012 3171 3066 omnia
3201 3014 3445 3084 comple-

1863 3108 2037 3165 ctens,
2087 3099 2513 3155 dominationem
2547 3084 2699 3157 suam
2746 3114 2801 3157 et
2835 3119 3059 3175 regnum
3103 3120 3444 3176 quoquover-

1864 3211 1984 3250 sum
2020 3204 2076 3250 et
2106 3195 2304 3264 ubique
2337 3197 2622 3253 suavitatis
2648 3199 2814 3252 odore
2860 3198 3115 3269 complet.
3167 3198 3438 3256 Luculen-

176 3297 450 3369 πανταχοῦ
483 3293 788 3359 εὑωδιάζει.
827 3289 1112 3362 Λαμπρῶς
1139 3289 1204 3360 δὴ
1231 3287 1324 3341 καὶ
1354 3284 1610 3349 ἐνταῦθα,
1659 3283 1754 3337 καὶ
1784 3273 1827 3331 C
1872 3299 1953 3343 ter
1970 3286 2083 3357 jam
2110 3296 2163 3343 et
2191 3286 2286 3350 ibi,
2318 3296 2371 3342 et
2398 3288 2686 3344 admodum
2730 3289 2878 3344 clare
2917 3289 3195 3361 Scriptura
3231 3291 3442 3347 divino-

176 3391 380 3462 σφόδρα
408 3385 721 3460 περιφανῶς
762 3385 795 3455 ὴ
821 3382 930 3436 τῶν
960 3381 1122 3435 θείων
1159 3379 1252 3434 καὶ
1281 3377 1617 3449 άποκρύφων
1651 3394 1754 3447 μυ-

176 3479 411 3551 στηρίων
465 3473 894 3547 ὲμπεφορημένη
940 3468 1153 3544 Γραφὴ,
1211 3469 1306 3523 καὶ
1347 3468 1405 3521 τὸ
1452 3468 1627 3537 ὄνομα
1659 3465 1755 3520 τοῦ

179 3571 414 3647 μεγάλου
436 3568 709 3630 Βασιλέως
729 3564 1091 3629 ἀναδείκνυσι,
1115 3561 1369 3631 λέγουσα·

247 3669 323 3718 Δ’.
359 3664 559 3729 Μὺρον
610 3655 941 3720 exues-moer
991 3652 1186 3725 ὄνομά
1247 3669 1385 3717 σου,
1428 3652 1527 3708 διὰ
1581 3653 1758 3709 τοῦτο

179 3752 463 3815 νεάνιδες
491 3745 821 3817 ὴγὰπησάν
847 3761 936 3812 σε,
960 3744 1258 3801 εἵλκυσάν
1283 3758 1359 3798 σε
1396 3745 1587 3799 ὀπίσω
1614 3758 1756 3799 σου.

271 3843 514 3911 Λέγουσα
564 3840 619 3894 δὲ
667 3840 699 3910 ἡ
752 3837 862 3893 θεία
900 3839 1110 3911 Γραφὴ,
1167 3857 1185 3890 ι
1227 3837 1412 3909 Μύρον
1457 3836 1758 3890 ὲκκενωθὲν

201 3935 363 4006 motti
383 3950 490 3998 σου,
524 3953 545 3986 ο
572 3931 799 4004 Χριστὸν
825 3932 987 3986 αὑτὸν
1020 3931 1365 4002 ἐπονομάζει.
1407 3929 1481 3983 Τὸ
1519 3929 1629 4000 γὰρ
1652 3928 1756 4000 μύ-

186 4044 280 4096 ρον
316 4022 704 4095 έκκενούμενον
743 4022 946 4094 δηλαδὴ
977 4024 1058 4086 εἰς
1091 4023 1270 4093 χρίσιν
1313 4021 1424 4088 (55)
1459 4022 1754 4092 προχωρεῖ.

183 4117 346 4172 Ὅθεν
371 4117 466 4171 καὶ
486 4116 546 4169 τὸ
569 4115 839 4188 ἱερατικὸν
867 4114 1039 4187 μύρον
1068 4113 1284 4182 λέγεται
1311 4111 1537 4183 χρίσμα.
1575 4111 1682 4164 Καὶ
1708 4111 1758 4164 οἱ

180 4208 448 4280 πρότερον
485 4205 725 4277 βασιλεῖς
767 4206 844 4277 τῷ
895 4206 1053 4276 μύρῳ
1094 4204 1408 4277 χριόμενοι,
1455 4200 1759 4271 βασιλεύειν

182 4297 527 4352 καθίσταντο.
574 4298 738 4350 Ὅταν
784 4293 877 4351 οὖν
925 4295 1104 4365 λέγει,
1157 4314 1176 4347 ι
1225 4295 1412 4365 Μύρον
1459 4292 1759 4348 ὲκκενωθὲν

181 4389 353 4459 δνομά
395 4406 510 4454 σου,
550 4409 570 4443 t
615 4388 707 4442 δύο
752 4389 1116 4458 ὑποσημαίνει
1164 4388 1400 4458 τρόπους
1432 4386 1566 4456 (54).
1605 4382 1759 4438 Καθ-

185 4480 328 4550 άπερ
353 4480 462 4550 γὰρ
487 4479 597 4544 (55)
625 4477 796 4550 μύρον
829 4478 1128 4532 ὲκκενωθὲν
1165 4476 1313 4531 οἷκον
1345 4475 1642 4541 εὑωδιάζει·
1667 4472 1760 4527 οὑ·

180 4588 262 4623 τω
280 4569 376 4624 τοὺ
403 4571 610 4643 Κυρίου
640 4571 796 4640 ἡμῶν
837 4570 1014 4643 Ἰησοῦ
1040 4569 1277 4642 Χριστοῦ
1309 4568 1404 4622 ὲπὶ
1430 4567 1535 4639 γῆς
1561 4565 1760 4622 κατελ-

1864 3396 1984 3435 rum
2021 3389 2076 3436 et
2108 3380 2391 3436 latentium
2432 3381 2587 3454 plena
2626 3383 3025 3454 mysteriorum,
3058 3385 3223 3438 etiam
3261 3384 3443 3456 magni

1864 3472 2027 3545 Regis
2049 3489 2245 3532 nomen
2278 3474 2483 3531 indicat
2504 3475 2687 3531 dicens
2719 3492 2734 3529 ε

1934 3655 2023 3712 W.
2060 3655 2392 3729 Unguentum
2419 3659 2644 3729 effusum
2672 3675 2857 3713 nonten
2908 3666 3077 3723 tuum,
3117 3658 3234 3715 ideo
3260 3657 3441 3716 adole·

1862 3748 2110 3804 scentuloe
2150 3750 2447 3804 dilexerunt
2488 3763 2556 3814 ee,
2593 3760 2641 3803 et
2669 3759 2942 3804 traxerunt
2981 3759 3029 3804 te
3067 3762 3181 3814 pou
3209 3761 3277 3806 te.

1938 3843 2071 3896 Dum
2091 3840 2221 3895 dicit
2248 3838 2523 3909 Scriptura
2554 3840 2753 3903 divina,
2795 3857 2813 3890 ι
2848 3841 3184 3908 Unguentum
3211 3841 3440 3899 effusum

1864 3948 2058 3988 nomen
2091 3942 2265 3997 tuum,
2297 3950 2317 3985 ι
2357 3932 2528 4004 ipsum
2557 3929 2831 3986 Christum
2874 3930 3135 3986 nominat.
3181 3930 3439 4004 Unguen-

1869 4033 1979 4077 tum
2029 4023 2174 4079 enim
2213 4021 2440 4079 eflusum
2485 4023 2552 4076 ad
2599 4022 2906 4077 unctionem
2951 4021 3160 4077 scilicet
3206 4023 3438 4094 prolicit.

1870 4113 2021 4169 Unde
2048 4123 2103 4167 et
2136 4114 2470 4170 sacerdotale
2497 4124 2829 4184 unguentum
2862 4116 3061 4170 dicitur
3087 4117 3342 4173 chrisma.
3377 4117 3443 4174 m

1864 4216 2076 4264 veteres
2102 4221 2254 4278 reges
2281 4217 2552 4277 unguento
2585 4208 2825 4276 peruncti
2856 4222 3010 4278 reges
3037 4209 3441 4263 emistitueban·

1868 4307 1975 4354 tur.
2023 4299 2159 4354 Cum
2205 4299 2370 4369 igitur
2418 4300 2549 4354 dicit
2581 4316 2596 4354 t
2631 4317 2652 4351 ‹
2683 4299 3025 4371 Unguentum
3068 4299 3293 4354 effusum
3337 4315 3440 4355 no-

1867 4398 1987 4439 men
2022 4394 2196 4448 tuum,
2222 4403 2243 4437 ι
2280 4388 2418 4441 duos
2443 4395 2628 4455 tropos
2661 4387 2883 4442 indicat.
2913 4387 2982 4444 Ut
3014 4389 3159 4443 enim
3197 4403 3441 4459 unguen·

1867 4486 1980 4530 tum
2044 4473 2273 4529 effusum
2336 4476 2552 4530 domum
2616 4478 2767 4532 suavi
2827 4478 3057 4547 complet
3100 4479 3265 4533 odore
3307 4496 3320 4533 :
3361 4480 3441 4535 sic

1867 4576 2150 4636 postquam
2183 4567 2440 4622 Dominus
2471 4576 2653 4622 noster
2681 4567 2838 4623 «lesus
2871 4568 3120 4623 Christus
3147 4569 3198 4621 in
3238 4579 3436 4624 terram

185 4661 388 4726 θόντος,
418 4661 630 4730 καὶτῆς
652 4661 902 4731 οὐρανίου
935 4662 1220 4732 δυνάμεως
1249 4661 1340 4714 ἐπὶ
1368 4662 1497 4726 τῶς
1526 4659 1759 4716 ἀποστό-
1791 4660 1837 4719 D
1866 4657 2160 4725 descendit,
2186 4669 2239 4714 et
2269 4659 2505 4715 coelestis
2538 4659 2711 4715 virtus
2757 4676 2921 4730 super
2952 4660 3222 4731 apostolos
3272 4660 3439 4717 «nasa

253 4818 302 4849 ²⁸
359 4818 488 4872 Dan.
541 4835 600 4884 ιι,
646 4819 744 4883 έὶ;
784 4836 880 4888 vn,
924 4820 1014 4876 23.
1095 4821 1139 4852 '⁹
1181 4819 1322 4874 Psal.
1378 4834 1469 4884 cx,
1524 4835 1578 4871 e.

256 4974 366 5049 (to)
405 4977 497 5031 Sic
542 4979 878 5033 emendanda
925 4994 1024 5035 vox
1070 4976 1319 5050 μελῳδῇ,
1363 4994 1522 5049 qnam
1558 4979 1756 5034 liabent

182 5060 335 5101 mens
360 5056 416 5102 et
448 5046 613 5102 Bari».

252 5115 365 5188 (47)
408 5116 701 5186 Ἀδελφοί,
735 5120 946 5190 reposui
997 5121 1064 5175 ad
1117 5120 1439 5190 implendam
1507 5120 1756 5174 lacunam

177 5186 286 5240 mei
317 5187 441 5242 cod.
467 5199 522 5241 et
556 5188 780 5242 barber.
812 5205 877 5245 ex
912 5193 1078 5246 veteri
1126 5193 1442 5261 interprete,
1473 5192 1562 5259 qui
1596 5188 1760 5244 habet

181 5273 204 5309 ι
233 5255 456 5313 Fratres
478 5257 804 5314 citatissimi.
829 5278 849 5312 ι

252 5327 366 5445 lm)
401 5327 564 5382 Bari».
613 5327 971 5399 ἑλλάμὸανον,
1042 5333 1093 5386 ui
1138 5347 1282 5402 saepe
1327 5329 1563 5387 occurrit
1611 5326 1663 5382 in
1692 5341 1760 5383 eo

177 5409 262 5451 cn·
288 5435 304 5449 .
333 5410 488 5452 error
514 5399 824 5467 duplicandi
864 5402 993 5470 liqui
1036 5417 1117 5467 as,
1147 5415 1206 5457 ut
1238 5405 1291 5455 in
1315 5404 1436 5456 cod.
1476 5400 1598 5455 vat.
1623 5397 1757 5454 edit.

176 5462 352 5528 Lxx,
385 5469 522 5522 unde
553 5478 774 5538 apparet
805 5484 925 5541 qnae
950 5481 1060 5526 tum
1090 5472 1246 5528 suerit
1273 5470 1657 5542 pronuntiatio.

250 5535 368 5605 (⁴9)
395 5534 567 5592 Abest
587 5556 617 5592 a
647 5539 870 5596 Barber.
903 5556 1005 5596 vox
1031 5558 1112 5598 τε.

249 5605 366 5676 (50)
402 5605 537 5673 Quae
571 5608 896 5679 interjacent
930 5612 1071 5666 inter
1115 5611 1253 5667 duas
1289 5624 1449 5666 voces
1481 5608 1762 5680 βασιλείας

179 5685 235 5732 et
268 5676 658 5749 ἁρχιερατείας
686 5683 884 5735 desunt
919 5682 973 5735 in
1000 5681 1158 5739 Barb.
1189 5693 1245 5739 et
1284 5685 1336 5736 in
1369 5695 1490 5736 meo
1529 5684 1648 5736 cod.
1685 5680 1759 5734 Ea

1861 4993 1925 5033 ex
1958 4977 2306 5034 vallicellano
2329 4982 2625 5048 destunpsi.

1956 5050 2047 5118 5¹)
2076 5049 2296 5103 liat-lter.
2333 5051 2644 5110 δεσποτίαν.

1903 5119 2046 5243 &tim
2074 5119 2265 5184 Παντί,
2306 5127 2447 5190 quod
2480 5124 2675 5178 liabent
2703 5129 2892 5178 omnes
2917 5121 3100 5186 codd..
3134 5123 3337 5179 mutavi
3384 5124 3438 5181 in

1860 5208 1903 5244 π
1934 5207 2055 5330 ἴὲἒ)
2076 5259 2286 5331 Χρῆσιν
2319 5260 2371 5314 in
2402 5259 2624 5317 Barber.
2650 5270 2705 5318 et
2731 5278 2871 5327 meo,
2900 5262 3103 5317 mutavi
3140 5263 3195 5318 in
3232 5264 3437 5335 χρίσιν.

1863 5330 2001 5385 Male
2029 5341 2179 5385 vetus
2218 5340 2505 5400 tttterpreS,
2534 5332 2799 5387 Christum
2827 5351 2965 5390 eum.
3005 5335 3059 5388 id
3091 5345 3164 5388 est
3196 5347 3435 5399 unctum,

1861 5403 2164 5484 denominat
2196 5417 2214 5455 .·
2240 5413 2560 5540 tnltsqttentunt
2616 5404 2756 5457 enim
2808 5404 3031 5473 effusum
3081 5404 3338 5475 siqnificnt
3364 5404 3437 5456 nd

1862 5481 2155 5524 unctionem
2191 5488 2285 5538 pro
2329 5489 2459 5527 cere.

1933 5540 2213 5621 (54)ρυοι
2250 5552 2446 5620 tropos.
2477 5542 2531 5596 id
2575 5553 2658 5596 est
2706 5543 2841 5600 duos
2886 5544 3200 5616 allegoricos
3225 5554 3432 5597 sensas.

1851 5611 2033 5666 ‘Vetus
2065 5621 2262 5680 interp.
2285 5621 2445 5664 vertit
2477 5629 2496 5661 ι
2520 5613 2654 5666 duos
2686 5619 2891 5670 modos.
2919 5634 2937 5666 ι

1934 5681 2047 5744 (55)
2080 5681 2245 5737 codd.
2287 5680 2484 5736 nahem
2516 5682 2611 5738 καὶ
2646 5682 2768 5740 (lav.
